1942 3284
126 124 173 185 tud
287 138 476 183 cursuscursus
483 128 495 192 ,¹
507 137 600 188 oum.
616 140 659 190 xr,
675 138 734 179 nr.
750 114 768 179 i.
950 183 951 186 Ἴ

155 223 281 281 Pretcrca,
292 232 333 285 per
345 217 528 271 satisfactionem
542 220 633 282 oportet
647 217 738 281 morati
753 217 839 269 ruinas
852 218 927 270 anari

124 290 236 359 perfecte.
252 290 297 343 Sed
309 308 323 339 u
336 293 484 355 peccatorum
497 286 619 340 medicinas
631 290 687 338 sunt
699 301 778 351 poenae
786 328 795 352 ,
804 306 820 337 r
831 293 861 339 ut
872 290 927 340 Phi·

122 364 232 428 losophus
250 362 304 413 dicit
317 361 342 411 iu
356 361 387 413 11.
407 362 495 413 isthic.
512 360 581 426 (cap.
600 364 625 423 2,
639 360 678 410 rel
699 360 746 425 t).
765 362 827 426 &po
841 366 929 428 opum

123 434 185 500 prod
198 446 240 499 par
254 431 352 497 poeualia
363 430 488 485 satisfactio
504 430 554 481 liat.

159 503 318 572 (Concuusro.
327 531 359 542 -
369 502 509 566 Satisfactio',
521 502 569 555 sive
579 502 692 554 referatur
700 502 732 553 ad
744 504 891 568 proterium
902 504 929 557 cf·

126 578 228 640 fessam,
238 576 287 629 siue
302 575 331 627 ad
341 576 440 627 futuram
449 576 600 641 culparuper
610 573 798 641 pumlaoperr
812 576 867 628 deri
879 591 931 631 asse
951 647 953 710 ἱ

127 649 193 700 citur.

133 724 137 731 “
155 646 292 783 Resisoudeo
307 716 445 781 dicendum,
459 716 519 781 quod
530 715 654 769 satisfactio
664 755 671 780 ‚
684 721 711 767 ut
720 717 815 769 dictum
830 722 882 784 est,
894 734 933 771 ras·

126 792 217 855 pectam
229 788 334 841 habetet
349 787 378 839 ad
389 788 528 853 preteritum
541 787 666 851 offensam,
675 800 720 853 pro
733 802 785 853 qua
802 803 935 857 recompen-

126 860 184 912 satio
202 860 227 910 fit
245 873 286 926 per
300 859 496 922 satisfactionem,
510 864 534 911 ct
551 859 661 912 etiamad
677 860 786 911 futuram
800 862 933 929 cnlpam‚l

126 942 221 997 quaper
230 944 281 983 eam
295 944 470 999 preservande
482 930 624 997 etquantirn
641 930 830 998 adutrumque,
843 934 934 997 exigito

126 1002 187 1067 qudd
206 1003 331 1055 satisfactio
345 1016 385 1067 per
399 1016 467 1067 opera
480 1002 582 1067 poeuaha
600 1001 648 1053 dat.
665 1002 871 1069 Recompensatio
884 1004 933 1057 enin

127 1073 222 1127 offense
234 1075 343 1141 importat
359 1074 553 1139 adaquatiouem,
569 1087 637 1139 quam
655 1078 749 1137 oportet
763 1088 822 1127 esse
840 1078 934 1143 ejusd&

127 1146 223 1198 offendit
234 1147 262 1197 ad
273 1158 326 1198 eum
341 1145 366 1196 iu
379 1144 546 1210 quemodensa
557 1145 678 1199 commissa
689 1147 740 1208 est;
752 1147 894 1212 adequatis
904 1162 936 1199 ar·

125 1220 173 1269 tem
186 1218 211 1267 iu
223 1217 322 1269 humana
333 1215 425 1283 justitia
446 1217 570 1268 attenditur
588 1230 629 1281 per
644 1215 839 1270 subtractionem
855 1222 886 1272 als
900 1232 935 1271 uns

126 1288 166 1353 qui
178 1290 230 1353 plus
243 1289 313 1339 hahet
321 1288 398 1353 justo,
408 1292 432 1339 et
440 1288 580 1339 additionem
587 1288 616 1338 ad
627 1287 737 1349 durum,
749 1289 938 1343 cuisuhtrnctsn

127 1362 162 1410 est
174 1358 268 1423 aliquid.
288 1359 397 1419 Quamuis
410 1364 488 1410 summ
504 1360 565 1422 heo,
577 1357 689 1424 quantiam
701 1364 742 1409 est
754 1372 791 1411 ex
803 1362 863 1427 ejus
873 1367 937 1429 parte.

126 1428 185 1495 nihil
194 1430 296 1481 subtrahi
304 1430 389 1495 possit,
400 1435 478 1482 umen
487 1434 603 1495 peccator,
610 1430 726 1495 quantrlm
737 1429 765 1481 in
776 1432 836 1498 ipso
851 1442 898 1497 est,
906 1434 937 1484 al's

126 1500 183 1567 quiid
195 1502 217 1553 ei
227 1501 340 1554 subtraxit
352 1504 469 1569 peccando
484 1503 528 1569 (ut
546 1503 632 1554 dictum
647 1500 712 1567 est).
728 1503 802 1557 liudo
813 1504 939 1573 oportetal

127 1574 187 1639 hoc,
204 1572 263 1641 qudd
286 1573 468 1639 recompensatio
490 1574 545 1637 ilat,
560 1572 622 1638 quod
641 1572 730 1637 ahquid
753 1576 937 1631 subtrahaturl

126 1649 235 1711 peccante
249 1660 290 1715 per
303 1646 495 1710 satisfactionem,
505 1644 567 1709 quod
577 1644 721 1696 inhonorem
731 1646 779 1697 liei
791 1650 878 1703 cedm-
888 1653 937 1716 0pm

128 1720 204 1767 antem
213 1716 299 1768 honum
308 1730 338 1768 er
343 1718 396 1783 hoc,
404 1716 466 1782 qudd
474 1721 510 1768 cst
518 1714 660 1781 hujusmodi,
669 1728 716 1766 uon
726 1717 860 1772 subtrahit
867 1721 939 1787 atiquil

129 1787 158 1837 ab
171 1793 295 1853 operante,
310 1788 353 1841 scd
370 1786 442 1851 magis
459 1786 549 1853 perlicit
565 1786 651 1852 ipsum.
662 1786 730 1838 llude
747 1790 890 1847 subtractio
904 1805 938 1845 nrt

129 1860 207 1921 potest
219 1858 268 1910 fieri
281 1858 500 1927 peroportunam,
513 1857 558 1909 nisi
572 1858 662 1923 poeuale
676 1858 707 1909 sit
722 1872 730 1908 :
746 1864 772 1911 et
788 1862 855 1916 ideo
870 1866 940 1917 adhoc

129 1928 191 1992 quod
200 1928 290 1993 aliquod
301 1944 359 1995 opus
373 1930 404 1981 sit
415 1928 606 1993 satisfactorium,
621 1934 712 1995 oportet
725 1932 795 1995 quod
806 1936 843 1986 sit
855 1938 940 1997 burun,

129 2001 156 2048 ut
168 1998 193 2047 in
206 2001 316 2051 honorem
330 2000 371 2052 ltei
384 2000 422 2063 sit,
437 2004 461 2053 et
473 2000 579 2066 poeuale,
591 2002 618 2051 ut
629 2014 671 2066 per
687 2003 735 2053 hoc
749 2004 851 2071 aliquid
870 2021 940 2075 perra

128 2068 173 2120 tori
188 2070 340 2121 subtrahatur.
355 2068 463 2123 Similiter
475 2072 546 2125 etiam
562 2082 632 2137 puna
644 2071 659 2123 d
672 2072 740 2139 culpa
752 2072 844 2130 futura
857 2094 941 2146 pruses

129 2144 186 2205 rat,
200 2141 315 2204 quianon
330 2142 396 2195 facili
415 2145 483 2197 homo
497 2145 524 2195 ad
539 2146 634 2209 peccata
650 2144 724 2208 redit,
738 2159 772 2197 ex
786 2162 843 2215 quo
858 2164 940 2218 poenan

128 2215 235 2276 expertus
245 2217 289 2265 est.
300 2214 365 2267 Unde
376 2216 501 2267 secuudum
507 2216 672 2281 Philosophum
680 2219 714 2279 (ut
722 2218 813 2285 supra)
825 2238 834 2270 r
848 2241 865 2275 s
875 2226 940 2277 Pam

130 2282 249 2335 medicinae
263 2289 326 2336 suut.
345 2302 359 2333 s

161 2354 305 2421 ltprimum
317 2370 372 2423 ergo
383 2358 519 2423 dicendum,
532 2358 594 2424 quhd
608 2358 713 2425 quarm
722 2360 790 2414 Deus
805 2378 863 2419 non
877 2370 939 2421 dees·

127 2428 189 2477 tetur
200 2426 224 2476 in
237 2428 327 2492 poenis,
337 2433 362 2479 ut
372 2433 425 2480 suut
434 2443 519 2496 poeuae,
530 2430 654 2483 delectatur
664 2436 743 2483 umen
754 2433 784 2486 iu
795 2438 850 2504 eis,
860 2447 889 2492 ut
897 2442 939 2495 suut

125 2496 212 2561 juste3
226 2498 251 2547 et
266 2496 300 2548 sic
312 2498 471 2552 satisfactoria
485 2515 536 2553 esse
550 2505 656 2566 possunt.

158 2570 192 2619 td
208 2568 332 2620 secundum
351 2571 565 2638 dicendum,un
585 2575 646 2627 siout
657 2573 682 2625 in
697 2574 873 2634 satisfactione
894 2597 938 2638 coc-

126 2638 238 2690 sideratcr
255 2638 387 2704 poenalitas,
406 2644 439 2693 ita
453 2647 476 2695 et
489 2645 515 2693 in
527 2644 609 2697 merito
629 2646 789 2699 consideratur
801 2653 938 2709 difficultas.

125 2708 251 2759 liiminutio
266 2714 342 2761 autem
362 2713 516 2777 difficultatis,
528 2729 580 2779 que
594 2720 631 2769 est
644 2730 673 2768 eu
688 2723 753 2782 parto
766 2721 852 2789 ipsius
869 2731 938 2790 acras,

126 2774 234 2829 dmiuufs
252 2778 358 2844 (ueiens
375 2782 486 2849 parthus)
502 2784 619 2837 meritum.
637 2784 685 2839 Sed
696 2787 826 2844 diminutio
841 2796 938 2851 diffical-

125 2845 182 2895 tatis
199 2862 250 2911 que
265 2852 300 2900 est
312 2860 341 2901 ea
356 2849 684 2922 promptitudinc'soiuntatis‚
696 2872 744 2911 non
754 2860 875 2920 diminuit
892 2885 938 2924 ms·

68 3156 202 3225 A
