1942 3284
50 150 87 186 nn
105 150 250 188 umnam.
267 150 293 187 nr
308 150 356 188 nec
373 150 476 189 sumn.
492 152 676 191 tccramrrnus.
726 144 770 193 dtr

3 224 29 273 ¹d
45 229 139 276 centra
148 230 196 287 est,
207 228 266 290 qued
279 227 400 291 Gregorius
411 227 466 278 dicit
476 229 502 278 in
511 228 625 279 Humilia
635 230 754 281 Paschulc'
762 248 769 281 :

2 296 87 348 recies
108 299 286 349 sacramentales
304 302 358 349 sunt
376 298 464 349 illarum
482 312 556 350 rerum
574 301 702 364 vocabula,
719 316 770 366 qua

16 368 139 428 luerunt,
152 388 167 418 n
178 370 263 421 scilicet
272 370 339 435 panis
349 375 372 421 et
382 370 439 433 rini;
449 375 474 422 et
485 371 526 433 ita,
537 372 588 422 cdm
599 387 645 424 non
654 380 773 425 remaneat

19 440 89 491 ntia
104 442 289 505 paciscimini,
308 442 398 492 videtur
408 442 470 505 qudd
483 443 616 507 hujusmodi
633 446 721 509 species
734 460 770 496 re-

2 516 66 561 eant
82 513 141 563 sine
156 514 267 578 subjectu.

24 598 166 636 munusue.
176 587 346 635 -Remanent
362 584 487 635 accidentia
503 587 569 649 panis
586 587 670 637 etvini
687 588 712 638 in
733 602 770 639 sa·

0 660 99 719 uentu,
115 672 161 709 uon
175 660 201 707 in
216 657 292 720 aliquo
307 658 409 722 subjecte
425 658 559 721 existentia3
573 659 614 710 sed
632 658 680 709 soll
694 659 771 711 divini

0 730 40 778 te
53 730 116 779 sine
131 728 235 792 subjectu
248 728 370 791 existunt.)

4 802 135 862 spondeo
153 800 286 860 dicendum,
299 800 362 863 qued
380 800 507 851 accidentia
524 800 703 865 perieulum,
720 817 770 866 qum

2 884 21 919 u
38 872 252 935 deprehenduntur
264 871 289 921 in
303 873 347 922 huc
357 875 497 922 sacramento
513 884 632 923 remanere
648 878 700 935 post
715 887 770 925 cuu-

0 942 132 1005 tionem,
148 956 194 992 neu
208 948 276 1002 suut,
286 942 344 993 sicut
356 944 381 993 in
394 944 512 1007 subjecto,
526 942 551 994 in
565 944 690 994 substantie
704 946 771 1008 panis

4 1014 57 1077 ini,
72 1028 127 1077 que
138 1026 184 1065 ucn
195 1019 286 1077 manet,
295 1018 320 1063 ut
329 1014 396 1079 supra
406 1016 508 1065 habitum
523 1020 558 1072 est
568 1016 617 1079 (qu.
629 1020 669 1075 tlt,
678 1021 722 1066 art.
735 1016 768 1079 c);

3 1099 31 1135 =e
44 1087 122 1137 etiam
138 1087 162 1135 in
178 1086 251 1136 forma
265 1086 421 1149 substantiali,
434 1101 485 1150 quae
500 1100 546 1137 nun
559 1091 648 1148 manet,
662 1091 685 1137 et
698 1088 719 1137 si
730 1102 770 1141 re-

7 1163 82 1222 erct,
99 1160 227 1223 subjectum
243 1171 294 1209 csse
308 1162 459 1222 enupsisset,
479 1162 506 1208 ut
521 1161 585 1223 patet
597 1172 638 1222 per
652 1159 768 1220 Rodium,

16 1229 63 1279 De
81 1230 176 1279 Trinit.
191 1230 338 1280 Manifestum
353 1234 388 1279 est
406 1230 474 1280 etiam
489 1230 550 1293 qudd
564 1230 696 1295 hujusmodi
709 1231 769 1280 acci·

12 1300 38 1350 ia
60 1315 108 1352 nun
126 1306 180 1352 sunt
199 1302 225 1351 iu
243 1300 367 1351 substantia
385 1302 490 1365 corporis
508 1306 532 1351 et
553 1302 672 1365 sanguinis
684 1303 771 1352 Christi

4 1375 17 1420 t
31 1372 61 1422 in
74 1373 189 1436 subjecto,
204 1373 258 1435 quia
272 1373 398 1423 substantia
408 1373 503 1423 humani
515 1374 617 1438 corporis
631 1373 693 1424 nulle
704 1373 769 1424 modo

3 1447 39 1493 ·:t
52 1446 91 1494 liis
104 1444 260 1494 accidentibus
273 1444 346 1507 allici3
362 1457 435 1507 neque
449 1445 519 1494 etiam
534 1449 571 1495 est
586 1443 695 1509 prussiblle
709 1443 769 1507 qued

4 1530 48 1566 rus
66 1515 160 1575 Christi,
171 1514 293 1575 gloriosum
306 1517 329 1564 et
342 1514 481 1578 impassibile
498 1516 612 1576 existens,
624 1516 732 1565 alteretur
743 1517 768 1565 ad

15 1588 125 1651 ipiendas
138 1585 272 1650 hujusmodi
284 1586 414 1649 qualitates.

0 1658 80 1709 licunt
98 1664 176 1709 autem
199 1658 302 1721 qnidam,
320 1658 380 1722 qudd
398 1662 466 1722 sunt,
484 1658 544 1708 sicut
564 1658 589 1708 iu
606 1658 724 1722 subjecto,
743 1658 768 1707 iu

5 1750 9 1758 ·
34 1732 214 1792 circumstante3
228 1730 269 1780 sed
287 1743 329 1780 nec
344 1731 389 1779 hoc
402 1742 453 1779 esse
465 1732 543 1792 potest
555 1745 561 1779 :
575 1727 652 1780 Primi
667 1730 769 1791 quidem,

3 1815 17 1850 a
30 1816 72 1852 aer
81 1815 128 1868 pun
139 1805 175 1851 est
186 1801 317 1865 hujusmodi
325 1801 476 1851 accidentium
485 1800 640 1865 susceptivus.
649 1800 769 1861 Secunde,

6 1906 9 1916 ·
28 1872 161 1939 hujusmodi
171 1872 295 1922 accidentia
313 1886 360 1923 nen
374 1876 428 1922 sunt
440 1872 481 1923 ubi
496 1876 531 1923 est
546 1886 593 1934 aer,
606 1872 661 1936 quin
678 1871 724 1923 ime
739 1873 767 1923 ed

12 1959 53 1994 um
68 1946 151 1994 harum
171 1944 298 2007 specierum
317 1957 356 1995 aer
379 1944 507 2008 depellitur.
525 1944 615 2006 Tertid,
630 1943 683 2006 quia
706 1944 769 1993 aeci-

0 2016 44 2065 tia
53 2029 101 2066 nun
113 2020 232 2067 transeunt
243 2016 271 2065 de
279 2016 382 2079 subjectu
394 2016 419 2066 in
427 2016 566 2081 subjectum,
575 2020 601 2067 ut
612 2016 698 2067 scilicet
709 2014 768 2065 idem

3 2088 71 2137 idens
86 2099 183 2137 numeru
193 2088 253 2149 qued
261 2086 335 2151 primd
348 2088 393 2137 fuit
403 2088 427 2138 iu
437 2101 483 2138 une
494 2088 606 2152 subjecto,
620 2084 767 2151 postmodum

19 2158 43 2208 in
53 2159 113 2222 ali0;
126 2158 232 2210 accidens
243 2158 305 2209 enim
321 2172 441 2209 numerum
454 2158 539 2223 accipit
552 2159 565 2209 a
577 2158 678 2222 sulu'ectc
689 2174 695 2207 :
707 2158 768 2208 uude

23 2234 100 2295 potest
113 2242 165 2280 esse
177 2229 237 2294 qued
251 2230 311 2281 idem
323 2244 416 2281 numero
434 2243 530 2280 manens
544 2230 574 2280 sit
591 2229 728 2294 mundoque
742 2228 767 2279 iu

14 2303 176 2366 ‚quandoque
192 2301 218 2351 in
230 2302 270 2352 illc
287 2302 400 2366 subjectu.
415 2300 514 2362 ouante,
530 2301 582 2365 quia
603 2300 655 2350 cum
670 2313 709 2350 aer
725 2310 770 2349 nen

0 2373 74 2424 lietur
90 2374 247 2424 accidentibus
257 2373 368 2437 propriis,
384 2374 452 2424 simul
464 2374 559 2423 haberet
574 2370 699 2423 accidentia
710 2382 771 2434 prc-

4 2449 51 2495 act
59 2445 143 2495 aliena.
158 2446 206 2497 llec
214 2449 288 2509 petest
296 2446 342 2495 dici
350 2444 410 2509 qued
420 2447 465 2496 lucc
475 2446 516 2494 llat
525 2442 671 2505 miraculose,
682 2442 769 2491 virtute

1 2517 158 2576 sectationis,
174 2517 227 2581 qnia
240 2518 308 2567 verba
316 2516 496 2568 consecrationis
512 2518 556 2566 hoc
569 2529 615 2567 non
624 2513 768 2578 significant,

0 2609 13 2632 a
30 2593 167 2641 tamennon
180 2589 281 2639 efficiunt
293 2589 339 2639 nisi
351 2603 418 2639 suum
433 2589 556 2651 signatum.

1 2662 29 2712 st
39 2662 91 2713 ideo
107 2661 243 2725 relinquitur
256 2661 315 2724 qudd
332 2661 459 2712 accidentia
471 2660 496 2709 in
509 2661 553 2711 hec
568 2660 710 2709 sacramente
720 2666 768 2703 ma-

0 2737 24 2784 nt
36 2735 86 2785 sine
104 2732 221 2797 subjecte;
239 2734 300 2795 quud
321 2732 413 2795 quidem
426 2731 512 2782 uirtute
528 2729 607 2781 divine
619 2726 669 2778 lieri
682 2728 771 2789 potest.

3 2821 24 2855 m
44 2806 107 2858 cuim
123 2805 220 2857 effectus
239 2804 312 2868 magis
328 2804 456 2868 dependeat
469 2803 483 2852 a
497 2815 564 2853 causa
586 2796 742 2865 prinsquam
760 2796 772 2846 'a

4 2897 30 2922 ιιἸ
49 2878 165 2940 secunda,
180 2878 249 2941 Dens,
264 2876 304 2941 qui
313 2879 349 2927 est
364 2875 438 2941 prium
449 2886 518 2926 causa
528 2870 662 2925 substantie
677 2871 700 2921 ct
710 2867 772 2919 ucci-
