1942 3284
191 258 194 264 Δ
222 217 252 256 nu
268 217 434 257 nrsrrncrrons
449 218 572 269 ornnem,
588 219 643 267 arc.
786 209 834 268 aad

24 299 41 354 nt
57 291 144 347 idonei
163 291 209 343 siut
221 294 250 344 ad
267 295 404 357 potestatem
419 292 582 358 accipiendam·
599 295 654 352 Qun
667 294 761 358 qudem
772 309 830 361 prae

24 365 115 428 naratio
129 365 156 416 in
164 363 236 415 tribus
247 364 364 426 consistit,
375 364 461 416 scilieet
471 364 645 428 benedictione,
661 365 743 428 mande
756 365 832 431 impe-

25 437 109 496 itione
125 438 150 488 et
160 435 277 488 unctione.
291 437 335 486 Per
350 435 535 489 benedictionem
544 437 628 488 diuinis
641 436 758 501 ohsequiis
767 451 833 500 man·

24 509 146 574 ipanter3
161 511 184 556 et
202 507 254 558 ideo
269 507 397 558 benedictio
411 507 517 562 omnihus
533 508 608 561 datur.
628 509 672 560 Sed
689 521 732 572 pec
744 509 832 570 mauis

24 578 193 642 opositionen
215 578 281 630 datin
301 577 419 642 plenitudo
438 579 533 641 gratiae,
551 592 593 642 per
608 591 677 642 qnam
696 581 724 630 ad
744 593 827 644 magna

26 649 96 700 fficia
120 649 168 704 sint
187 648 280 705 idonei;
297 653 320 699 et
340 649 391 700 ideo
405 649 460 700 sotis
477 649 579 703 diaconis
593 655 617 702 et
637 651 791 704 sacerdotibus
804 651 831 712 nit

24 720 106 774 nands
120 719 255 786 impositio,
268 720 322 784 quia
342 719 376 770 eis
397 720 507 785 competit
520 719 660 784 dispensatio
677 726 831 776 sacramento·

24 809 90 856 um,
106 792 214 857 quamuis
232 792 273 842 uni
286 792 345 844 sicut
360 791 499 856 principali,
518 797 541 844 et
556 794 624 845 alteri
641 795 700 846 sicut
714 796 829 855 ministro.

24 863 66 916 ted
81 865 193 916 unctione
207 865 233 920 ad
250 863 341 927 aliquod
353 867 520 914 sacramentum
535 865 677 925 tractandum
693 879 829 929 consecran-

24 953 74 1000 .ur;
93 940 118 989 ct
131 935 184 986 ideo
198 935 275 986 unctio
289 935 345 986 solis
356 936 510 995 sacerdotibus
520 936 554 997 fit,
563 936 604 998 qui
615 937 712 1001 propriis
725 937 830 1000 manibus

24 1021 109 1072 :orpus
127 1005 213 1056 Christi
227 1007 332 1069 tangunt,
347 1005 405 1056 sicut
416 1006 485 1057 etiam
501 1007 561 1057 calix
576 1007 705 1071 inungitur,
718 1010 759 1073 qui
774 1023 829 1061 con·

24 1078 82 1136 icet
96 1076 248 1140 sanguinem,
264 1079 287 1126 ot
303 1080 461 1142 catenaque
475 1076 578 1131 continet
591 1091 682 1142 cerpus.
696 1078 738 1129 Sed
753 1084 830 1142 potes-

24 1148 77 1204 atis
96 1147 189 1200 collatio
200 1148 225 1201 tit
236 1161 277 1214 per
297 1147 341 1200 hoc
358 1144 418 1212 qudd
431 1148 497 1198 datur
511 1147 546 1198 eis
559 1147 644 1211 aliquid
658 1150 718 1213 qued
731 1150 760 1200 ad
774 1162 827 1214 pro.-

24 1220 101 1282 nrium
117 1224 192 1270 actum
204 1219 312 1282 pertinet.
327 1219 356 1268 Et
372 1218 425 1282 quia
437 1219 570 1285 principalis
588 1222 650 1272 actus
661 1220 786 1272 sacerdotis
798 1219 831 1273 sit

24 1303 160 1346 monocrare
176 1303 257 1354 eorpus
271 1295 294 1341 et
307 1291 440 1354 sangninem
454 1290 556 1354 Christi,
570 1291 621 1341 ideo
637 1290 661 1342 in
671 1292 722 1358 ipsa
737 1291 828 1356 dadone

24 1361 103 1416 >adicis
120 1363 162 1412 suh
182 1362 254 1414 forma
268 1363 388 1414 uerborum
406 1361 569 1427 determinata,
582 1364 700 1416 character
716 1363 826 1427 sacerdoe

24 1433 80 1485 talis
93 1432 240 1497 imprimitur.

57 1504 93 1554 nd
104 1504 204 1568 primum
213 1517 267 1570 ergo
279 1505 414 1568 dicendum,
424 1504 485 1570 qudd
495 1505 520 1555 in
529 1504 700 1557 confirmatione
708 1519 756 1559 non
765 1507 832 1558 datur

24 1575 128 1630 officinm
139 1577 249 1639 operandi
259 1589 328 1641 super
337 1575 437 1640 aliquam
449 1575 567 1626 materiam
577 1575 725 1641 exteriorem3
737 1581 761 1628 et
774 1577 829 1629 ideo

25 1649 143 1699 character
156 1646 189 1696 ibi
200 1660 245 1698 nen
261 1647 399 1711 imprimitur
407 1644 432 1696 in
445 1646 519 1710 aliqua
532 1646 672 1697 exhibitione
681 1647 777 1711 aiicujus
787 1649 833 1710 rei,

25 1719 69 1771 sed
82 1719 107 1768 in
121 1719 169 1768 sola
186 1718 268 1769 manus
280 1717 426 1782 inpositione
438 1721 462 1768 et
479 1717 596 1768 unctione.
610 1718 654 1768 Sed
666 1718 690 1767 in
702 1718 781 1770 ordine
794 1732 831 1770 sa-
904 1732 906 1737 ·

25 1787 136 1842 cerdotali
150 1788 215 1839 aliter
233 1791 284 1852 est;
300 1792 323 1838 et
340 1787 392 1839 ideo
405 1802 452 1839 non
466 1791 503 1838 est
514 1787 597 1838 simile.

58 1860 95 1910 nd
105 1861 226 1911 meandum
242 1860 374 1922 dicendum,
390 1858 452 1923 qudd
466 1859 576 1910 Dominus
589 1859 706 1924 discipulis
719 1858 781 1910 dedit
794 1872 832 1910 sa-

26 1931 165 1984 cerdotalem
181 1933 332 1995 potestatem,
348 1929 459 1993 quentin
474 1931 504 1980 ad
519 1928 667 1994 principalem
681 1934 765 1992 actum,
776 1934 831 1982 ante

26 2001 160 2070 passionem
170 2003 195 2052 in
204 2016 279 2066 caena,
293 2002 384 2066 quando
396 2002 454 2052 dixit
467 2018 473 2050 z
488 2001 614 2065 «Accipite
626 2006 650 2052 et
659 2001 830 2066 manducate;o

26 2075 93 2128 unde
104 2074 221 2138 subjunxit
235 2090 242 2125 ε
259 2093 273 2124 ar
286 2075 335 2126 Hoc
348 2074 417 2125 tacite
428 2074 451 2124 in
467 2087 542 2124 meam
556 2073 829 2125 commemorationem.»

26 2146 76 2198 Sed
93 2148 143 2210 post
162 2147 351 2197 resurrectionem
374 2145 437 2196 dedit
450 2146 483 2196 eis
497 2149 634 2210 potestatem
654 2144 831 2210 sacerdotalem,

28 2216 141 2284 quentin
155 2217 184 2270 ad
199 2219 274 2270 actum
289 2217 463 2280 secundarium,
478 2217 518 2282 qui
534 2220 570 2266 ost
583 2215 654 2280 ligare
667 2220 691 2267 et
702 2216 801 2268 scivere.

66 2288 100 2340 td
113 2289 202 2340 tertium
213 2288 347 2352 dicendum,
360 2287 419 2352 qudd
432 2287 457 2338 in
471 2287 577 2338 vestibus
591 2300 638 2340 non
654 2287 775 2352 requiritur
788 2287 834 2340 alia

31 2361 188 2424 corrsecnatio,
201 2359 246 2410 nisi
261 2361 320 2425 qudd
331 2359 410 2410 divino
421 2359 493 2408 cuitui
503 2358 669 2423 mancipentur.
683 2361 711 2410 iit
720 2359 772 2410 ideo
783 2358 833 2409 sui·

34 2433 85 2485 ficit
100 2431 133 2482 eis
150 2445 191 2498 pro
206 2430 379 2482 consecratione
391 2429 535 2493 benedicti03
551 2431 590 2480 sed
605 2431 670 2482 aliter
680 2434 714 2482 est
725 2430 754 2481 de
771 2428 832 2480 ordi-

34 2503 97 2555 natis
104 2541 113 2567 ,
126 2508 151 2553 ut
164 2518 192 2553 cx
209 2503 274 2554 dictis
287 2505 360 2566 patet.

69 2576 218 2638 acquantum
238 2574 372 2637 dicendum,
386 2572 451 2636 qudd·
461 2573 536 2624 uestis
547 2572 691 2623 sacerdotalis
704 2583 751 2621 uon
760 2569 837 2634 sigui-

34 2648 90 2699 ficat
102 2649 235 2710 potestatem
254 2645 366 2697 sacerdoti
382 2645 472 2707 datam,
485 2645 525 2694 sed
543 2643 691 2694 idoneitatem
704 2655 755 2706 qna
767 2641 792 2690 in
805 2655 834 2694 eo

35 2716 155 2782 requiritur
167 2717 195 2766 ad
206 2721 279 2767 actum
293 2715 414 2782 potestatis
426 2716 595 2779 exequendum.
605 2715 694 2765 Etideo
708 2725 751 2762 nec
762 2725 837 2764 sacer·

34 2787 101 2852 doti,
114 2801 154 2840 uec
168 2788 236 2840 adieci
250 2787 305 2854 alii,
321 2787 457 2854 imprimitur
471 2788 588 2839 character
607 2786 633 2836 in
651 2783 749 2848 adadun
765 2782 836 2835 uestis

35 2860 138 2917 dadone.

72 2931 106 2985 td
115 2930 215 2997 quintum
223 2930 352 2996 dicandum,
362 2929 423 2996 qudd
434 2933 537 2996 potestas
546 2928 635 2982 diacord
642 2931 681 2981 est
692 2925 769 2980 media
777 2926 838 2991 inter
