1942 3284
219 269 253 306 ns
268 266 427 308 semmuro
444 267 654 310 connruamorrrs.
795 259 841 334 tlt
948 225 949 320 J

45 343 222 396 consentionem
240 345 320 409 gratie
336 347 460 398 ordinatur.
479 347 522 399 Sed
543 347 638 399 materia
652 347 768 400 sensibilis
787 361 842 402 oon-

44 414 96 464 lecta
107 428 135 466 ex
144 418 197 468 oleo
206 421 232 467 et
242 418 353 479 belsam
365 431 410 470 nou
420 423 456 470 est
465 432 538 485 capax
549 420 637 484 gratie.
646 419 707 485 Ergo
718 433 765 472 uon
773 421 841 473 dehet
948 485 949 494 χ

43 485 62 535 ei
75 487 146 551 aliqua
162 490 306 541 consecratio
318 491 431 542 adhiberi.
714 557 718 564 ι

70 559 111 610 Sed
120 564 201 610 contra
207 565 255 625 est,
266 562 327 624 qnod
337 563 486 614 innocentius
500 563 561 628 Papa
572 563 627 615 dicit
642 577 673 614 :u
685 563 838 629 Preshyrens,

44 629 88 679 olm
106 631 241 696 baptizant,
253 633 377 685 chrismate
390 635 516 699 baptizatos
533 649 617 700 ungere
633 635 716 699 liceat,
734 637 794 700 quod
812 637 840 688 ab

45 701 140 767 ephoopo
158 704 237 755 luemt
255 710 425 770 consecratum
439 719 487 756 non
506 711 581 758 tannen
602 707 699 758 frontem
715 721 743 758 ex
761 707 840 760 eodem
948 763 949 778 ,

46 773 86 823 oleo
98 775 205 838 signare,
216 776 282 840 quod
293 774 366 826 solium
381 777 476 828 debetur
489 778 612 844 episcopis,
627 778 679 828 ciam
692 779 783 830 tradunt
797 779 840 830 Pa·

47 844 157 910 noenum
170 861 187 893 s
204 847 267 910 qnod
277 846 367 910 quidem
383 848 408 897 ht
420 848 444 898 iu
460 849 503 899 hoc
518 853 666 900 sacramento.
682 849 740 913 Ergo
754 849 783 900 ad
796 851 841 902 ncnc

46 921 204 968 umueumm
218 917 344 981 requiritur
356 919 455 970 chrisma
468 929 509 984 per
527 921 658 985 episcopum
672 924 838 972 consecratum.

72 988 229 1050 (Conmnsro.
246 1014 279 1027 -
294 989 352 1040 Cim
366 991 495 1040 visibilibus
512 991 658 1042 unctionibus
672 991 777 1043 Christus
792 991 840 1042 mi-

42 1058 96 1108 niue
109 1059 139 1110 sit
154 1075 232 1123 usus,
246 1065 294 1111 tam
307 1062 405 1112 chrisma
414 1062 483 1126 quim
496 1064 571 1114 oleum
583 1067 686 1114 sanctum
699 1063 840 1114 innumerum

43 1129 138 1182 benedici
149 1134 253 1196 debent,
263 1133 395 1198 priusquam
409 1135 437 1184 ad
448 1135 583 1186 sacramenti
592 1148 661 1186 usum
670 1134 840 1196 adhibeantur.)

69 1205 203 1268 Respondes
215 1203 348 1267 dicendum,
356 1205 420 1269 quod
431 1209 480 1256 tota
490 1211 680 1258 sacramentorum
691 1206 840 1258 sanctificatio

44 1272 325 1340 humbronensium
338 1276 406 1341 sopri
417 1275 502 1326 dictum
514 1281 549 1328 est
562 1278 571 1342 i
582 1292 621 1342 qu.
636 1282 675 1340 ot,
688 1282 731 1328 art.
744 1276 784 1341 t).
801 1277 841 1326 Est

44 1349 112 1398 auteur
121 1348 320 1400 considerandum
334 1347 395 1412 qnod
403 1349 537 1410 quimdiu
551 1351 697 1400 samameutis
704 1349 841 1400 habentibus

45 1417 153 1469 materiam
172 1430 310 1482 corpoream
328 1419 433 1469 Christus
448 1423 484 1469 est
500 1433 565 1481 usus,
580 1419 668 1472 scilieet
680 1420 802 1484 baptismo,
817 1423 841 1470 et

45 1489 104 1539 etiam
121 1489 273 1540 eucharistia.
285 1490 314 1540 lit
323 1490 419 1550 ideo,en
427 1490 477 1554 ipso
489 1505 533 1540 usu
541 1490 641 1554 Christi,
651 1491 750 1542 materiae
758 1492 839 1542 horum

45 1567 229 1614 sarmentorum
243 1561 394 1625 aptitudinem
407 1566 544 1625 acceperunt
554 1563 582 1613 ad
591 1563 756 1626 perfectionem
767 1575 842 1612 sacra·

46 1634 123 1698 menti3
138 1636 201 1685 uude
214 1634 395 1697 Chrysostomus
408 1631 463 1682 dicit
477 1632 530 1697 (l),
544 1633 605 1698 quod
618 1649 632 1681 c
645 1647 762 1697 nunqnam
775 1647 840 1698 aque

45 1699 143 1766 baptismi
154 1717 258 1770 pmpnre
274 1707 366 1767 peccata
380 1704 522 1754 credentium
539 1707 648 1768 possent,
663 1703 708 1754 uisi
718 1708 781 1756 tactu
795 1705 840 1755 llo-

47 1774 114 1824 miuici
126 1776 232 1840 corporis
250 1774 398 1825 sanctificatae
416 1774 521 1825 luissent.
537 1791 551 1822 n
573 1775 601 1824 Et
614 1773 718 1826 similiter
733 1775 782 1840 ipse
792 1775 841 1828 llo-

48 1844 115 1896 uinus
123 1847 244 1912 accipiens
251 1859 343 1912 panem,
353 1844 486 1910 benedixit,
500 1846 604 1897 similiter
614 1849 689 1897 auteur
703 1851 726 1899 et
735 1847 839 1910 calicem,

48 1919 68 1964 rt
78 1917 170 1969 babetur
185 1919 418 1982 heremitico
433 1919 503 1978 nse„
517 1919 587 1969 lilill.
600 1919 630 1968 lit
639 1923 731 1984 propter
741 1921 784 1970 hoc
794 1933 839 1970 nou

48 1991 77 2036 cst
86 1990 111 2040 de
123 1991 263 2041 necessitate
284 1992 366 2040 horum
381 1993 575 2041 sacramentorum
594 1990 653 2053 qubd
667 1991 761 2042 materia
777 1989 841 2056 pribs

48 2056 195 2126 benedicatur,
204 2062 257 2126 quia
271 2060 357 2112 sufficit
370 2061 500 2112 benedictio
519 2061 610 2112 Christi.
628 2063 652 2112 Si
666 2077 710 2126 qna
729 2063 783 2114 verb
796 2063 840 2114 be-

50 2131 136 2183 nedictio
148 2134 298 2194 adhibeatur,
307 2133 407 2197 pertinet
417 2133 446 2183 ad
459 2134 626 2184 solemnitatem
637 2133 782 2197 sacramenti,
793 2147 840 2184 nou

51 2205 115 2252 tatem
126 2207 153 2256 ed
163 2205 334 2256 uecessiutcu.
350 2204 501 2254 linctionibus
513 2209 588 2255 autern
598 2205 727 2259 vbltillhus
737 2207 840 2256 Christus

52 2281 90 2322 hou
106 2280 141 2326 ost
155 2290 230 2340 usus,
249 2288 279 2325 nc
299 2276 362 2326 lieret
385 2275 469 2339 injuria
486 2275 596 2326 invisibili
614 2276 731 2341 unctioni,
745 2290 790 2340 qua
804 2279 841 2328 eso

53 2351 147 2398 «unctus
157 2360 206 2412 prm
220 2346 362 2397 consortibus
371 2346 420 2396 suis
430 2363 444 2394 n
456 2349 469 2407 (
474 2347 571 2397 Psolm.
583 2347 652 2398 xilv
662 2348 679 2411 ).
690 2347 718 2397 m
728 2347 779 2400 ideo
793 2351 840 2398 tam

52 2413 136 2468 tharma
146 2419 218 2484 quim
231 2418 307 2469 oleum
322 2421 425 2468 sanctum
439 2419 581 2470 intirmorum
598 2419 662 2484 pride
676 2419 842 2472 benedicuntur

54 2486 108 2546 sulm
118 2492 269 2543 adhibeantur
280 2492 308 2542 ad
317 2503 382 2541 usum
396 2491 542 2542 sacramenti.

76 2561 213 2626 ltprimum
226 2575 282 2628 ergo
294 2565 359 2627 patet
370 2563 490 2627 responsio
502 2577 531 2614 ex
542 2563 620 2615 dictis.

78 2633 109 2682 ld
124 2637 249 2687 secundnm
266 2634 402 2700 dicendum,
416 2635 475 2701 quhd
495 2640 590 2702 utruque
607 2637 748 2690 consecutio
766 2635 841 2690 chris·

82 2801 156 2866 (l)Ex
178 2810 350 2854 commentario
371 2809 395 2854 in
417 2809 513 2860 blattis„
535 2809 661 2855 chromatii
684 2810 841 2867 Aquileiensis

56 2864 150 2927 Etheopi
166 2871 275 2932 meur,
293 2877 318 2916 et
333 2871 396 2918 luteo
405 2873 569 2930 dhryeostorne
583 2873 695 2918 tributum
713 2877 759 2918 est
773 2873 841 2920 Tem-

56 2934 840 2996 ltttffiereuyniuisitetiernittllnremutius,aulnnlrepmeutulu

56 2994 104 3040 Μ.
111 2998 140 3044 11.
153 2996 274 3044 notetus.
288 2998 392 3045 Petram
402 3000 558 3057 reperiuntur.
