1942 3284
249 193 280 230 os
295 193 452 229 suerrusnro
467 192 680 230 courrnuurronrs.
819 181 865 227 213

89 269 115 314 t.
132 267 268 328 erotem,
283 271 424 318 sacramenta
439 281 504 319 norm
520 267 578 332 logis
594 268 618 318 in
633 267 706 318 reteri
724 267 775 328 lego
793 268 867 330 pron-

57 341 139 398 guratu
153 338 263 402 luerunt3
273 340 335 389 undo
347 340 467 404 Apostolus
476 339 557 390 dioitl.
571 341 640 399 Gor„
650 341 680 400 ll,
691 339 751 402 quod
762 356 775 386 n
784 351 866 390 omnes

58 407 81 455 in
95 409 181 473 llogse
193 411 300 474 baptizati
311 415 379 472 sunt,
390 411 414 460 in
423 411 482 462 nube
491 415 514 462 et
524 412 548 460 in
561 411 626 474 mari3
638 415 662 461 et
670 423 751 461 omnes
761 411 865 460 eamdem

58 491 135 528 eseam
149 480 297 544 spiritualem
314 483 522 544 manducaverunt3
538 487 561 533 et
571 495 650 533 omnes
665 481 769 533 eumdem
783 485 867 546 potum

58 549 202 612 spiritualem
212 552 373 617 biberuntll).
383 571 397 599 n
407 554 451 603 Sed
461 552 603 604 confirmatio
613 567 659 604 non
673 553 716 604 luit
726 552 867 616 prsflgunu

59 619 82 668 in
93 625 172 672 reteri
188 625 345 675 testamento.
359 625 408 674 Non
422 637 476 688 ergo
490 629 524 675 est
540 628 714 675 sacromentum.

90 696 114 742 ε.
128 694 261 754 Praeterea,
276 698 416 745 suorameutu
430 696 562 746 ordinantur
577 697 604 746 aul
622 695 738 746 hominum
758 695 864 745 salutem.

63 763 106 813 Sed
122 765 178 815 sine
190 767 364 816 confirmatione
376 769 452 830 potest
469 779 520 816 εεεε
537 766 612 828 sulus3
635 779 687 816 uam
702 766 766 829 pueri
785 764 866 829 bapti-

62 835 118 896 zati,
134 837 191 887 sine
215 837 387 888 confirmations
406 839 556 901 decedentes,
570 837 692 888 salvuntur.
706 837 766 900 Ergo
782 835 865 886 nonm-

60 906 128 957 motio
140 921 192 957 non
210 912 247 958 est
260 912 437 958 sacramentum.

90 980 113 1027 t.
129 980 260 1042 Preterea,
274 991 317 1042 per
327 979 402 1029 omnin
416 983 557 1029 sacramento
570 977 675 1030 lleolesio
691 981 761 1030 homo
774 978 865 1030 Christo

59 1049 226 1112 uniformem,
245 1051 284 1114 qni
301 1052 338 1099 est
358 1054 551 1101 sacramentomm
565 1053 649 1101 suotor.
666 1050 710 1102 Sed
727 1063 769 1113 per
784 1049 867 1100 confir·
886 1059 890 1068 ¹

61 1121 188 1172 motionem
207 1135 255 1172 non
269 1122 360 1171 uidetur
372 1123 440 1172 homo
453 1122 541 1172 Christo
556 1121 704 1184 conformari,
719 1122 758 1184 qni
772 1135 818 1172 non
831 1121 868 1171 le-

60 1189 122 1250 gitur
135 1206 189 1243 esse
201 1193 355 1243 confirmatus.
366 1193 423 1254 Ergo
436 1193 576 1243 confirmatio
590 1197 679 1244 nonest
688 1195 864 1242 sacramentum.

91 1260 138 1312 Sed
160 1268 240 1315 mntru
257 1265 372 1327 estquod
385 1264 522 1314 Melchiades
536 1267 598 1328 Papo
616 1263 694 1314 scribit
707 1262 867 1326 Hispaniarum

61 1330 185 1398 Epismpis
200 1334 234 1397 tt)
252 1350 258 1383 :
276 1335 333 1386 ulte
348 1335 384 1384 iris
398 1347 467 1397 super
480 1335 561 1398 quihus
574 1335 669 1398 rogastis
686 1347 727 1384 vos
739 1333 864 1393 informari,

63 1401 140 1453 ulrum
154 1406 229 1469 majus
240 1405 271 1456 sit
285 1410 466 1467 sacramentum,
479 1403 560 1455 manus
570 1404 685 1468 impositio
698 1405 866 1469 episcoporum,

64 1483 91 1520 en
102 1474 231 1538 baptismus
238 1513 247 1538 ‚
258 1476 338 1526 seinte
349 1482 468 1537 utrumque
481 1489 587 1538 magnum
601 1487 651 1524 esse
664 1481 841 1526 sacramentum.
850 1491 863 1522 o

96 1545 255 1607 (Concessio.
277 1575 309 1584 -
323 1549 409 1598 Preter
423 1547 561 1611 baptismum
578 1551 613 1598 est
628 1548 727 1610 speciale
741 1548 867 1597 confirma-

65 1615 133 1667 tionis
140 1623 329 1681 sacramentum,
341 1632 386 1682 quo
396 1620 465 1669 homo
474 1617 540 1681 quasi
548 1619 668 1682 quamdam
682 1617 804 1680 spiritualis
816 1618 868 1669 vitm

65 1691 155 1739 etatem
171 1691 296 1753 perfectam
310 1695 333 1739 et
346 1691 413 1740 rolrur
424 1688 545 1752 suscipit.)

96 1759 233 1824 Respondeo
250 1761 386 1820 dicendum,
406 1759 468 1824 qnod
486 1763 629 1809 sacramenta
650 1758 787 1820 novaelegis
804 1759 869 1809 ordi-

68 1835 148 1881 nantur
166 1833 195 1882 ed
211 1831 322 1894 speciales
339 1831 416 1894 gratim
430 1830 540 1893 effertus3
556 1833 578 1879 et
593 1829 644 1880 ideo
656 1830 695 1879 ubi
713 1827 808 1880 occurrit
822 1829 868 1878 ali-

70 1901 118 1963 nnis
134 1903 242 1966 specialis
259 1904 353 1953 elleotus
372 1902 462 1965 mane,
486 1901 518 1950 ibi
536 1902 652 1951 ordinetur
672 1901 771 1964 speciale
795 1913 868 1950 sacra-

70 1977 178 2024 mentum.
191 1975 249 2032 Quin
262 1973 316 2024 uero
326 1973 440 2023 sensibilia
451 1976 476 2023 et
486 1972 610 2036 corporalia
622 1975 703 2035 gerunt
717 1971 867 2036 spiritualium

70 2046 91 2090 et
111 2044 288 2108 intelligibilium
303 2044 487 2106 similitudinem,
505 2057 534 2093 ex
544 2044 581 2094 his
591 2055 642 2106 que
657 2044 681 2092 in
695 2043 744 2092 uita
757 2041 868 2107 corporali

72 2122 165 2176 aguntur
177 2115 295 2180 perripore
306 2129 425 2178 possumus
436 2115 491 2179 qnid
504 2114 650 2178 inspirituali
661 2115 709 2164 uita
722 2115 800 2177 gratim
816 2127 868 2177 spe·

72 2184 127 2236 ciale
139 2187 231 2237 existat.
242 2186 387 2236 ltanilestum
396 2190 432 2237 est
443 2190 520 2236 antem
530 2185 589 2248 quod
599 2184 622 2234 in
635 2185 682 2235 rite
694 2185 802 2248 corporali
817 2198 868 2249 spe·

73 2256 134 2308 cistis
144 2259 248 2320 quedam
262 2258 371 2321 perfectio
385 2263 427 2318 est,
445 2255 506 2321 qnod
516 2259 585 2307 homo
596 2257 624 2306 ad
641 2257 764 2321 perlectam
778 2260 868 2306 etatem

74 2331 196 2392 perveniet,
216 2333 241 2379 et
259 2329 372 2393 perlectos
388 2329 489 2380 artiones
511 2327 610 2379 hominis
632 2341 699 2389 agore
713 2327 791 2391 possit.
808 2328 870 2378 Unde

75 2401 228 2465 etlpostolus
242 2401 312 2463 dicit,
330 2402 350 2450 l.
372 2402 440 2458 Cor„
452 2400 503 2450 xlii
520 2415 525 2448 r
543 2416 557 2447 n
572 2399 628 2448 Cium
647 2404 722 2448 autem
735 2398 870 2448 lestussum

107 2516 137 2576 (l)
152 2519 189 2564 Ad
204 2519 346 2575 baptismum
361 2520 500 2577 evangelice
512 2519 568 2576 legis
581 2518 603 2562 in
621 2520 682 2564 nube
696 2522 721 2560 ει
733 2518 757 2563 in
769 2516 826 2562 muri
839 2516 871 2562 si·

79 2580 239 2635 guiliosntlmmp
255 2582 417 2626 eucharistiam
433 2583 457 2625 in
475 2593 547 2638 esea,
564 2592 646 2636 nempe
657 2592 752 2635 manno,
769 2585 792 2623 et
804 2583 870 2636 potu,

78 2653 153 2749 zetugpo
170 2657 232 2702 nque
253 2644 282 2688 de
302 2649 381 2700 petrum
396 2649 423 2688 ut
435 2644 468 2688 ibi
482 2644 545 2688 Beda
567 2655 595 2687 ex
609 2643 738 2700 Augustino
755 2642 871 2696 interpre-

108 2773 136 2836 (Ξ)
151 2781 186 2822 Ex
207 2789 255 2833 quo
273 2775 371 2821 retertur
388 2775 411 2820 in
424 2776 546 2825 Decretis,
559 2775 593 2820 Do
613 2777 754 2821 consecrat„
767 2773 820 2832 dist.
841 2770 869 2829 5,

80 2848 133 2953 :natet
145 2840 179 2946 {lo
199 2841 249 2884 tis.
264 2840 369 2884 nubetur
388 2840 436 2884 heo
457 2837 554 2895 epistola
570 2843 627 2882 tom.
650 2839 668 2882 1.
690 2835 871 2882 Goootttorwm,
