1942 3284
524 118 613 166 [ΠΕ
880 125 999 165 rans
1027 126 1116 178 111,
1149 125 1340 173 QUAEST.
1373 127 1529 179 cxxx,
1563 125 1676 165 Διιτ.
1706 127 1758 166 u.

1115 308 1432 363 ARTICULUS
1475 312 1534 362 11.

532 442 698 487 [lirum
734 442 884 487 solius
924 440 1130 486 hominis
1167 442 1230 486 sit
1275 442 1360 487 hoc
1397 446 1754 489 sacramentum
1801 442 1942 501 spiriti

1225 516 1426 549 sumere.

588 639 652 688 Ad
686 637 937 689 secundum
975 636 1041 686 sic
1068 634 1342 699 proceditur.
1373 636 1564 687 Videtur
1599 637 1720 701 qubd
1754 652 1847 689 nou
1882 638 1942 688 sol

524 711 657 761 minis
696 710 756 761 sit
790 710 879 761 hoc
924 712 1259 759 sacramentum
1301 708 1596 771 spiritualiter
1622 723 1835 773 sumere,
1863 711 1939 761 sed

524 783 817 847 angelorum3
851 780 958 843 quia
988 793 1126 843 super
1152 779 1263 829 illud
1286 780 1423 829 Psal.
1453 779 1654 831 LXXVII
1688 796 1699 829 :
1733 798 1760 828 «
1783 782 1942 832 Panem

524 855 665 903 inrum
708 851 998 902 manducavit
1025 852 1191 913 h0m0‚
1225 867 1252 897 ι)
1284 850 1394 901 dicit
1433 852 1592 902 Glossa
1635 868 1646 901 :
1683 870 1712 901 «
1741 854 1789 903 Id
1832 855 1934 912 est,

524 924 726 986 Christi,
750 924 829 986 qui
849 926 935 974 ‘est
962 922 1071 973 vere
1097 922 1223 972 cibus
1251 923 1531 986 angelorum.
1563 940 1589 970 η
1619 924 1709 974 Sed
1738 925 1827 974 hoc
1854 938 1942 974 non

524 999 560 1047 si
592 997 738 1060 angeli
762 994 1063 1060 spiritualiter
1084 996 1314 1045 Christum
1350 1009 1444 1046 nou
1467 997 1813 1047 manducarent.
1839 998 1942 1061 Ergt

528 1067 823 1131 spiritualiter
847 1066 1076 1116 Christum
1104 1067 1398 1117 manducant.

588 1144 634 1189 2.
664 1141 913 1200 Praeterea,
945 1137 1227 1199 Augustinus
1255 1138 1366 1188 dicit
1392 1150 1530 1203 super
1556 1142 1799 1189 Joannem
1827 1142 1942 1205 (trac

528 1231 556 1259 rr
592 1213 723 1262 Hunc
743 1210 894 1260 cibum
936 1214 984 1259 et
1009 1215 1166 1273 potum
1199 1210 1461 1261 societatem
1491 1212 1588 1260 vult
1627 1212 1823 1275 intelligi
1856 1227 1942 1277 cori

528 1283 827 1335 inumbrorum
859 1283 1194 1344 suorum‚quod
1214 1286 1286 1331 est
1305 1282 1509 1333 Ecclesia
1529 1282 1574 1331 in
1596 1284 1942 1347 praedestinatis

524 1356 609 1407 Sed
650 1355 702 1403 ad
743 1353 878 1402 istam
920 1352 1184 1402 societatem
1229 1366 1319 1403 non
1348 1354 1494 1404 solum
1520 1355 1752 1418 pertinent
1780 1356 1942 1407 homiui

524 1427 660 1479 etiam
698 1425 845 1476 sancti
872 1424 1039 1486 angeli.
1071 1426 1189 1487 Ergo
1223 1426 1369 1476 sancti
1409 1427 1559 1491 augeli
1593 1426 1890 1491 spiritualiter
1928 1444 1942 1477 1

528 1502 649 1551 taut.

588 1578 631 1621 3.
666 1572 885 1622 Praeterea
906 1609 919 1631 ,
950 1571 1224 1634 Augustinus
1246 1571 1293 1620 iu
1328 1572 1445 1623 libro
1475 1572 1549 1621 De
1587 1572 1759 1621 Verbis
1787 1574 1942 1622 Domi]

528 1647 588 1695 uit
615 1659 627 1695 :
667 1660 694 1691 (ι
720 1642 1030 1706 Spiritualiter
1062 1643 1407 1692 manducandus
1434 1647 1505 1693 est
1534 1643 1766 1704 ChristuS,
1789 1644 1942 1705 quonia

524 1717 631 1767 uiuit
664 1732 673 1763 :
708 1713 790 1777 qui
818 1713 1062 1763 manducat
1091 1726 1237 1763 meam
1275 1726 1486 1776 carnem,
1521 1718 1568 1763 et
1599 1714 1714 1762 bibit
1759 1724 1942 1780 mem<¹

524 1802 654 1849 nam,
688 1786 735 1835 in
771 1799 842 1836 me
878 1788 1064 1847 manet,
1090 1788 1135 1833 et
1171 1796 1255 1846 ego
1292 1784 1338 1834 in
1368 1798 1444 1835 eo.
1482 1801 1509 1831 »
1554 1785 1642 1835 Sed
1679 1787 1768 1836 hoc
1795 1800 1942 1837 conve

524 1858 670 1911 sulum
714 1856 1008 1916 hominibus,
1035 1857 1115 1906 sed
1163 1856 1298 1906 etiam
1339 1857 1508 1907 sanctis
1536 1858 1736 1920 angeliS,
1771 1858 1819 1907 in
1851 1859 1942 1922 quil

524 1930 786 1982 charitatem
816 1931 884 1977 est
919 1928 1154 1987 ChristuS‚
1186 1931 1236 1978 et
1262 1927 1349 1992 ipsi
1377 1927 1426 1977 in
1455 1930 1667 1992 e0.·Ergo
1695 1930 1877 1980 videtur
1892 1944 1942 1994 qu

524 2002 743 2051 ritualiter
794 1999 1067 2050 manducare
1119 2013 1208 2050 non
1257 2000 1404 2050 solum
1455 2000 1515 2050 sit
1557 2001 1826 2064 hominum,
1864 2003 1938 2053 sed

528 2074 808 2136 augelorum.

584 2146 675 2197 Sed
718 2147 871 2195 contra
919 2147 1024 2205 est,
1064 2144 1186 2209 qubd
1225 2144 1504 2207 Augustinus
1551 2144 1663 2195 dicit
1704 2158 1841 2210 super
1883 2151 1942 2196 Jo

528 2219 689 2283 [tract.
721 2221 781 2266 26
802 2220 815 2279 )
836 2232 848 2266 ε
874 2233 901 2264 «
928 2220 1101 2267 Panem
1122 2217 1178 2267 de
1199 2217 1331 2266 altari
1351 2217 1649 2281 spiritualiter
1670 2219 1933 2269 manducate

524 2288 717 2339 centiam
742 2289 795 2338 ad
824 2288 965 2338 altare
994 2291 1190 2351 portate.
1221 2303 1249 2334 »
1273 2288 1362 2339 Sed
1388 2289 1650 2353 angelorum
1681 2302 1775 2339 non
1813 2294 1885 2342 est
1911 2303 1942 2339 a<

524 2363 576 2411 ari
605 2361 775 2424 altare,
803 2364 1021 2424 tanquam
1057 2360 1229 2421 aliquid
1274 2361 1381 2411 inde
1426 2360 1667 2425 sumpturi.
1701 2367 1824 2425 Ergo
1865 2376 1942 2426 ang

526 2446 615 2483 ¹uim
638 2435 707 2482 est
732 2431 1033 2495 spiritualiter
1062 2432 1352 2482 manducare.

588 2506 898 2570 (Coucmsio.
925 2531 988 2542 —
1007 2502 1166 2567 Angeli
1196 2502 1302 2553 ciim
1338 2504 1613 2555 desiderium
1641 2504 1854 2555 sumendi
1881 2504 1941 2553 Ch

524 2579 605 2627 sub
624 2576 1026 2627 sacramentalibus
1054 2575 1294 2639 speciebus
1311 2588 1406 2627 non
1445 2577 1641 2627 habeant
1665 2616 1682 2641 ‚
1709 2577 1789 2627 sed
1819 2576 1942 2625 vision

528 2651 687 2700 uil'esta
726 2662 782 2699 eo
818 2647 1124 2711 perfruantur,
1142 2647 1372 2698 Christum
1401 2648 1586 2712 quidem
1615 2647 1902 2713 spiritualiter
1924 2661 1942 2695 n

524 2724 645 2780 hant,
681 2734 772 2770 non
798 2722 948 2769 autem
986 2718 1283 2769 Eucharistiae
1309 2724 1664 2783 sacramentum,
1695 2721 1775 2771 sed
1803 2721 1888 2770 hoc
1905 2732 1942 2782 ει

528 2795 627 2843 liter
653 2804 832 2843 sumere
855 2790 941 2843 soli
970 2789 1146 2841 homini
1167 2791 1400 2842 convenit.
1425 2794 1440 2851 )

588 2852 861 2927 'Respondeo
906 2862 1151 2914 dicendum
1169 2900 1182 2925 ,
1212 2862 1333 2927 qued
1362 2862 1410 2914 in
1443 2865 1530 2915 hoc
1562 2868 1844 2959 sacrameubto
1869 2876 1941 2915 con
