1942 3284
281 218 313 256 nn
328 217 488 260 securissime
503 219 609 258 oramus.
798 209 847 258 tm

27 293 134 346 nlenten
149 293 175 343 lit
192 294 277 345 mendo
290 293 480 345 remunerationis
495 295 646 359 ecquidem,
660 294 682 345 si
694 293 792 345 tldeliter
806 296 847 346 ad·

26 364 197 416 ministretur.
219 365 263 415 Sed
284 365 308 414 in
330 363 381 414 aliis
396 377 443 414 uon
463 365 579 416 confertur
596 365 672 418 simile
689 365 790 416 cilicium
807 365 847 418 rel

28 433 124 486 similis
139 436 243 498 potestas
259 436 289 486 ed
306 435 435 498 agendum3
451 437 475 484 et
488 435 542 486 ideo
554 434 580 485 iu
597 436 643 486 illis
656 437 719 486 nulla
736 447 845 486 remoue-

27 505 137 558 rationis
153 505 240 556 mentio
260 506 295 556 ut.
313 506 347 556 lld
362 505 406 556 alia
427 505 497 570 igitur
510 512 653 558 sacramenta
670 507 733 558 velut
751 507 848 571 passive

28 578 209 644 quodammodo
232 589 258 628 se
279 577 349 628 habet
372 576 517 641 suscipiens,
531 577 585 641 quia
603 578 686 643 recipit
706 591 734 629 ea
755 582 848 643 propter

27 649 162 715 proprium
172 652 256 700 statum
273 647 437 712 perficiendum
450 647 550 712 tantim3
560 650 601 700 sed
611 652 640 701 ad
655 651 700 700 hoc
711 661 848 700 sacramen-2

29 725 89 772 tum
103 733 131 771 se
146 720 214 771 halet
228 720 394 785 quodammodo
408 719 494 784 aclivd,
507 720 562 784 quia
575 721 632 771 illud
645 720 742 785 suscipit
754 724 849 785 propter

28 791 197 844 hierarchicas
210 791 339 843 functiones
350 791 375 842 iu
384 791 485 843 Ecclesia
501 793 652 842 exercendas.
662 794 726 843 Unde
739 791 847 855 quamuis

31 863 86 914 alia
108 876 138 914 eo
155 862 207 928 ipsc
221 863 281 928 qudd
300 862 395 928 gratiam
413 863 549 927 conferunt,
562 863 667 914 ordinent
687 866 716 914 ad
734 863 847 926 salutem,

30 933 138 1000 proprii
157 937 233 984 umen
255 935 283 985 ad
298 935 505 986 remunerationem
526 946 572 984 nou
589 934 709 998 ordinant,
727 934 785 984 sicut
803 935 848 984 lucc

34 1008 226 1057 sacramentum.

342 1104 505 1156 autlcuuus
521 1106 549 1155 V.

163 1219 247 1266 Utrum
257 1219 299 1264 doc
312 1224 490 1266 mouumentum
499 1220 583 1265 laceat
592 1219 726 1264 neoterium.

77 1337 116 1387 Ad
124 1337 228 1400 quintum
239 1337 271 1387 sie
281 1335 419 1401 proceditur.
432 1337 527 1388 Videtur
541 1337 602 1401 quod
622 1339 667 1388 loc
681 1340 849 1388 sacramentum

38 1421 95 1460 non
114 1407 196 1458 haheat
211 1407 336 1459 materiam.
351 1408 408 1468 Quia
426 1408 451 1460 iu
467 1409 531 1460 omui
543 1413 686 1460 sacramento
699 1410 758 1473 quod
779 1410 850 1461 lrabei

38 1476 180 1542 materiam,
194 1479 266 1528 virtus
280 1491 377 1542 operans
391 1479 416 1530 iu
425 1485 582 1542 sacramento,
595 1485 632 1531 est
646 1481 671 1530 iu
687 1479 788 1531 materia.
803 1480 850 1531 Sed

38 1549 72 1601 in
86 1549 154 1600 rebus
171 1549 325 1600 materialibus
340 1563 390 1613 quae
407 1549 446 1600 lrlc
461 1550 610 1614 adhibentur,
623 1551 682 1601 sicut
695 1555 749 1601 sunt
762 1551 849 1612 clares,

42 1619 183 1672 caudelabra
196 1625 219 1670 et
233 1620 379 1682 huiusmodi,
397 1634 443 1672 uon
453 1620 603 1672 videturesse
614 1621 775 1684 aliquarirtus
784 1633 850 1672 sano-

41 1691 159 1745 tilicendi.
170 1693 230 1756 Ergo
240 1705 287 1742 nou
304 1692 373 1742 habet
389 1691 515 1743 materiam.

79 1769 106 1812 2.
125 1766 254 1824 Praeterea,
272 1763 296 1812 in
314 1765 358 1815 isto
375 1771 519 1818 sacramento
536 1765 651 1816 confertur
663 1765 780 1831 plenitudo
797 1757 849 1828 gra-⁴

43 1836 88 1886 tiae
105 1834 242 1898 septiformis
256 1837 299 1898 (ut
312 1835 336 1885 iu
350 1835 424 1888 littera
440 1839 474 1902 (l)
491 1838 572 1889 dicitur
582 1840 600 1900 ),
610 1838 670 1888 sicut
682 1837 707 1887 iu
724 1837 850 1887 coufirma-

40 1907 121 1957 tioue.
136 1907 181 1958 Sed
195 1908 288 1957 materia
302 1907 481 1960 confirmationis
497 1908 618 1973 praeexigit
637 1906 848 1958 sanctificationem.

42 1977 107 2028 Cium
117 1991 173 2041 ergo
188 1991 214 2028 ea
226 1993 277 2042 quae
290 1979 315 2029 in
323 1981 369 2030 lroc
383 1984 525 2032 sacramento
535 1979 642 2030 ridentur
653 1992 705 2029 esso
714 1975 849 2040 materialia,

44 2062 97 2100 nou
108 2049 152 2099 sint
162 2049 352 2114 prmsauctiiicata
359 2089 368 2116 ‚
382 2052 473 2104 ridetur
482 2051 544 2115 qudd
556 2063 602 2101 nou
611 2052 658 2102 sint
672 2050 766 2100 materia
779 2049 850 2114 hujus

43 2121 191 2172 sacramenti.

82 2195 106 2240 3.
120 2191 240 2252 praterea,
254 2191 278 2242 iu
290 2194 390 2257 quolibet
399 2197 540 2244 sacrumeuto
550 2193 648 2243 habente
662 2192 790 2254 materiam,
803 2206 844 2243 re-

45 2264 146 2328 quiritur
156 2269 274 2316 contactus
290 2266 388 2316 materiae
399 2267 427 2317 ad
442 2279 496 2316 eum
510 2267 551 2329 qui
563 2266 657 2330 suscipit
670 2267 850 2316 sacramentum.

45 2334 97 2386 scd
111 2336 145 2401 (ut
156 2335 311 2400 iquibusdam
326 2335 420 2398 dicitur)
438 2341 557 2387 conlectus
570 2336 684 2386 dictorum
697 2335 851 2386 materialium

47 2405 118 2458 abeo
131 2407 171 2469 qui
185 2407 280 2472 suscipit
293 2411 470 2470 sacramentum,
480 2421 527 2459 nou
538 2412 574 2457 est
586 2409 614 2457 de
629 2407 766 2457 necessitate
774 2417 851 2456 sacra·¹

47 2477 131 2540 menti,
142 2481 181 2530 sed
190 2479 264 2530 solium
279 2479 402 2543 porrectio.
412 2480 472 2543 Ergo
486 2472 600 2544 predicte
613 2493 650 2530 res
664 2478 793 2529 materiales
805 2490 852 2530 nott

48 2553 106 2602 sunt
122 2551 216 2601 materie
227 2551 298 2614 hujus
311 2552 457 2602 sacramenti.

82 2620 127 2672 Sed
136 2625 213 2672 contra
224 2625 258 2672 est
267 2659 273 2681 ,
282 2621 343 2685 qudd
354 2638 367 2669 ιι
379 2634 445 2674 omne
454 2626 619 2673 sacramentum
629 2620 736 2672 consistit
745 2619 771 2667 in
782 2617 851 2669 rebus

49 2697 75 2745 et
87 2691 162 2744 uerbis
172 2710 186 2740 u
201 2696 243 2757 (ut
256 2694 303 2758 jem
317 2693 409 2758 sopri).
432 2694 476 2746 Sed
494 2707 532 2744 res
547 2693 572 2742 iu
589 2691 691 2757 quolibet
710 2693 854 2741 sacramento

86 2809 117 2871 (1)
131 2813 183 2858 Siue
197 2813 300 2871 Magistri
312 2817 390 2872 textu,
405 2813 448 2859 lib.
458 2814 501 2860 lv.
515 2812 631 2865 Seuteut„
647 2810 701 2856 dist.
718 2807 761 2868 26,
780 2807 852 2854 liud

52 2881 78 2923 et
88 2875 120 2929 u;
138 2887 179 2920 scu
196 2873 211 2935 ᾗ
227 2874 239 2920 1
255 2881 278 2921 et
293 2875 322 2933 2,
338 2882 365 2921 ut
376 2887 406 2921 ex
417 2875 524 2935 professo
536 2881 619 2933 quest.
630 2873 752 2932 sequenti,
767 2875 811 2916 ert.
825 2868 852 2928 l,

53 2950 143 2996 argum.
158 2937 204 2986 Sed
218 2943 313 2993 contro,
325 2939 435 2986 reicitur.
484 2959 486 2964 ·
523 2936 527 2951 '
