1942 3284
124 201 170 247 65ss
272 200 459 239 evertendarum
464 224 474 250 ,
491 200 582 245 QUAEST.
599 200 637 249 Xl,
652 198 709 238 dni.
725 200 763 235 ill.

123 276 193 325 etiam
210 276 239 327 ad
252 274 350 339 sigillum
368 273 517 326 consessionis
533 272 646 340 pertinet,
662 273 724 325 sicot
735 273 791 336 illa,
806 287 854 339 per
869 289 916 339 qna

124 348 204 409 posset
219 349 332 409 peccator,
347 346 383 396 vel
394 350 514 409 peccatam
523 344 670 408 deprehendi.
680 344 841 397 Nihilominus
851 347 916 397 etiam

124 417 163 466 itta
174 429 262 467 summo
274 416 349 467 studio
362 419 415 466 sunt
426 416 534 476 celanda,
548 416 598 466 tiam
611 419 704 480 propter
715 416 917 476 scandalumtirn

125 492 218 552 propter
230 486 375 551 pronitatem,
385 500 436 551 qua
448 499 477 537 en
490 486 656 542 miscendae
667 486 772 541 accidere
784 492 877 553 posset

156 560 183 607 Et
191 571 231 622 per
242 559 286 607 troc
299 561 362 621 patet
377 560 497 621 responsio
508 558 537 608 ad
547 558 658 621 primum.

157 628 190 679 ad
204 628 327 679 secundnm
345 628 479 692 dicendum,
492 627 553 693 qndd
566 628 650 695 aliquis
669 640 717 679 non
729 628 802 680 debet
819 630 853 681 dc
864 630 918 681 tatii

126 699 211 763 aliquid
230 698 331 763 recipere
345 700 389 750 troc
406 699 473 751 modo
493 698 535 749 :ei
551 701 629 749 tanam
648 698 763 763 recipiat,
781 703 880 752 tenetm
893 714 918 751 cn

127 769 277 834 promissione
295 770 339 820 troc
353 770 419 819 modo
439 769 514 819 celare
528 781 556 819 nc
571 768 594 820 si
606 769 632 819 in
643 768 793 821 mntesnone
813 772 917 834 moero,

126 840 231 903 quamvis
249 839 291 890 snb
306 838 379 903 sigillo
397 840 548 891 confessionis
564 852 612 891 non
623 840 715 891 hahmt.

414 1016 574 1070 nantelinus
587 1017 626 1067 lll.

198 1142 283 1189 veram
292 1142 358 1187 solue
365 1139 475 1185 sacerdos
483 1138 567 1185 tatem
575 1138 683 1196 maulam
690 1143 860 1191 consessionis.

157 1268 191 1320 ld
203 1267 295 1319 tertium
307 1266 341 1316 sic
352 1264 493 1328 proceditur.
503 1262 598 1315 Videtur
609 1262 670 1327 qndd
683 1277 731 1315 non
743 1268 811 1319 solus
821 1268 917 1320 sacerdo

127 1340 226 1404 sigilium
239 1336 390 1390 confessionis
398 1336 490 1388 habeat.
502 1335 560 1394 Quia
571 1336 693 1401 adorando
704 1338 791 1403 aliquis
803 1340 917 1391 confitetor

126 1409 237 1461 sacerdoti
252 1422 293 1473 per
306 1408 453 1471 interpretem
471 1405 609 1457 necessitate
624 1410 731 1469 urgente.
745 1409 796 1460 Sed
813 1410 917 1477 interpres

128 1482 164 1544 (nt
175 1480 273 1542 ridetnrt
283 1480 375 1529 tenetur
384 1476 553 1528 contessionem
566 1476 648 1527 celare.
663 1477 724 1541 Ergo
734 1479 809 1531 etiam
824 1494 874 1533 non
886 1493 916 1532 aa·

125 1550 208 1603 cordos
216 1548 301 1615 aliquid
319 1547 361 1599 snb
370 1545 445 1611 sigillo
457 1545 609 1597 confessionis
619 1547 697 1598 habet.

157 1628 181 1675 d.
194 1622 321 1683 Preterea,
335 1617 457 1682 aliqnando
473 1618 556 1681 aliquis
566 1618 592 1668 in
609 1630 664 1668 casn
679 1619 831 1672 necessitatis
849 1626 918 1685 potest

126 1694 185 1745 laico
201 1691 312 1744 conitmi.
330 1690 376 1741 Sed
394 1689 434 1740 illc
452 1692 543 1740 tenetm
557 1692 652 1753 peccata
663 1689 754 1750 mirre,
763 1690 820 1742 cirm
836 1693 880 1743 silai
890 1693 918 1743 di·

127 1767 209 1817 cantnr
219 1762 279 1815 sicut
288 1762 344 1813 Deo.
357 1759 418 1823 Ergo
430 1772 478 1811 non
491 1760 553 1811 solus
565 1759 671 1810 sacerdos
682 1759 787 1823 sigilium
800 1764 918 1815 conterno

126 1834 163 1885 nis
179 1834 256 1887 habet.

159 1910 183 1955 a.
197 1905 327 1964 Praeterea,
346 1901 467 1966 aliqnando
489 1898 571 1965 aliquis
593 1913 619 1951 se
636 1900 779 1951 sacerdotem
799 1902 918 1968 flagitet

127 1974 290 2028 conscientiam
298 1970 393 2023 alterins
402 1971 505 2037 exploret
511 1982 553 2035 per
559 1969 621 2020 hano
633 1969 745 2019 trondem.
761 1971 792 2020 nt
803 1974 847 2025 ille
856 1976 917 2025 edan

129 2046 174 2109 (nt
186 2043 292 2105 ridetur)
306 2045 393 2105 peccat,
401 2043 423 2092 si
434 2040 602 2093 coniessionem
614 2040 707 2091 revelet.
723 2041 784 2105 Ergo
797 2056 849 2095 non
862 2047 918 2098 solas

125 2113 228 2165 sacerdos
246 2111 346 2175 sigillum
360 2111 512 2163 confessionis
523 2110 599 2163 habet.

158 2182 204 2235 Sed
215 2185 297 2251 contra
306 2186 355 2243 est,
365 2180 426 2245 qnod
442 2182 505 2233 solus
517 2182 622 2233 sacerdos
637 2180 743 2233 minister
756 2187 795 2234 est
804 2185 919 2250 lrnjnssr-

127 2253 245 2305 cramenti.
259 2254 304 2304 Sed
321 2252 421 2317 sigillum
436 2252 589 2305 confessionis
601 2257 639 2303 est
650 2265 764 2303 amexum
777 2256 836 2306 huic
848 2271 918 2309 sama·

126 2328 213 2376 mento.
233 2326 292 2387 Ergo
303 2324 365 2375 solus
377 2324 482 2375 sacerdos
492 2324 562 2374 habet
574 2322 673 2386 sigillum
684 2323 849 2378 confessionis.

158 2397 281 2459 Preterea,
290 2394 342 2445 ideo
358 2393 442 2458 aliquis
454 2396 546 2444 tenetur
556 2406 584 2443 ea
598 2404 649 2456 qum
661 2390 687 2441 in
699 2394 849 2448 confessione
860 2396 919 2450 audit

126 2468 213 2529 celare,
225 2466 277 2530 quia
290 2478 337 2517 non
346 2466 391 2517 scit
401 2477 428 2515 ca
438 2466 551 2525 dihomo,
567 2464 609 2515 scd
620 2467 647 2513 ut
659 2464 728 2513 oeus.
747 2463 794 2516 Sed
810 2469 875 2519 solns
886 2480 920 2519 sa·

126 2539 204 2589 cordos
217 2542 253 2587 est
272 2536 376 2586 minister
389 2536 438 2585 lici.
453 2535 513 2597 Ergo
525 2534 576 2598 ipse
589 2534 651 2585 solus
663 2536 753 2585 tenetur
765 2537 891 2590 occnime

161 2608 316 2669 (Coronnsro.
329 2626 360 2643 ·-
375 2604 485 2665 Quamvis
499 2603 590 2668 proprie
603 2602 702 2665 sigillum
715 2604 869 2658 confessionis
879 2609 919 2660 soli

126 2677 251 2739 sacerdoti,
260 2679 286 2725 nt
298 2674 402 2725 ministro
415 2674 514 2724 clavium
526 2678 654 2737 comperce
664 2677 766 2725 attamen
776 2676 840 2725 sient
851 2679 919 2730 inicos

125 2750 219 2808 propter
235 2744 406 2806 necessitatem,
421 2742 588 2794 contessionem
609 2742 815 2805 andernaicum
828 2747 858 2797 de
870 2755 919 2799 rctn

127 2814 198 2863 clavis
211 2812 347 2877 participat,
361 2813 394 2862 ita
407 2814 472 2863 etde
487 2816 540 2862 actu
555 2812 624 2875 sigilii
637 2812 813 2877 consessionis.)

156 2882 290 2947 despondeo
302 2882 436 2943 dicendum,
450 2882 511 2945 quod
529 2882 631 2946 sigillum
649 2881 801 2933 confessionis
815 2884 918 2949 competit
