1942 3284
134 217 179 262 lsi
304 225 364 262 raas
380 225 420 272 ιιι,
437 225 529 268 ouarsr.
547 224 612 274 crux,
630 225 685 262 aar.
703 225 755 260 vrri.
947 202 950 246 Ι

135 302 201 352 morti
220 303 246 351 et
262 299 431 364 poenalitatibus
446 298 500 350 ritae
518 299 640 363 praesentis
660 304 752 364 propter
766 301 855 350 reatum
873 311 918 361 pcr-

133 385 197 422 soue
205 408 213 434 ‚
228 372 268 422 sed
284 374 376 434 propter
395 373 479 420 statum
497 374 592 420 nature.
606 372 635 421 iit
651 371 703 421 ioco
716 373 809 433 propter
825 371 870 420 icoc
882 381 919 419 mr

135 442 256 506 impeditur
271 442 299 492 air
314 441 407 492 introitu
419 440 483 505 regui
496 442 610 505 caelestis,
623 443 713 506 quaudo
722 442 799 490 anima
812 444 919 504 separatur

135 513 151 562 l
166 526 258 578 corpore
271 525 312 576 per
329 517 431 574 mortem,
449 513 515 575 quasi
529 513 579 576 jam
596 513 710 577 persoluto
730 525 759 563 eo
771 512 833 576 quod
847 515 920 562 nature

135 584 270 636 debebatur.
604 584 606 589 '

417 690 579 741 atticotos
595 691 654 742 Vlll.

177 815 262 858 Utrirm
272 815 401 870 baptimus
410 815 494 859 moeat
503 813 531 858 in
537 814 648 858 erunibus
656 815 770 870 aqualem
781 815 896 871 effectum.

170 940 204 990 ld
212 943 316 990 octavum
330 937 364 988 sic
375 937 502 1002 proceditur
511 938 557 1001 (1).
566 939 660 990 Videtur
672 938 732 1002 quod
744 940 875 1004 baptismus
884 952 920 990 uor

139 1011 221 1062 habeat
231 1010 254 1062 iu
270 1011 375 1063 omuibus
385 1010 496 1073 equalem
505 1009 621 1060 ellectum.
635 1011 735 1061 Electus
747 1012 812 1062 cuim
824 1011 920 1076 baptisari

139 1085 175 1132 est
198 1081 292 1132 remotio
312 1081 394 1144 culpo,
415 1081 458 1131 Sed
480 1079 506 1129 iu
529 1080 661 1142 quibusdam
681 1080 746 1142 plura
764 1087 860 1145 peccata
877 1080 924 1131 tollit

139 1152 208 1215 quim
219 1152 244 1202 iu
255 1151 321 1213 aliis3
336 1164 388 1201 uam
405 1151 430 1200 iu
439 1151 517 1214 pueris
530 1151 589 1202 malt
597 1150 671 1202 sotim
683 1156 803 1214 peceatum
815 1151 922 1216 origirie.
954 1162 955 1165 ’

140 1224 165 1274 iu
177 1223 260 1274 adultis
278 1227 354 1274 autem
366 1221 436 1272 ctiam
452 1226 547 1285 peccata
561 1222 699 1284 actualia‚iu
711 1220 922 1288 quitusdampiurr,
954 1246 955 1259 ι

140 1297 165 1346 iu
186 1294 318 1358 quibusdam
340 1292 395 1343 vero
416 1293 532 1356 pauciora.
552 1293 605 1344 Nou
627 1306 682 1356 erpo
699 1295 812 1356 aqualem
831 1294 922 1346 eteuuu
954 1302 955 1355 t

140 1365 208 1414 habet
222 1364 346 1428 baptismus
359 1363 383 1412 iu
394 1363 509 1413 omuibus.
954 1362 955 1423 i

173 1441 196 1486 a.
213 1436 337 1496 Praeterea,
351 1447 392 1496 per
410 1433 549 1497 baptismum
560 1435 705 1486 conteruntur
722 1434 811 1486 homiui
831 1435 922 1501 gratiae
954 1426 956 1504 i

141 1506 243 1556 uirtutes.
264 1505 308 1557 Sed
321 1505 411 1568 quidam
427 1507 479 1568 poet
496 1503 635 1567 baptismum
658 1506 764 1558 ridentur
782 1508 871 1558 eruere
890 1516 925 1555 ua
954 1508 956 1603 y

142 1577 213 1639 iorem
229 1576 324 1640 gratiam
337 1579 360 1627 et
374 1575 537 1640 perfectionem
556 1576 665 1626 virtutum
680 1576 749 1640 quim
767 1578 808 1628 aiii
821 1575 925 1644 baptizati.

142 1649 192 1698 Nou
203 1661 257 1711 ergo
270 1650 397 1712 baptismus
407 1647 475 1698 hauet
485 1647 597 1710 aqualem
610 1647 714 1699 ellectum
725 1647 750 1698 iu
757 1650 877 1701 omuibus.

175 1724 197 1768 3.
215 1721 342 1781 Praeterea,
356 1723 435 1770 natura
456 1718 571 1782 perticitur
585 1731 626 1782 per
643 1720 752 1783 gratiam,
768 1720 829 1770 sicut
848 1717 927 1772 uuam

143 1803 185 1852 per
201 1792 304 1842 formam.
321 1791 366 1840 Sed
381 1789 453 1840 torma
466 1789 575 1853 recipitur
594 1790 619 1839 iu
635 1792 729 1841 materia
747 1793 876 1842 secuudum
890 1789 928 1852 eju

143 1863 299 1926 capacitatem.
313 1861 369 1911 Ciam
380 1875 435 1924 ergo
445 1862 470 1912 iu
483 1861 618 1924 quibusdam
628 1861 759 1925 baptizatis,
770 1864 844 1913 etiam
855 1861 926 1927 puerit.

144 1932 175 1984 sit
191 1933 264 1996 major
282 1933 397 1996 capacitas
416 1932 554 1984 naturalium
571 1932 639 1996 quam
652 1936 677 1984 iu
692 1933 758 1995 aliis,
774 1934 867 1984 ridetur
881 1927 930 1994 ortt
953 1936 954 1963 r

143 2003 236 2065 quidam
252 2002 362 2071 majorem
386 2003 479 2064 gratiam
499 2007 666 2066 cousequantur
679 2004 746 2068 quim
760 2003 809 2054 alii.

176 2077 199 2123 t.
215 2075 335 2138 preterea,
345 2073 436 2136 quidam
451 2076 475 2125 iu
491 2075 603 2138 baptismo
616 2080 794 2138 consequuntur,
805 2089 855 2128 uon
869 2072 929 2126 solia

144 2143 283 2208 spiritualem
307 2145 419 2208 sautem,
434 2146 476 2196 seri
495 2146 565 2196 etiam
582 2147 735 2210 corporalem,
751 2147 811 2198 aaut
835 2148 898 2212 patet
910 2142 930 2190 le

146 2214 308 2278 Consentino,
329 2214 369 2283 qui
386 2215 410 2264 iu
429 2214 542 2280 baptismo
564 2217 686 2266 mundatus
706 2220 743 2267 est
764 2215 779 2268 a
798 2216 873 2281 lepra.
891 2213 931 2264 Nor

146 2290 221 2338 auteur
240 2299 321 2340 omues
341 2287 425 2338 infirmi
445 2288 585 2352 corporalem
610 2288 707 2339 salutm
725 2294 896 2352 cousequantur
910 2283 929 2332 it

145 2357 266 2421 baptismo.
280 2359 339 2422 Ergo
356 2371 401 2408 uon
415 2359 483 2410 trahet
495 2358 604 2422 aqualem
619 2358 725 2410 ellectum
739 2359 765 2409 iu
779 2360 892 2412 omuitus.

177 2429 223 2484 teo
245 2435 322 2481 contra
338 2434 389 2493 est,
407 2431 468 2494 quod
492 2430 574 2480 dicitur
591 2429 690 2493 tipice„
711 2431 761 2480 iii:
778 2447 793 2478 ι
807 2431 860 2483 ilua
877 2429 930 2481 tta,

147 2515 218 2552 uuum
241 2502 359 2565 baptisma.
381 2518 396 2549 u
421 2502 542 2552 tluiiormis
567 2506 643 2553 autem
667 2515 743 2554 muso
763 2509 800 2554 est
823 2496 930 2554 uuuorut

148 2673 229 2718 Sedet
242 2675 338 2730 Gpriiiue
351 2671 508 2730 oculariter,
520 2673 586 2727 juxta
600 2684 698 2730 praem
712 2673 839 2719 coitionem
855 2676 932 2730 legera,

148 2737 196 2781 lteo
210 2737 311 2793 applicat
322 2736 400 2781 hostes
413 2741 494 2780 contra
508 2735 599 2780 iudum
615 2735 744 2792 adjuranti.

181 2803 212 2866 tt)
227 2809 259 2852 Ite
274 2808 310 2852 his
325 2807 396 2851 etiam
409 2807 457 2863 lv,
470 2805 549 2853 Serri..
561 2806 614 2851 (list.
627 2805 655 2864 t,
671 2820 711 2863 qu.
721 2808 749 2864 a,
763 2812 808 2851 ert.
821 2807 849 2865 3,
865 2814 928 2862 quae

149 2869 220 2914 tiuuc.
241 2869 252 2916 i
268 2877 290 2915 et
304 2871 332 2923 ἲς
347 2875 371 2914 et
384 2868 438 2914 dist.
456 2867 500 2926 18,
515 2881 555 2924 qu.
574 2869 602 2927 1,
617 2875 660 2915 art.
678 2869 706 2928 3,
720 2869 858 2925 ιιιιιωιίιιιιο.
875 2866 929 2919 1‚iu

149 2944 213 2987 corp.
