1942 3284
130 221 162 268 8⁰
327 226 386 266 PARS
403 226 447 276 m,
464 226 556 273 QUAEST.
573 227 630 278 LXV,
643 225 699 266 ΛΠ.
715 229 732 265 t.

131 304 247 371 precipue
263 304 352 368 quando
369 316 434 353 suam
447 303 596 354 intentionem
610 303 711 355 exterius
725 303 872 356 manifestat.
887 305 933 356 dlio

130 379 198 428 modo
218 378 293 441 potest
309 375 409 439 peruerti
424 374 525 427 intentio
544 375 643 425 ministri
659 374 768 439 quantum
788 376 858 428 adid
876 378 932 444 quod

130 449 233 512 sequitur
254 450 434 511 sacramentum3
449 446 521 511 putd,
544 448 565 498 si
585 448 690 498 sacerdos
709 446 812 498 intendat
833 449 933 514 aliquam

131 520 246 571 [seminam
259 518 374 583 baptizare
387 522 413 569 ut
433 520 536 569 abutatur
549 533 590 582 ea,
601 519 638 570 vel
658 520 679 570 si
699 518 801 570 intendat
819 522 933 572 coniicerc

132 605 214 656 corpus
229 590 328 651 Christi,
345 593 411 641 uteo
425 591 451 640 ad
466 591 575 642 veneficia
595 594 678 641 utatur.
693 591 722 641 Et
736 591 790 654 quia
803 592 875 655 prius
891 607 934 644 nou

133 663 247 727 dependet
258 661 272 712 d
284 660 419 725 posteriori,
434 662 486 712 inde
506 665 542 713 est
554 661 614 726 qudd
625 661 678 712 tatis
691 661 827 715 intentionis
841 677 934 727 perrer-

134 735 189 785 sitas
208 734 330 785 ueritatem
349 734 487 785 sacramenti
506 747 552 785 non
566 733 641 798 tollit3
654 734 694 785 sed
712 732 762 799 ipse
780 734 893 788 minister
909 749 935 786 er

134 806 176 856 tali
193 806 320 856 intentione
334 807 432 869 graviter
444 809 534 870 peccat.

166 879 200 928 nd
217 877 313 943 primum
330 890 384 941 ergo
407 877 542 940 dicendum,
554 875 615 941 quod
630 877 737 928 Ecclesia
757 877 858 930 intentio
879 885 936 932 recta

135 952 182 1013 est,
196 952 220 999 et
233 947 342 1011 quantum
362 949 391 1000 ad
405 951 539 1000 sacramenti
550 949 729 1015 perfectionem,
743 953 767 1000 et
779 951 895 1012 quantum
909 953 934 1002 ad

135 1021 269 1072 sacramenti
281 1034 357 1071 nsum.
375 1021 421 1072 Sed
434 1022 507 1085 prima
525 1020 635 1072 rectitudo
651 1021 737 1085 pertinit
752 1028 935 1086 sacramentum,

135 1094 234 1145 mennda
246 1097 351 1158 operatur
363 1094 390 1145 ad
402 1093 518 1145 meritum.
532 1095 561 1143 Et
575 1093 626 1145 ideo
641 1093 743 1145 minister
753 1093 792 1157 qui
806 1096 936 1146 conformat

135 1164 287 1217 intentionem
300 1179 365 1216 snam
380 1165 489 1217 Ecclesia
500 1165 608 1229 quantum
620 1166 647 1216 ad
658 1165 753 1229 primam
763 1166 934 1228 rectitudinem,

137 1250 184 1288 non
197 1241 273 1288 autem
286 1237 396 1302 quantum
409 1239 437 1288 ad
456 1239 592 1299 secundam,
606 1236 693 1301 perficit
703 1237 794 1301 quidem
807 1251 936 1290 sacramen-

136 1312 198 1371 tum,
211 1310 311 1361 sednon
326 1314 362 1360 est
374 1309 397 1360 ei
411 1309 439 1360 ad
451 1310 565 1361 meritum.

169 1382 202 1432 dd
224 1382 348 1432 secundum
366 1381 504 1442 dicendum,
518 1379 579 1445 quod
592 1380 690 1432 intentio
703 1381 788 1432 ludicra
808 1381 847 1431 uel
861 1382 937 1445 jocosa

138 1451 238 1502 excludit
253 1451 349 1516 primam
362 1451 520 1502 rectitudinem
533 1453 679 1513 intentionis,
691 1466 732 1517 per
743 1465 811 1516 quam
820 1453 938 1516 perficitur

66 1531 70 1539 ·
139 1526 312 1574 sacramentum.
327 1524 356 1575 Et
369 1524 421 1575 ideo
433 1536 481 1574 non
494 1527 529 1574 est
543 1523 625 1575 similis
638 1525 704 1576 ratio.

170 1596 204 1646 dd
225 1597 316 1647 tertium
334 1597 471 1658 dicendum,
493 1595 554 1661 quod
577 1609 684 1662 peruersa
706 1595 803 1648 intentio
827 1598 938 1660 pervertit

139 1679 195 1732 opus
214 1667 369 1732 intendentis,
384 1683 430 1721 non
448 1673 525 1720 autem
539 1681 596 1733 opus
614 1667 715 1719 alterius.
733 1668 761 1718 Et
773 1668 867 1719 ideoex
886 1683 936 1733 per·
958 1683 959 1712 r

139 1751 205 1791 versa
223 1740 350 1792 intentione
366 1740 465 1792 ministri
480 1740 617 1805 pervertitur
635 1740 659 1790 id
678 1741 737 1804 quod
757 1739 803 1804 agit
816 1738 842 1791 in
865 1754 937 1792 sacra·
958 1781 959 1804 ,

139 1812 240 1874 mentis,
252 1811 277 1862 in
289 1816 398 1876 quantum
411 1814 448 1863 est
464 1826 522 1876 opus
535 1812 600 1876 ejus,
615 1824 661 1861 non
675 1811 699 1861 in
712 1816 823 1876 quantum
830 1817 869 1863 est
880 1826 937 1877 opus
958 1809 959 1822 ²

138 1884 240 1948 Christi,
255 1886 321 1948 cujus
334 1889 371 1935 est
384 1883 495 1936 minister.
510 1885 540 1936 Et
553 1887 590 1934 est
602 1883 675 1935 simite
688 1886 707 1936 si
721 1884 824 1936 minister
838 1886 937 1946 alicujus

138 1956 240 2007 hominis
257 1969 326 2021 praru
338 1956 464 2008 intentione
482 1956 581 2008 deterret
594 1955 732 2020 pauperihus
749 1957 937 2023 eleemosynam,

140 2041 208 2091 qnam
222 2029 328 2080 dominns
337 2032 399 2080 recta
413 2029 541 2080 intentione
552 2030 676 2080 mandaret.
713 2029 714 2034 ’

403 2373 570 2444 domnolo
587 2374 677 2443 LXV.

141 2518 176 2564 De
188 2528 291 2564 smero
308 2522 529 2568 sacramentorum,
543 2519 573 2564 ts
584 2521 690 2576 quotuor
703 2518 822 2565 crttcutce
843 2519 934 2566 dictem.

168 2667 255 2718 tteinde
269 2666 458 2718 considerandum
467 2671 504 2718 est
516 2667 544 2720 de
555 2679 649 2718 aunem
664 2674 866 2720 sacramentorum.

171 2740 201 2789 Et
214 2738 272 2790 circa
282 2739 328 2790 troc
341 2742 470 2803 queruntur
483 2743 597 2803 quatuor:
611 2742 636 2788 1⁰
648 2738 727 2790 Utrdm
740 2739 787 2791 sint
800 2745 887 2805 septem
899 2753 938 2790 sa-

140 2815 263 2863 cramenta.
276 2815 303 2860 2⁰
311 2811 343 2860 tte
353 2810 431 2862 ordine
441 2823 521 2861 eornm
534 2811 562 2862 ad
576 2808 716 2861 inuicemd⁰
724 2813 755 2862 ite
765 2813 937 2877 comparatione

141 2893 227 2933 eomm.
240 2884 267 2930 t⁰
283 2881 362 2936 Utrdm
376 2881 451 2934 omnia
461 2881 509 2932 sint
522 2881 550 2934 de
563 2883 698 2936 necessitate
711 2883 801 2935 salutis.
