1942 3284
117 162 166 208 Μ
304 169 364 206 PARS
378 169 418 217 111,
434 166 528 213 QUAEST.
544 136 623 218 frmi,
636 167 693 206 ΛΠ.
706 168 741 206 ῙΧ.

117 247 268 296 clericorum
287 261 295 294 :
312 261 326 291 ιι
343 243 451 307 signatur
464 243 590 306 baptizatus
604 243 727 294 chrismate
741 243 767 294 in
784 244 909 294 summitate
953 277 954 322 p

118 317 199 382 capitis
209 331 251 381 per
260 316 407 379 sacerdotem,
422 331 463 380 per
475 315 605 381 pontitirem
620 316 674 367 roro
687 317 713 366 in
724 317 809 368 fronte.
827 333 842 364 n
953 359 954 396 1

150 391 313 454 (Coresusro.
327 415 358 426 -
369 388 491 452 signantur
499 387 647 439 confirmandi
665 387 788 440 chrismate
805 388 879 439 cruris
891 387 910 437 in
953 415 954 420 κ

117 463 202 524 ironte,
210 465 234 511 et
247 464 273 511 ut
286 460 310 510 in
322 459 387 522 signo
401 461 522 511 maniiesto
537 475 561 511 se
572 462 695 512 ostendant
705 461 848 512 christianos
857 472 910 520 esso,

117 537 141 584 ot
160 546 189 583 ne
204 546 286 582 nomen
299 532 384 582 Christi
399 533 427 583 ot
442 533 548 584 umorem
560 533 597 583 vel
616 533 800 584 erubescentiam
815 530 912 584 mutteri

116 605 300 668 praetermittant.
311 606 320 666 i

148 677 284 740 Respondeo
300 675 429 740 dicendum,
444 676 505 740 qnod
524 675 584 728 sieut
599 675 666 740 supra
678 675 765 727 dictum
784 681 823 728 est
834 676 910 740 (arti

116 753 140 800 et
150 749 194 813 a),
208 749 232 799 in
244 750 288 799 hoa
302 755 443 801 sacramento
456 752 525 800 homo
539 749 623 814 aooipit
636 748 746 813 Spiritum
762 751 871 799 sanetum
888 748 911 796 at

116 821 184 871 robur
204 821 327 884 spiritualis
340 835 436 886 pugne,
456 825 482 871 ut
502 820 598 883 fortiter,
619 820 688 871 etiam
702 819 761 872 inter
776 819 912 872 aduersarios

116 892 169 943 fidei
190 892 288 956 christi,
304 893 372 944 fidem
393 893 535 944 confiteatur.
550 893 613 943 Unde
635 891 801 943 conuenienter
816 893 913 954 signatur

116 965 235 1015 chrismate
252 965 318 1027 signo
335 966 409 1016 omnis
426 966 450 1016 in
466 966 555 1028 fronte,
571 970 664 1030 propter
680 965 725 1014 duo
745 964 848 1015 :Primo
865 963 912 1027 qui·

117 1036 183 1095 dem,
206 1037 259 1099 quia
272 1037 397 1101 insignitur
409 1038 475 1100 signo
491 1037 574 1099 erucis,
585 1037 644 1088 siout
662 1036 729 1086 miles
748 1036 818 1098 signo
838 1035 912 1095 ducis3

116 1107 177 1171 quod
188 1109 279 1172 quidem
294 1109 361 1159 debet
374 1122 426 1160 esse
441 1109 536 1159 evidens
554 1113 577 1159 et
595 1109 749 1158 manifestum.
765 1108 831 1159 inter
844 1105 912 1158 omnia

116 1183 192 1229 autem
205 1181 255 1229 iooa
273 1181 372 1244 eorporis
386 1181 495 1239 humani,
516 1179 614 1231 manime
633 1179 696 1230 troas
716 1179 842 1230 manifesta
865 1181 912 1238 est,

117 1262 168 1313 qnae
189 1250 255 1314 qnasi
277 1264 392 1315 nunquam
414 1252 534 1316 obtegitur.
549 1254 579 1302 at
596 1252 648 1302 ideo
669 1250 748 1300 linitur
771 1251 913 1301 confirmatus

116 1321 238 1372 chrismate
262 1322 287 1372 in
313 1323 402 1386 fronte,
424 1327 450 1372 nt
471 1323 494 1373 in
515 1324 635 1374 manifesto
658 1323 799 1374 demonstret
821 1335 848 1372 se
868 1332 912 1371 esse

116 1393 274 1455 christianum,
286 1395 347 1446 siout
357 1399 381 1445 et
395 1396 553 1460 apostolipost
563 1399 681 1460 acceptum
693 1393 805 1457 Spiritum
815 1397 911 1445 sanetmn

117 1477 142 1513 se
155 1466 368 1525 manifestaverunt,
386 1467 425 1530 qui
434 1465 499 1530 priirs
511 1467 535 1516 in
546 1466 661 1517 omnaouio
672 1465 782 1516 latebant.
800 1461 912 1520 Seountt,

116 1533 170 1595 guia
190 1535 270 1598 aliquis
290 1536 413 1600 impeditor
434 1537 532 1588 alitora
555 1537 697 1588 consessione
718 1536 819 1586 nominis
835 1532 913 1586 Christi

116 1611 209 1670 prepter
219 1609 277 1670 du03
292 1608 377 1659 scilieet
390 1612 483 1673 propter
491 1608 593 1659 timorem
606 1612 630 1658 et
642 1611 735 1671 propter
746 1606 911 1657 uerecundiam.

116 1678 239 1744 Utriusque
247 1683 322 1730 autern
333 1682 508 1746 horumsignum
520 1680 617 1730 manime
628 1679 821 1729 manifestaturin
833 1680 911 1734 ironte,

116 1756 208 1816 propter
218 1755 276 1814 duo;
292 1753 379 1804 scilieet
391 1755 583 1819 propinquitatem
597 1751 774 1816 imaginationis,
788 1756 811 1802 et
824 1752 912 1816 propter

116 1824 160 1874 troo
173 1823 233 1886 quod
247 1824 363 1888 spiritustr
377 1827 445 1876 corde
454 1825 542 1876 directe
553 1826 580 1875 ad
591 1825 688 1874 frontem
702 1824 837 1874 ascendunt.
853 1821 911 1872 Unde

113 1910 128 1941 ιι
150 1895 296 1944 verecundati
316 1897 588 1959 erubeseunt‚timentes
607 1899 682 1944 autem
696 1893 870 1958 pallescunt»
891 1893 914 1937 ut

115 1965 198 2016 dieitur
216 1966 240 2016 in
253 1968 291 2016 lv.
308 1967 391 2017 nette.
407 1971 473 2032 (rap.
491 1969 558 2030 ult).
573 1969 602 2018 Et
617 1968 668 2017 ideo
682 1967 706 2016 in
725 1966 799 2016 ironte
812 1967 912 2030 signatur

114 2037 250 2098 chrismate,
263 2041 289 2087 ut
302 2051 376 2101 neque
390 2042 482 2104 propter
496 2040 616 2102 timorem,
630 2051 704 2102 neque
718 2040 813 2100 propter
825 2036 911 2088 erubes-

114 2108 212 2158 oentiam
225 2121 309 2158 nomen
323 2109 407 2160 Christi
420 2111 523 2161 confiteri
537 2109 702 2175 praetermittat.

147 2181 179 2229 td
192 2179 289 2243 primum
305 2194 359 2242 ergo
371 2181 500 2246 dicendum,
514 2181 574 2245 quod
589 2195 629 2244 per
639 2180 778 2244 baptismum
796 2191 908 2244 regenere-

114 2263 165 2299 mur
178 2250 206 2300 ad
221 2249 291 2299 vitam
311 2248 465 2314 spiritualem,
480 2267 531 2317 quae
548 2253 575 2301 ad
591 2255 660 2302 toturn
674 2250 791 2302 hominem
805 2251 907 2316 pertinet.

114 2321 158 2371 Sed
173 2320 197 2371 in
211 2321 380 2374 confirmatione
392 2325 523 2375 roboramur
535 2325 562 2373 ad
571 2336 683 2388 pugnam,
695 2323 762 2387 cujus
773 2321 866 2385 signum
879 2321 907 2370 ie·

114 2391 208 2444 rendum
218 2398 253 2442 est
266 2393 291 2443 in
302 2394 386 2458 fronte,
400 2396 464 2458 quasi
478 2395 503 2444 in
515 2394 615 2446 euidenti
629 2396 687 2444 loco.

146 2464 178 2513 td
196 2465 319 2515 secundum
337 2466 473 2529 dicendum,
488 2466 549 2530 quod
568 2466 707 2530 principium
723 2463 866 2516 fortitudinis
880 2465 911 2514 est
953 2479 954 2482 ¹

113 2535 138 2584 in
153 2537 235 2597 eorde,
250 2537 290 2587 sed
307 2536 397 2602 siguum
415 2542 510 2603 apparet
528 2539 552 2588 in
570 2539 659 2601 fronte,
677 2543 702 2588 ut
715 2537 799 2588 dieitur
814 2539 907 2590 Ezect..
953 2583 954 2600 g

114 2606 144 2657 iii
156 2621 162 2656 ε
172 2624 187 2655 ιι
196 2609 254 2658 ane
265 2609 316 2660 dedi
328 2610 425 2661 frontem
437 2613 499 2662 tuam
511 2609 625 2662 duriorem
640 2609 753 2662 frontibus
762 2623 852 2660 eorum.
861 2625 874 2658 a
884 2602 908 2657 m

113 2783 153 2828 qu.
167 2772 191 2832 a,
203 2778 246 2818 ιιι
259 2772 285 2831 a,
297 2774 433 2830 ιιιιιιιιιι.
443 2774 466 2829 n
477 2780 502 2821 et
512 2775 603 2822 caetra
614 2775 745 2825 oretum.
756 2777 799 2831 rr,
809 2785 862 2834 erp.
872 2771 906 2822 tor
953 2755 954 2816 i

113 2835 795 2898 ethodtit.,X1,art.'1;etodflom.,1,leot.5in
812 2837 907 2898 flne,et
953 2819 954 2888 Ῐ

113 2898 214 2957 mrem.
224 2898 249 2960 s,
263 2900 310 2946 ιιι.
324 2899 348 2945 1.
449 2933 451 2938 .
953 2909 954 2954 ι
