1942 3284
267 237 297 272 nn
313 237 369 274 nuru
385 237 460 275 nnrns
477 236 637 276 secernerem.
806 231 851 278 659

78 317 103 360 6.
116 312 246 374 Pretema,
257 311 401 362 ridiculosum
415 313 481 364 etiam
495 313 586 364 videtur
599 315 657 379 quod
670 315 776 368 sacerdos
794 320 853 368 mul·

48 384 116 434 toties
139 397 165 434 se
182 383 210 432 ad
228 384 336 448 populum
354 388 441 448 vertat,
456 389 480 435 et
494 385 611 436 multoties
626 388 737 451 populum
757 389 850 441 saintet.

47 457 97 505 Non
114 468 172 518 ergo
185 455 268 505 debent
282 456 330 506 bec
345 455 394 506 deri
409 456 434 505 in
452 457 604 507 celebratione
621 459 690 522 hujus
705 462 850 511 sacramenti.

76 531 100 578 l.
113 529 248 588 Praeterea,
262 528 384 589 Apostolus
396 528 405 576 l
419 529 491 588 Cor„
503 530 519 591 l,
535 542 577 594 pro
591 529 761 580 inconvenienti
770 533 849 595 habet,

45 598 105 664 quid
122 597 229 648 Christus
243 597 331 648 divisus
347 599 386 647 sit.
400 600 443 649 Sed
464 604 518 662 post
534 601 725 651 consecrationem
744 603 851 656 Christus

44 675 77 721 est
93 671 118 719 in
137 671 183 719 hoc
196 671 345 720 sacramento.
359 671 547 721 inconvenienter
558 686 611 734 ergo
624 673 699 724 hostia
714 674 849 738 frangiturir

45 743 176 792 sacerdote.

76 819 100 864 8.
116 815 249 876 Praeterea,
262 826 286 864 ea
298 825 348 876 que
359 813 383 861 in
393 815 437 863 hoc
448 820 589 866 sacramento
602 818 706 878 aguntur,
717 816 848 881 passionem

45 886 129 936 Christi
148 889 323 948 representem.
334 885 379 936 Sed
391 885 415 934 in
424 886 532 950 passione
543 887 627 937 Christi
642 901 723 952 corpus
732 889 776 938 tuit
789 890 848 939 divi·

45 971 93 1007 sum
105 958 131 1006 in
144 956 204 1007 locis
214 956 312 1019 quinque
323 957 449 1008 vulnerum.
457 959 517 1020 Ergo
526 971 608 1021 corpus
617 959 703 1009 Christi
712 958 737 1008 in
747 959 847 1023 quinque

44 1034 120 1093 partes
132 1027 210 1091 frangi
225 1027 325 1091 deberet,
338 1028 410 1091 magis
423 1028 490 1092 quim
505 1029 529 1079 in
542 1033 596 1080 tres.

73 1108 96 1152 9.
113 1103 229 1151 Praehrea
239 1139 245 1160 ,
256 1103 328 1150 toturn
341 1111 423 1165 corpus
439 1100 560 1152 christiin
571 1104 614 1152 boc
629 1107 770 1153 sacramento
784 1117 847 1156 seor·

44 1189 92 1224 sum
116 1175 265 1224 consecratur
283 1171 296 1222 l
311 1173 431 1236 sanguine.
451 1174 641 1224 lnconvenienter
657 1187 710 1238 ergo
729 1187 774 1225 nna
794 1189 848 1239 pars

44 1249 94 1310 ejus
108 1245 219 1308 sanguini
234 1243 349 1294 miscetur.

73 1323 113 1368 to.
133 1319 259 1377 Praeterea,
278 1315 335 1366 sicut
348 1329 431 1380 corpus
440 1317 525 1368 Christi
536 1317 703 1382 proponiturin
716 1320 760 1370 boc
771 1332 847 1370 sacra·

43 1394 121 1442 mento
135 1393 163 1439 ut
175 1389 251 1452 cibus,
266 1387 334 1439 itaet
349 1389 442 1452 sanguis
452 1389 535 1439 Christi
545 1393 654 1453 utpotne.
665 1391 711 1440 Sed
720 1391 846 1454 sumptioni

44 1461 146 1525 corporis
165 1460 253 1510 Christi
270 1473 314 1510 oon
335 1459 464 1523 adjungitur
485 1461 511 1509 in
525 1461 676 1513 celebratione
695 1463 770 1513 hlissrc
788 1462 847 1514 alius

43 1533 170 1596 corporalis
185 1532 257 1582 cibus.
272 1531 461 1582 inconvenienter
473 1531 543 1595 igitur
553 1535 657 1583 sacerdos
670 1537 723 1596 post
736 1535 847 1597 sumptio-

44 1617 95 1654 nem
110 1603 233 1666 sanguiuis
245 1603 331 1653 Christi
344 1599 427 1652 vinnm·
437 1617 483 1654 uon
497 1607 654 1654 consecratum
665 1603 742 1654 sumit,

73 1680 111 1727 lt.
130 1677 243 1726 Preterea
252 1715 259 1738 ,
269 1676 354 1726 veritas
369 1675 437 1724 debet
446 1676 678 1739 responderetigurae.
693 1675 739 1726 Sed
749 1676 777 1725 de
788 1689 846 1737 agno

43 1748 159 1810 paschali,
170 1748 210 1810 qui
221 1747 264 1796 init
277 1748 346 1810 hgura
358 1747 427 1809 hujus
442 1747 585 1809 sacramenti,
597 1745 716 1796 mandatur
726 1745 787 1810 qubd
800 1759 846 1795 uon

43 1822 172 1880 remaneret
181 1833 210 1870 en
224 1833 252 1870 eo
266 1819 388 1882 quidquam
400 1832 471 1882 nsque
486 1831 562 1868 ruane.
576 1818 765 1869 inconvenienter
778 1818 848 1880 igitur

43 1893 124 1942 hostie
141 1893 278 1942 consecrate
291 1895 446 1953 reservantur,
463 1893 486 1940 et
500 1903 546 1940 non
561 1891 637 1940 statim
652 1895 783 1940 sumuntur.

74 1967 113 2014 12.
137 1965 268 2024 Praeterea,
291 1964 397 2012 sacerdos
425 1962 543 2025 pluraliter
566 1961 666 2025 loquitur
685 1962 844 2024 audientibus,

44 2036 94 2086 niun
113 2036 172 2088 dicit
185 2051 190 2085 :
208 2053 220 2082 u
231 2036 340 2086 Dominus
353 2034 492 2094 vobiscum,
507 2051 521 2080 o
533 2038 557 2083 ct
570 2051 576 2084 r
587 2051 601 2082 u
613 2034 702 2084 Gratias
716 2047 818 2097 agamus.
829 2049 844 2080 o

44 2109 85 2158 Sed
97 2107 266 2158 inconveniens
278 2107 369 2156 ridetur
379 2105 495 2169 pluraliter
509 2105 571 2168 loqui
587 2106 629 2155 uni
645 2106 698 2170 soli,
709 2109 731 2157 et
745 2105 846 2155 manime

45 2179 136 2230 minori.
149 2179 209 2243 Ergo
224 2178 388 2228 inconveniens
400 2177 490 2226 videlru
500 2177 560 2240 qobd
576 2178 681 2228 sacerdos
695 2190 741 2227 uno
754 2176 845 2226 tanthrn

46 2249 150 2301 ministro
168 2253 292 2314 praesente,
305 2247 405 2298 celebret
421 2247 520 2296 Missam.
539 2247 577 2297 Sic
599 2247 668 2310 igitur
680 2247 772 2299 videtur
785 2245 846 2310 quon

45 2320 235 2372 inconvenienter
251 2319 327 2382 aliqua
352 2319 448 2380 agantur
465 2318 491 2366 in
510 2317 662 2369 celebratione
680 2319 750 2382 hujus
769 2329 844 2367 sacra·

48 2393 128 2443 urenti.

76 2465 120 2515 Sed
135 2466 215 2513 contra
229 2467 277 2525 est,
289 2461 399 2512 Ecclesiae
417 2461 574 2522 consuetudo,
590 2474 640 2524 que
655 2472 729 2511 errare
747 2471 794 2510 non
805 2471 848 2522 po-

48 2538 100 2598 test,
112 2537 193 2599 utpote
211 2534 224 2584 a
239 2535 324 2598 Spiritu
340 2537 420 2584 sancto
432 2533 549 2584 instructa.

80 2609 240 2670 (Coucnnsro.
251 2633 282 2642 -
295 2606 448 2668 Quaecumque
461 2603 627 2654 ceremonialia
640 2603 700 2653 circa
712 2605 757 2653 hcc
771 2615 847 2652 sacra-

48 2683 146 2728 mentum
159 2681 266 2740 aguntur,
279 2680 334 2726 sunt
345 2674 405 2724 certa
417 2675 504 2727 ratione
517 2679 616 2736 statuta,
630 2676 668 2726 vel
679 2675 706 2724 ad
721 2687 847 2738 repraesen-

48 2751 136 2800 tandam
155 2747 238 2800 Christi
253 2747 394 2812 passionem,
411 2748 448 2796 vel
460 2749 488 2798 ad
501 2748 646 2798 devotionem
661 2750 685 2796 et
695 2743 847 2796 reverentiam

48 2823 194 2883 erigendam.)

77 2894 214 2957 Respondeo
225 2891 353 2954 dicendum,
366 2891 427 2953 qubd
439 2889 498 2940 sicut
511 2889 579 2952 snpri
593 2890 678 2940 dictum
693 2893 729 2940 est
738 2888 788 2953 (qu.
804 2892 845 2949 66,

50 2967 92 3014 art.
105 2967 152 3015 het
166 2965 207 3028 6),
216 2963 242 3013 iu
251 2962 399 3014 sacramentis
409 2961 531 3030 dupliciter
542 2961 627 3028 aliquid
642 2960 790 3027 significatur,
800 2959 849 3010 sci·
