1942 3284
161 178 190 213 nu
205 176 351 215 uniuersum
368 174 473 213 mucro
490 176 708 214 sucnruuuronnu.
812 166 841 215 tr

339 358 496 409 inuentus
510 360 548 409 vt.

100 482 179 528 Utricm
187 486 343 529 sacramento
358 482 443 537 vermis
458 482 516 539 lepis
530 484 635 540 oratiam
651 490 786 529 corruerent.

78 608 110 659 ud
125 614 209 660 sertum
230 610 265 659 sic
280 608 414 673 proceditur
426 607 471 672 (1),
492 607 585 658 Videtur
598 608 658 672 qudd
677 610 746 660 ctiam
763 624 844 661 sacru-

52 685 118 731 uero
129 684 214 731 veteris
227 681 286 744 tegis
300 679 396 743 gretiam
410 684 538 731 censerent.
551 680 622 742 Quin,
632 683 691 731 sicut
705 681 790 732 dictum
807 687 844 733 est

55 749 99 813 [ert.
107 752 138 815 5),
148 756 293 802 sacramenta
304 764 372 801 novoe
384 751 441 813 legis
454 752 540 801 hubent
551 752 682 801 etticncinm-
690 766 719 803 ex
731 754 775 804 tide
790 768 842 818 pas·

51 820 113 873 nonis
123 824 215 874 Christi.
230 824 275 873 Sed
293 823 350 873 tides
365 822 478 886 passionis
495 822 579 873 Christi
596 822 640 873 init
654 825 678 874 in
692 826 765 874 reteri
778 826 842 890 lege,

51 894 103 943 scut
114 898 136 945 et
148 896 173 944 in
186 908 265 957 uoun3
279 894 391 943 hahemus
406 894 466 944 euim
480 911 494 941 u
508 895 612 945 eumdem
626 896 738 959 Spiritum
750 896 843 959 fidei,»

49 968 70 1011 nt
79 966 171 1016 debetur
182 968 213 1015 ii.
228 965 351 1024 adcor„
367 965 406 1014 tv.
420 966 484 1015 Sicut
495 979 548 1029 ergo
558 970 775 1019 sacramentonum
785 968 843 1032 tegis

51 1038 160 1087 conterunt
172 1036 287 1101 gratiam,
300 1036 334 1086 ita
344 1037 413 1090 etiem
426 1040 571 1087 sacramenta
582 1038 666 1087 veteris
677 1038 735 1101 legis
748 1040 845 1101 gratiam

51 1108 193 1159 omuebant.

76 1182 97 1228 2.
114 1182 228 1236 Praeterea
238 1178 405 1238 ,sanctificatio
418 1192 465 1229 non
476 1181 502 1229 iit
514 1178 559 1229 nisi
574 1193 613 1243 per
626 1180 729 1243 gratiam.
744 1182 788 1231 Sed
801 1194 844 1246 per

51 1256 182 1300 sennenn
195 1251 281 1300 ceteris
292 1251 350 1313 legis
363 1252 469 1301 homines
478 1251 684 1315 sanctificabantur
694 1253 846 1303 diciturenim

51 1323 132 1381 tecit,
147 1326 217 1375 titii:
235 1341 249 1371 s
263 1322 367 1387 Girmque
377 1325 543 1375 seuedficasset
557 1326 645 1389 Moyses
659 1328 733 1376 Aaron
747 1330 770 1375 et
786 1326 846 1377 titios

53 1394 97 1457 ejus
108 1394 132 1444 in
143 1396 231 1446 uestitu
248 1408 304 1456 suo,
320 1400 365 1445 ete,
382 1413 396 1442 o
411 1397 469 1459 Ergo
483 1398 572 1447 uidetur
585 1396 645 1459 qudd
657 1400 796 1447 sacramente
807 1410 849 1447 ue·

53 1465 101 1515 teris
111 1466 168 1529 tegis
181 1467 278 1529 gretiam
293 1467 447 1517 conterebant.

83 1538 245 1598 t.i²raeteree‚
258 1537 317 1588 sicut
335 1539 398 1588 Beda
415 1539 470 1589 dicit
482 1539 507 1589 iu
523 1540 606 1589 Homii.
623 1540 847 1595 circumcisionis,

63 1605 129 1657 siden
134 1609 259 1659 salutifere
267 1609 390 1660 curationis
401 1611 510 1660 auxilium
523 1610 666 1660 circumcisio
673 1611 697 1659 in
709 1612 758 1674 lege
769 1614 848 1661 contra

60 1676 160 1741 montiis
179 1680 272 1744 peccati
288 1681 371 1731 vuinus
387 1682 481 1745 egebat,
492 1683 552 1745 quod
565 1682 692 1745 baptismus
706 1695 773 1745 agere
785 1696 850 1733 rese·

57 1747 101 1799 iste
109 1754 211 1817 tompore
222 1751 303 1815 gratie
318 1754 446 1802 consueuit.
463 1769 477 1799 o
490 1754 533 1802 Sed
550 1752 677 1816 baptismus
691 1766 750 1802 rrunc
761 1754 849 1804 contest

55 1822 150 1883 gretiam
160 1824 222 1885 Ergo
233 1822 376 1873 circumcisio
388 1824 482 1886 dratinus
495 1824 636 1886 conierebst3
649 1826 681 1885 et,
693 1824 742 1887 peri
751 1824 849 1887 ratione,

53 1891 92 1941 uir
105 1898 246 1944 sacramenta
261 1893 352 1957 legalia,
366 1894 427 1957 quie,
438 1894 497 1943 sicut
510 1894 636 1957 baptismus
645 1900 681 1944 est
695 1896 766 1958 janus
775 1908 849 1946 sacra-

53 1970 171 2015 mentorum
186 1965 329 2028 novaelegis,
344 1966 376 2015 ite
385 1969 409 2016 et
421 1966 565 2017 circumcisio
578 1968 706 2029 erntjsnun
720 1980 848 2017 sememon-

53 2037 122 2085 tomm
134 2037 219 2087 ueteris
234 2036 306 2100 iegis3
321 2038 483 2100 propterquod
495 2041 518 2087 et
532 2038 651 2101 Apostolus
665 2037 733 2099 dicit,
750 2038 848 2094 Gotot..

53 2105 86 2155 t:
100 2124 114 2155 u
130 2107 248 2159 Testificor
263 2108 327 2156 omui
341 2108 428 2157 homini
443 2109 615 2159 circumcidenti
628 2122 666 2171 se,
687 2110 794 2172 quoniam
809 2110 850 2159 de·

53 2178 106 2229 tritor
118 2186 154 2231 est
165 2180 281 2228 uniucrsae
291 2179 348 2241 legis
359 2179 478 2230 iaciendo.
489 2196 504 2226 »

80 2251 122 2302 Sed
132 2257 213 2302 contre
224 2254 275 2313 est,
289 2251 350 2313 quod
366 2251 464 2310 Galat,
482 2252 527 2311 lv,
543 2252 640 2301 dicitur:
658 2251 850 2303 «convertimini

52 2321 126 2373 iterum
139 2324 167 2374 ad
180 2323 271 2373 iuiirura
284 2327 309 2371 et
326 2336 398 2385 egena
414 2322 543 2372 elementa?
558 2339 571 2370 o
587 2323 666 2374 Glossa
678 2323 710 2386 (i)
725 2339 731 2371 ι
749 2324 849 2373 «idest

54 2395 78 2443 nd
87 2395 176 2459 legem,
193 2408 244 2459 qne
258 2394 341 2446 dicitur
353 2395 457 2455 infirme,
468 2395 523 2457 quin
536 2394 637 2459 periente
648 2408 694 2444 nou
704 2394 821 2459 justitient.
834 2411 849 2442 n

55 2464 93 2515 Sed
112 2468 185 2529 grstia
203 2466 306 2530 perfecte
325 2465 445 2529 justificat.
460 2466 518 2529 Ergo
538 2470 677 2516 sacramenta
695 2465 781 2515 ueteris
794 2464 852 2529 tegis

55 2539 142 2599 gudam
155 2553 204 2589 uon
216 2539 373 2589 conferebant.

82 2700 116 2763 (i)
126 2706 159 2749 lte
169 2703 288 2749 bisetium
302 2701 388 2759 cupri,
404 2700 415 2745 1
426 2734 433 2756 ,
444 2701 474 2759 1,
484 2714 524 2757 qu.
536 2700 595 2757 103,
608 2706 651 2745 sut.
663 2700 692 2753 ῖς
709 2704 732 2744 et
743 2712 783 2756 qu.
795 2698 851 2755 101,

58 2772 95 2811 ιη.
107 2766 134 2824 1,
150 2767 182 2811 nd
196 2766 226 2819 3;
242 2770 267 2810 et
279 2764 341 2809 iniri
353 2776 394 2819 qu.
409 2763 454 2823 70,
470 2770 514 2809 nrt,
527 2764 556 2818 1,
572 2770 595 2808 et
609 2766 652 2820 IV,
669 2763 748 2811 Soet..
762 2763 816 2807 dist.
829 2760 854 2819 1,

58 2829 127 2886 Μ,
142 2836 187 2874 art.
199 2829 226 2887 5,
241 2828 381 2883 quoestiuuc.
393 2826 415 2870 1.

82 2897 114 2962 (ἱ)
127 2903 163 2947 lix
183 2898 357 2947 Commentario
378 2898 440 2943 Petri
456 2897 579 2943 Lombnrdi
593 2896 689 2942 eruitur.
704 2894 764 2939 Dicit
784 2893 855 2937 etiem
