1942 3284
154 244 189 280 DE
204 241 355 279 mediamna
371 240 498 279 SECUNDUU
514 240 580 286 wem
594 243 638 279 881
651 210 749 282 'vntum
808 243 853 292 499

50 317 123 370 semel
134 317 207 378 mori,
219 320 243 368 et
253 315 324 368 semel
336 315 399 366 nasei
411 319 450 366 :et
461 316 513 366 ideo
522 315 593 366 semel
604 319 693 369 molum
703 318 773 371 debet
784 321 853 374 homo

49 389 174 453 baptizari.
190 388 234 440 Sed
247 387 381 452 poenilenlia
394 387 462 438 habel
475 386 582 438 virtutem
592 401 622 439 es
633 389 738 452 passione
750 392 852 457 Christi,

50 463 111 512 sicut
123 459 255 525 spiritualis
268 458 440 520 medicinaque
453 457 582 520 frequenter
591 458 668 510 iterari
676 466 761 524 polest.

80 533 115 581 111
130 535 227 582 sextum
243 530 376 592 dicendum,
390 529 451 592 quod
465 527 589 578 secondum
602 531 753 593 logostionm
771 534 796 584 in
811 535 852 586 lin.

51 603 87 652 De
103 601 278 658 Paenitentia,
295 605 410 652 oooustal
425 601 471 650 [leo
488 600 585 649 mullum
605 601 724 664 displicere
744 610 851 669 peooata3
950 624 951 629 ¹

50 673 90 736 poi
101 686 200 738 semper
211 675 294 737 presio
306 676 341 724 est
353 685 381 724 ea
390 672 516 732 destruere,
526 684 555 721 oe
571 672 671 722 solvatur
680 675 740 737 qood
750 677 852 740 crearit,

51 757 93 796 neo
105 747 271 808 corrumpatur
290 744 350 807 quod
367 741 463 806 amarit,
475 757 491 791 o
509 741 595 794 soilioet
607 756 650 806 per
661 744 852 809 desperationem.

409 927 491 942 ψ

287 1084 453 1157 OUAESTIO
469 1083 623 1156 LXXXV.

54 1232 88 1280 De
97 1231 248 1291 mirmillo
261 1225 469 1282 oeconomorum
485 1229 520 1272 ert
528 1227 622 1280 uirtus,
637 1228 667 1271 ia
677 1239 721 1272 aso
735 1229 856 1276 articulos

421 1297 511 1342 diuiso.

85 1450 177 1502 Deinde
185 1444 373 1499 oonsiderandum
383 1447 420 1495 est
429 1445 458 1494 de
466 1444 602 1508 poenitentia
613 1445 740 1496 secundom
753 1447 813 1510 quod
821 1452 856 1498 est

55 1526 192 1642 Wlti¹tseiroa
201 1589 246 1638 hoo
256 1587 388 1650 queruntur
394 1596 435 1635 sex
445 1599 451 1632 :
462 1587 490 1634 1⁰
499 1583 580 1633 Utrum
590 1583 721 1646 paenitentia
730 1585 760 1635 sit
768 1586 850 1638 virtus.

57 1665 83 1710 2⁰
95 1661 178 1712 lltrirm
188 1659 219 1709 sit
228 1657 301 1709 rirlos
312 1655 425 1720 specialis.
439 1657 465 1703 3⁰
475 1653 523 1704 Sub
536 1666 580 1716 qua
590 1653 668 1717 speeie
679 1653 769 1705 rirtolis
780 1657 855 1724 eonti-

57 1736 163 1784 deantur.
179 1734 205 1780 l⁰
218 1730 250 1780 lle
263 1727 363 1790 subjecto
371 1725 430 1790 ejus.
445 1729 472 1774 5⁰
485 1725 518 1774 lle
526 1735 594 1774 eausa
606 1723 686 1788 ipsius.
698 1729 726 1774 6⁰
735 1725 767 1776 oe
776 1726 855 1778 ordine

58 1813 108 1865 opos
120 1802 152 1852 ad
165 1799 222 1854 alias
230 1798 332 1848 rutulos.

357 1919 518 1972 laureolos
532 1919 552 1969 1.

274 2045 359 2090 Utrum
367 2043 505 2100 poenitentia
512 2044 545 2087 sit
556 2042 641 2088 uirtus.

89 2173 124 2224 nl
132 2172 234 2238 primum
243 2169 277 2220 sio
289 2167 417 2234 proceditur
428 2167 572 2232 (illidetur
584 2166 644 2230 quod
658 2165 793 2230 poenilentia
808 2183 852 2219 uos

59 2240 89 2291 sit
106 2243 189 2294 uirtus.
205 2240 342 2292 Poenitentia
357 2239 417 2288 enirn
434 2243 469 2288 est
488 2238 599 2301 quoddam
617 2242 786 2288 odoramentum
804 2239 856 2289 aliis

60 2313 206 2365 sacramentis
219 2313 420 2372 monumemtum,
430 2311 457 2358 ut
470 2323 499 2358 ox
508 2307 576 2372 snpra
584 2309 651 2358 dietis
664 2313 736 2372 patet.
746 2311 789 2360 Sed
803 2309 856 2359 nul·

61 2384 106 2434 lum
116 2387 179 2436 aliod
193 2387 357 2436 sacramentnm
376 2386 411 2432 ro
423 2381 505 2431 virtue.
517 2383 577 2443 Ergo
587 2394 661 2446 neque
675 2381 808 2445 penitentia
820 2386 857 2433 est

61 2454 138 2507 rirlus.

91 2530 114 2576 e.
128 2529 258 2580 preterea.
279 2522 403 2576 semotim
415 2523 579 2586 Philosophum
592 2522 622 2572 11
635 2521 729 2580 1111111,
740 2535 854 2573 reresurr-

62 2594 97 2644 dia
113 2609 159 2647 non
174 2600 208 2646 est
224 2595 313 2654 rirlos,
327 2599 377 2644 tum
395 2593 497 2657 palaest
512 2593 588 2656 passio
606 2593 692 2642 habens
714 2593 852 2656 corporalem

61 2663 255 2728 immutationem,
269 2669 317 2715 tum
333 2665 401 2715 etiam
421 2663 473 2728 qnia
490 2677 536 2714 non
549 2665 585 2714 est
603 2662 723 2725 dispositio
739 2663 853 2726 perlecti,
869 2677 873 2685 ·

94 2817 124 2880 (1)
138 2822 172 2866 De
183 2819 220 2863 liis
231 2818 300 2862 etlam
314 2819 355 2871 lv,
368 2817 445 2864 Soet..
458 2817 512 2862 dist.
525 2815 567 2874 lt,
582 2828 622 2872 qo.
633 2815 662 2871 1,
677 2820 722 2861 art.
733 2813 761 2870 1,
777 2825 856 2870 ques·

65 2881 132 2928 tione.
143 2882 174 2934 Ξ,
188 2887 212 2926 ot
223 2885 267 2924 ort.
277 2878 306 2935 3,
320 2881 455 2936 quastione.
466 2877 545 2940 l,lum
555 2879 580 2924 io
592 2886 667 2938 corp,
681 2883 729 2922 tom
743 2876 772 2922 ad
785 2877 813 2935 2,
828 2883 854 2922 ut

66 2950 88 2994 et
102 2944 236 3002 questione.
249 2941 299 2986 det
311 2941 335 2989 l.
