1942 3284
199 198 229 233 nn
246 197 285 233 ars
300 196 387 241 quanm
401 198 492 235 vannus
510 198 684 237 unnutnnunun.
797 190 841 236 tro

36 274 193 393 consequamur
205 271 369 332 indulgentia·
376 308 385 335 ,
397 273 438 335 qni
454 285 502 323 non
513 273 569 325 teuit
582 274 638 333 hoo,
650 286 691 337 pro
703 287 748 337 quo
761 275 841 325 indul-

37 342 122 406 gentia
147 347 207 393 atur.

67 416 115 465 Sed
124 419 215 466 eontra:
224 416 322 467 llemota
330 428 399 466 musa
407 419 537 467 removetur
546 416 649 467 euectus.
660 416 685 467 Si
693 430 749 481 ergo
761 417 844 481 aliquis

34 500 85 537 non
98 486 153 536 iacit
163 488 207 537 lroe
216 525 223 547 ,
233 500 275 551 pro
287 500 333 551 qno
342 487 485 550 indulgentia
493 488 567 549 datur,
578 489 638 551 quod
648 491 684 539 est
694 486 842 550 indulgentie

37 571 128 618 eausa,
144 558 308 622 indulgentium
323 570 370 609 non
383 558 540 622 consequitur.

69 629 229 694 (Cosounsro.
241 656 273 667 -
281 630 340 680 cum
349 628 491 692 indulgentia
499 631 542 681 sub
553 634 616 681 certe
626 629 756 681 nunditione
767 630 841 688 detur,

34 699 207 763 indulgentiam
222 699 318 751 minime
331 700 477 765 consequitur
488 700 528 765 qni
540 700 564 751 id
578 714 624 751 non
638 701 722 765 elficit,
738 713 780 765 pro
797 714 844 764 quo

34 770 186 834 indulgentia
198 769 284 834 datur.)

69 842 212 906 Respondeo
231 842 368 904 dicendum,
378 842 439 907 qndd
452 856 499 893 non
512 842 625 895 existente
637 844 781 900 oondltione.
795 852 843 892 non

36 913 194 976 consequitur
206 913 262 963 illud
272 914 333 975 qnod
345 914 389 965 snb
397 914 530 965 eonditione
540 916 619 978 datur;
633 916 693 965 nude
707 913 758 965 oirnr
768 914 844 963 indul·

35 984 120 1048 gentia
136 984 202 1034 detur
214 984 257 1034 suh
277 985 321 1034 lmo
333 985 479 1046 conditione,
494 984 556 1048 qudd
574 984 657 1048 aliquis
676 983 761 1048 aliquid
774 984 844 1035 tacut

36 1056 77 1107 rel
88 1055 176 1117 det‚si
190 1054 245 1106 illud
258 1060 437 1117 nonexeroeat,
451 1056 616 1119 indulgentium
630 1068 677 1105 nou
686 1055 841 1119 consequitur.
881 1102 886 1113 ,

67 1127 107 1178 nd
119 1127 221 1190 primunr
236 1140 291 1191 ergo
303 1127 439 1190 dioendum,
451 1128 515 1193 qudd
528 1129 573 1179 hoc
586 1126 724 1190 intelligitur
732 1129 842 1190 quantuor

36 1200 68 1249 ad
79 1198 206 1263 pmnrinn
218 1198 357 1262 essentiale3
366 1200 409 1250 sed
420 1212 468 1251 non
478 1197 589 1264 quantum
598 1200 626 1249 ad
637 1197 788 1249 aonideutulia
801 1196 844 1246 oli·

34 1283 82 1334 qua
94 1269 205 1331 promia,
216 1269 274 1321 siout
287 1273 323 1322 est
336 1270 439 1323 dimisdo
449 1284 539 1333 omum,
550 1270 589 1321 vel
601 1269 686 1333 aliquid
698 1268 843 1332 hujusmodi.

67 1341 108 1392 ad
124 1340 250 1391 seeundum
265 1340 403 1403 dicendum,
418 1342 478 1407 quod
495 1354 553 1407 opus
567 1342 684 1406 proprium
696 1343 774 1405 potest
792 1338 847 1402 quis

39 1412 161 1477 applicare
171 1425 213 1476 qen
223 1411 374 1464 intentionenr
388 1414 523 1478 ouieumque
536 1412 649 1475 noluerit,
668 1416 692 1462 et
705 1412 758 1463 ideo
771 1414 849 1475 potest

38 1498 85 1548 pro
101 1496 245 1547 quocumque
255 1484 313 1544 rull,
325 1483 457 1535 sadsiuome
472 1500 479 1535 ε
494 1486 536 1535 sed
553 1483 695 1547 indulgentia
708 1496 754 1533 non
771 1484 849 1547 potest

37 1554 156 1620 applicari
168 1555 197 1605 ad
214 1555 326 1618 aliquem,
339 1555 427 1606 nisiex
439 1556 569 1607 intentione
589 1555 653 1619 ejus,
667 1553 708 1619 qui
720 1554 759 1605 dat
772 1553 848 1603 indul·

41 1627 150 1691 gentiano
163 1642 170 1675 :
184 1629 209 1676 et
223 1626 276 1679 ideo
288 1627 340 1677 oium
353 1627 404 1691 ipse
417 1628 516 1693 anplioal
527 1628 555 1678 ad
570 1627 692 1679 facientem
703 1626 741 1676 rel
755 1626 848 1675 dantem

39 1700 88 1750 luoo
99 1702 141 1749 aut
150 1698 216 1762 illud,
227 1711 273 1749 non
283 1697 421 1762 potestte,
434 1698 475 1762 qui
487 1700 532 1749 lroe
544 1698 613 1758 iacit,
625 1699 685 1747 nano
694 1697 848 1747 intentionenr

38 1771 167 1821 transferre
184 1770 213 1820 ad
230 1768 377 1821 ultumum
392 1774 470 1819 tamen
483 1768 518 1819 sio
533 1768 600 1819 fleret
612 1767 768 1831 indulgentia,
785 1766 849 1817 ulllo

40 1843 84 1908 qui
99 1841 167 1902 iacit,
179 1841 218 1891 rel
226 1854 268 1905 qro
287 1854 332 1904 quo
344 1842 390 1892 lroe
403 1842 444 1902 dt,
458 1841 542 1891 habeat
550 1844 636 1891 tantam
648 1839 847 1903 indulgentiam»

39 1917 132 1965 valeret
141 1913 164 1963 ei
177 1927 219 1977 nro
229 1927 275 1977 qno
286 1914 329 1963 dt:
341 1927 384 1964 nee
393 1917 469 1964 umen
480 1913 524 1964 iste
533 1912 573 1976 qni
584 1911 692 1963 lauithoo
702 1924 771 1973 onus,
786 1910 851 1960 duret

39 1985 112 2036 alteri
123 1984 304 2049 indulgentiam,
315 1986 357 2037 sed
366 1986 407 2037 illo
424 1984 465 2049 qui
480 1984 648 2050 indulgentiam
663 1983 761 2034 subtuli
776 1982 849 2033 turma

41 2056 111 2107 iaeit.

343 2164 505 2217 numenius
520 2164 558 2213 111.

206 2287 292 2332 Utrt'tm
300 2288 452 2344 trudulqentio
460 2288 540 2331 voleat
550 2287 572 2329 ei
582 2286 700 2343 quisaeit.

77 2414 115 2466 ld
131 2417 235 2477 quartum
249 2413 282 2465 sic
298 2414 438 2477 proceditur.
456 2412 549 2463 Videtur
567 2412 629 2476 qudd
651 2410 793 2475 indulgentia
805 2423 851 2461 non

42 2486 123 2536 valest
135 2484 158 2534 oi
168 2484 209 2547 qui
216 2484 286 2535 laeit:
295 2484 354 2543 Quia
364 2484 441 2534 faeere
448 2482 617 2547 indulgentiam
628 2486 665 2533 est
675 2481 851 2547 jurisdictionis.
952 2512 953 2517 κ

43 2557 94 2607 Sed
111 2554 190 2605 nullus
201 2556 227 2605 in
239 2555 341 2619 seipsum
351 2560 430 2619 potest
445 2567 553 2605 exercere
571 2566 600 2605 ea
613 2568 664 2617 qun
679 2556 734 2603 sunt
744 2551 852 2616 jurisdie-
952 2572 953 2583 r

45 2625 129 2687 tionis,
140 2624 201 2675 sieut
213 2626 289 2676 nullus
305 2629 380 2689 potest
393 2638 420 2676 se
432 2624 638 2677 excommunicare.
649 2625 708 2688 Ergo
718 2622 795 2673 nullus
808 2635 849 2686 qo·
952 2626 953 2673 ἰ

44 2702 94 2751 test
110 2698 285 2760 indulgentioris
299 2712 324 2749 se
338 2700 406 2751 motas
415 2697 533 2763 partinens
542 2710 602 2749 esse.

79 2776 107 2822 2.
127 2771 255 2833 Praeterea,
267 2773 394 2823 seeundum
414 2772 475 2832 lroo,
491 2769 530 2820 ille
546 2770 587 2833 qui
600 2769 655 2820 tacit
668 2766 851 2831 indulgentiam,

45 2845 130 2907 posset
143 2839 271 2906 proaliquo
286 2842 375 2893 modioo
387 2842 447 2893 laeto
458 2839 504 2891 silui
515 2852 606 2905 poeuum
619 2839 737 2889 remittere
747 2839 853 2887 omnium

44 2916 208 2979 peccatorum,
222 2912 289 2964 etita
303 2912 396 2977 impone
412 2915 537 2977 peomret:
551 2911 612 2976 qnod
626 2910 715 2961 uidetur
729 2909 842 2961 alsonu-
