1942 3284
133 189 179 236 'itti
266 197 667 248 sueeununurnu,ou.ssr.1xrx‚
687 197 744 232 aur.
764 197 811 233 uu.

132 275 300 335 sacerdotium,
314 274 354 326 sed
367 273 476 338 ouantium
493 273 522 323 ad
537 285 621 336 corpus
633 272 721 322 christi
736 273 883 337 mysticum,
897 275 938 334 cpi-

133 348 231 412 seopaiis
240 347 294 397 ordo
308 349 343 396 est
351 357 418 409 supra
431 344 611 405 sacerdotalem,
621 346 648 392 ut
661 341 723 393 iniri
734 343 830 393 dicetur
842 344 893 408 (qu.
907 347 939 397 to,

134 422 177 469 art.
189 421 202 468 t
212 420 231 483 ).

166 493 199 542 dd
217 489 342 541 secuudum
360 487 489 546 dicendum,
503 485 563 550 qudd
578 485 675 535 materia
689 485 836 537 sacramenti
849 499 898 538 uon
914 496 942 536 est

135 563 188 613 tatis
200 561 309 623 materia,
322 564 348 610 ut
356 560 380 609 iu
389 571 434 624 qua
442 559 482 608 ttat
490 557 575 621 aliquid
587 571 629 622 per
638 569 692 608 eum
702 557 745 622 qui
755 558 784 608 ed
794 559 882 620 utitur,
891 559 942 610 sicu

134 638 172 685 est
188 634 213 684 iu
228 633 314 683 artibus
326 630 483 692 incohandum,
500 631 541 680 sed
554 634 581 678 ut
598 628 664 693 cujus
680 628 771 679 uirtute
785 629 881 694 aliquid
896 630 942 680 fiat:

135 711 159 756 et
168 707 203 755 sic
216 705 339 768 participat
348 701 433 765 aliquid
446 703 473 751 de
485 701 573 763 ratione
588 712 664 750 cause
675 699 786 762 agentis,
801 700 828 748 in
841 707 944 765 quantun

136 780 171 827 est
183 776 360 825 instrumentum
370 773 482 836 quoddam
492 772 577 822 diuina
587 770 741 834 operationis.
750 771 782 821 Et
792 771 850 822 ideo
860 777 943 836 oportet

136 846 196 910 qudd
208 844 221 896 i
233 845 344 908 superiori
356 849 403 895 arte
416 845 452 894 vel
464 847 578 908 potestate
592 841 647 892 tatis
659 842 736 891 uirtus
752 843 861 894 materiae
875 843 943 905 acqui

138 922 214 977 ratur,
226 916 280 980 quia
290 916 314 966 iu
325 916 401 966 causis
410 916 530 978 agentium
540 912 626 978 quanto
636 912 732 976 aliquod
742 926 820 977 agens
832 918 871 965 est
879 915 942 978 prin.

138 989 203 1039 tantd
218 992 254 1039 est
266 988 389 1052 perfectius
397 1005 404 1050 ;
413 987 437 1037 iu
450 987 525 1036 causis
534 988 611 1036 autem
619 983 677 1048 purd
686 985 853 1036 materialibus
863 985 941 1049 quaro

138 1060 234 1110 materia
246 1064 283 1109 est
296 1059 367 1124 prior,
382 1057 445 1110 tantd
455 1056 618 1122 imperfectior.

426 1235 587 1288 audiendus
602 1234 652 1283 vti.

198 1365 281 1409 utrum
298 1363 340 1407 troc
357 1365 535 1406 computantium
550 1359 634 1403 tmbcut
652 1358 764 1416 aliquam
775 1361 899 1414 sonuum.

170 1491 203 1542 Ad
220 1490 342 1555 septimum
361 1488 396 1540 sic
408 1487 549 1552 proceditur.
564 1485 660 1536 Videtur
673 1483 737 1549 qodd
751 1487 801 1535 hoc
817 1499 942 1536 sacramen·

138 1568 186 1614 tum
201 1575 248 1615 uon
264 1563 348 1612 habeut
362 1559 460 1625 aliquam
471 1560 577 1610 sormam.
593 1556 654 1607 cium
669 1555 734 1607 euim
749 1556 862 1608 efficacia
877 1569 942 1607 sucu·

140 1637 268 1686 mentorum
283 1634 315 1683 sit
330 1633 358 1682 ab
368 1630 528 1690 institutione,
544 1633 567 1680 et
578 1629 634 1678 item
647 1627 763 1690 dicimo,
781 1633 880 1693 oportet
891 1627 942 1691 qudi

139 1705 214 1756 torma
228 1705 330 1755 tradatur
342 1704 370 1753 ab
384 1703 435 1766 ipso
448 1702 489 1764 qui
505 1702 673 1750 sacramentum
687 1696 803 1750 instituit.
821 1701 871 1751 Sed
883 1699 941 1750 torm

141 1778 210 1841 hujus
220 1776 356 1827 sacramenti
368 1788 415 1826 uon
426 1773 543 1824 iuvenitur
553 1771 636 1822 tradita
648 1783 723 1832 neque
734 1768 870 1833 ichristo‚
879 1783 939 1834 nepe

141 1847 293 1912 coapostolis.
302 1848 361 1910 Ergo
369 1847 414 1897 iuoc
422 1848 589 1896 sacramentum
596 1855 641 1892 non
648 1841 720 1892 habet
729 1841 839 1906 aliquam
847 1843 941 1895 tormen

172 1923 197 1968 a.
213 1919 332 1981 eruerer,
347 1931 374 1968 eu
387 1929 438 1981 que
452 1923 507 1966 sunt
520 1917 549 1966 de
558 1913 696 1965 necessitate
705 1915 867 1977 sacramenti,
877 1916 941 1965 ohse-

142 1995 225 2041 uautur
240 1990 320 2040 eodem
333 1989 400 2038 modo
417 1989 477 2052 apud
492 1998 580 2038 omnes.
596 1985 642 2036 Sed
652 1985 711 2034 uiuit
724 1985 805 2048 magis
821 1991 863 2036 est
878 1987 906 2036 de
915 1997 944 2034 ue

142 2061 248 2111 cessitate
260 2059 396 2109 sacramenti
409 2059 519 2110 habentis
529 2060 633 2118 sormam,
642 2056 711 2122 quam
724 2056 779 2122 ipsa
794 2058 884 2108 torma.
897 2058 945 2118 dm

140 2129 193 2180 cdm
210 2143 257 2181 uon
275 2129 305 2180 sit
317 2130 393 2194 aliqua
406 2131 477 2181 torma
496 2129 648 2180 communiter
659 2127 786 2178 obseruata
800 2129 832 2178 ab
849 2130 944 2180 omnum

140 2201 165 2250 iu
175 2202 220 2251 hoc
229 2205 380 2264 sacramento,
392 2201 446 2265 quia
456 2201 540 2252 diuersi
550 2199 734 2251 &immundis
742 2203 861 2264 utuntur,
868 2201 946 2252 ructu

142 2271 203 2336 quiid
215 2273 259 2322 troo
270 2276 435 2324 sacramentum
449 2284 496 2323 uon
509 2272 592 2322 habeat
604 2271 704 2335 aliquam
712 2270 828 2324 turmam.

174 2347 197 2392 t.
209 2345 332 2401 Praeterea,
342 2342 366 2392 iu
375 2342 489 2407 baptismo
502 2355 550 2392 non
560 2342 682 2405 requiritur
692 2341 768 2391 torma
783 2343 835 2393 nisi
849 2344 882 2395 ad
892 2355 944 2393 sunc-

138 2413 289 2464 tidcationem
301 2413 401 2464 materie
410 2450 419 2477 ,
428 2415 482 2477 quie
494 2417 530 2464 est
541 2425 601 2477 aqua
615 2428 630 2459 e
638 2411 709 2463 remo
718 2410 772 2464 uite
781 2413 907 2466 diluendis
915 2427 944 2462 cr.-

142 2484 243 2534 ntiuibus
259 2483 407 2552 sanctificata,
422 2499 436 2532 u
448 2489 475 2534 ut
484 2485 518 2534 ait
527 2485 593 2548 tingo
601 2483 652 2548 (tiu.
667 2482 697 2532 lt
711 2483 750 2532 De
760 2483 946 2535 Suco-umentis.

141 2560 200 2618 part.
217 2555 256 2617 Vt,
270 2567 321 2619 cup.
332 2553 369 2620 Ξ).
381 2555 428 2607 Sed
438 2555 483 2606 hoc
493 2558 658 2606 sacramentum
668 2554 741 2604 habet
751 2557 883 2607 materiam
892 2557 946 2623 prius

141 2626 314 2678 muctiticut'am.
328 2629 386 2692 Ergo
400 2639 447 2680 non
459 2626 547 2694 indiget
560 2625 638 2692 aliqui
651 2625 725 2677 iorm'd
734 2625 877 2681 uerborum.

173 2697 219 2748 Sed
234 2700 313 2748 contra
326 2701 370 2762 est,
384 2699 445 2763 quod
455 2699 564 2762 Magister
573 2697 626 2763 (tv.
636 2699 764 2755 sentent..
776 2697 837 2750 dist.
849 2701 877 2766 t)
891 2701 945 2752 dicit.

142 2767 204 2829 qnod
224 2780 316 2820 «omne
335 2773 500 2820 sacmmentnm
514 2769 650 2833 novaelegis
666 2768 777 2819 consistit
797 2770 826 2821 iu
844 2773 915 2824 retus
931 2782 946 2822 et

143 2837 250 2890 uerbis.»
261 2841 335 2892 verba
342 2843 418 2890 anum
428 2843 482 2890 sunt
491 2840 565 2892 forma
572 2839 719 2891 sacramenti.
729 2841 793 2904 Ergo
802 2842 859 2893 cum
871 2845 915 2894 hot
925 2845 945 2892 si

143 2914 311 2984 sacramentum
323 2921 389 2961 noue
401 2908 469 2973 togis,
481 2911 572 2961 uidetur
584 2911 643 2974 qudd
656 2910 741 2960 habeat
762 2913 876 2964 formam.
