1942 3284
127 207 174 255 itt
262 211 461 262 supersumus,
479 209 575 256 consu.
592 211 683 261 miv,
698 209 759 248 aar.
777 210 813 247 rr.

129 293 232 358 sequitur
247 293 276 344 ad
292 291 379 358 ipsum.
396 287 456 352 lingo
475 299 524 338 non
540 285 636 337 deberet
653 285 684 336 de
702 299 733 337 eo
749 285 803 338 deri
818 285 939 336 malicia

130 365 203 416 lorma
219 363 289 426 liujus
301 359 443 412 sacramenti.

164 439 187 486 t.
202 435 329 494 Praeoerea,
339 432 416 483 omnia
427 432 569 482 sacramenta
577 428 690 480 ordinant
703 429 734 479 ad
744 432 861 480 aeternam
872 441 939 478 renn

132 506 280 558 demtionem.
299 503 344 554 Sed
363 502 388 552 in
404 501 482 554 formis
505 501 603 551 aliorum
624 505 832 552 sacramentorum
859 496 940 550 nond

134 577 221 629 mentio
235 578 263 627 de
282 573 473 626 remuneratione.
494 573 555 635 Ergo
576 584 620 622 nec
641 569 763 622 informa
778 572 854 636 liujus
874 582 942 622 sarru-

123 650 209 702 -urenti
222 648 315 699 deberet
324 647 351 696 de
363 658 390 696 ea
401 645 451 696 fieri
463 643 561 706 mentio,
577 642 638 692 sicut
648 642 675 692 fit
686 642 746 693 cum
759 643 865 695 dicitnr:
879 641 942 692 licti-

137 723 212 770 turus
221 723 331 784 purtem,
345 720 370 766 si
383 715 507 780 fideliter,
520 718 566 765 etc.

169 791 329 856 (concussio,
337 817 370 826 -
378 787 438 840 Cdm
450 791 474 839 et
485 785 573 838 ordinis
585 799 652 846 usus,
665 788 690 836 et
704 786 843 849 potestatis
856 783 943 836 tradim

137 875 178 926 per
193 861 291 912 turmam
311 875 354 925 qua
371 858 476 911 Ecclesia
493 859 518 908 in
531 859 577 908 hoc
594 860 745 908 sacramento
759 859 857 922 utitur,
871 855 943 921 signii
964 868 965 895 1

138 935 216 996 cetur,
230 945 281 983 eam
295 932 470 983 conuenientem
480 942 532 980 esse
544 929 666 979 fatendum
679 926 741 991 est.)

171 1005 308 1069 Respondes
320 1003 454 1066 dicendum,
468 1000 531 1066 qudd
545 1001 592 1051 lruc
604 1003 786 1050 sacramentum
800 999 943 1064 principatus
964 994 965 999 ’

142 1076 286 1128 consistitis
300 1078 414 1140 potestate
433 1074 525 1125 tradita.
539 1074 644 1123 Potestas
658 1074 743 1122 autem
757 1072 902 1136 apotestate
912 1075 945 1118 tra

140 1148 239 1209 ductor,
253 1149 311 1200 sicut
321 1146 396 1198 simile
412 1159 442 1196 ex
455 1145 543 1207 simili,
558 1143 695 1204 etiterum,
709 1147 827 1207 potestas
840 1158 884 1208 per
893 1153 943 1192 usn

142 1218 279 1281 innotescit,
290 1219 343 1283 quia
359 1235 372 1266 u
380 1217 490 1282 potentiae
502 1215 649 1266 notificantur
659 1219 822 1278 peractus.»
832 1213 944 1266 Etideuir

142 1290 215 1342 forma
225 1290 310 1340 ordinis
318 1289 454 1352 exprimitur
460 1301 517 1338 usus
525 1286 611 1337 ordinis
621 1297 664 1348 per
673 1288 756 1335 actum
765 1287 812 1349 qni
825 1286 943 1351 imperatu.

143 1366 167 1412 et
177 1361 312 1424 exprimitur
322 1360 434 1410 traductio
446 1357 566 1423 potestatis
579 1369 621 1421 per
634 1357 814 1420 imperativum
825 1359 922 1408 modun.

175 1432 209 1482 td
222 1431 317 1496 primum
332 1443 386 1493 ergo
396 1431 532 1491 dicendum,
544 1427 604 1492 qudd
615 1426 660 1476 alia
671 1434 830 1481 sacramenta
843 1442 889 1478 tlon
897 1425 943 1476 ordi
964 1472 966 1495 ,

144 1507 228 1554 uantur
240 1502 397 1567 principaliter
409 1503 437 1552 ad
452 1501 547 1552 effectus
559 1499 646 1550 similes
656 1500 771 1563 potestati
783 1505 832 1565 pel
844 1513 907 1564 quan
917 1509 942 1546 sa

144 1578 261 1625 crementa
277 1573 451 1637 dispensantur,
471 1575 531 1622 sicut
547 1572 591 1622 lroc
608 1575 803 1634 sacramentnm
822 1576 848 1623 et
865 1569 941 1620 ideoin

145 1648 190 1697 lroc
209 1649 349 1697 sacramento
370 1649 406 1695 est
427 1645 493 1707 quasi
513 1643 617 1707 padam
637 1643 829 1694 communicatio
855 1641 939 1694 univoca

147 1717 212 1768 Unde
225 1717 250 1768 in
262 1717 314 1767 aliis
328 1715 476 1766 sacramentis
490 1714 625 1778 exprimitur
640 1712 728 1776 aliquid
743 1727 776 1764 ex
789 1718 862 1778 parte
878 1712 940 1763 dirim

148 1788 259 1851 uirtutis,
270 1787 306 1839 eui
315 1788 409 1840 effectus
422 1785 557 1838 sacramenti
565 1783 716 1845 assimilatur,
727 1799 777 1836 non
787 1789 872 1836 autem
882 1785 940 1834 istut

148 1865 298 1913 sacramento.

182 1934 216 1984 Ad
232 1933 355 1984 secundum
372 1931 507 1993 dicendum,
524 1929 694 1994 quodpropter
713 1941 816 1979 canmm
837 1927 943 1994 specim

150 2005 195 2053 hoc
211 2007 376 2054 sacramentum
394 2015 442 2066 prae
453 2001 543 2052 esteris
554 2012 595 2064 per
608 2000 702 2050 modum
716 2000 848 2062 quemdam
864 2000 945 2062 impera

150 2073 223 2124 tivum
237 2075 363 2125 exhibetur.
377 2073 488 2133 Quamuis
500 2070 595 2122 enimin
608 2069 734 2133 episcopo,
747 2069 791 2133 qni
803 2075 845 2121 est
856 2069 944 2120 minida

151 2144 222 2206 hujus
233 2144 369 2196 sacramenti
379 2181 386 2206 ,
396 2156 442 2193 non
454 2143 484 2194 sit
495 2140 618 2192 auctoritas
623 2144 733 2203 respectu
745 2141 881 2192 collationis
890 2139 945 2200 liujus

152 2218 305 2279 sacramenti,
319 2221 394 2267 tamen
405 2215 474 2264 lrabet
489 2213 588 2276 aliquam
602 2215 742 2276 potestatem
759 2217 873 2276 respectu
883 2216 945 2275 pole·-

152 2287 206 2338 tatis
223 2288 326 2348 ordinis,
342 2300 391 2350 quae
405 2285 518 2337 confertur
527 2297 569 2348 per
579 2283 670 2348 ipsum,
685 2281 710 2332 iu
727 2287 845 2346 quantum
858 2284 906 2332 trac
915 2291 943 2344 pc

151 2363 223 2410 testas
237 2358 250 2408 a
262 2371 303 2410 sna
313 2362 426 2422 potestate
440 2355 564 2408 derivatur.

184 2432 217 2481 td
228 2430 320 2481 tertium
334 2429 469 2490 dicendum,
488 2426 548 2491 qudd
559 2439 614 2476 usus
627 2423 749 2489 potestatis
761 2427 800 2474 est
813 2424 908 2474 elredus
915 2433 943 2486 p·-

152 2504 241 2554 testalis
252 2503 275 2552 in
287 2515 371 2566 genere
388 2513 463 2552 cause
478 2499 610 2561 efficientis,
623 2501 648 2546 et
664 2495 700 2547 sic
713 2508 762 2546 nun
776 2495 851 2546 trahet
863 2493 943 2560 quddia

153 2574 283 2626 definitione
297 2573 383 2625 ordinis
394 2576 504 2637 penatum
520 2571 561 2621 sed
573 2572 611 2620 est
620 2567 792 2633 quodammodo
803 2579 873 2617 cansa
883 2566 906 2614 in
916 2575 943 2625 pe

153 2659 208 2696 nere
223 2657 295 2694 cause
305 2644 387 2694 finalis.
403 2645 430 2694 Et
440 2643 493 2694 ideo
506 2639 635 2693 sccundirm
644 2640 708 2688 hanc
723 2637 840 2689 rationem
854 2636 942 2702 ponipc

153 2718 202 2765 test
212 2715 238 2764 in
249 2714 380 2764 delinitione
394 2714 492 2765 ordinis.

185 2788 219 2838 ad
235 2788 341 2849 quartum
361 2786 495 2850 dicendum,
509 2785 570 2849 qudd
584 2783 690 2834 aliterue
710 2781 784 2832 habet
797 2782 823 2831 in
835 2781 880 2832 lucc
894 2776 944 2830 eti·

153 2857 206 2906 aliis
221 2856 383 2920 sacramentis3
397 2870 451 2908 nam
467 2870 510 2921 per
530 2858 576 2907 lroc
594 2856 764 2905 sacramentum
782 2853 896 2904 mutemur
907 2847 945 2900 od

154 2926 214 2975 dum
237 2926 327 2990 aliquod
346 2929 384 2980 vel
396 2931 499 2992 potestas
516 2927 604 2992 aliquid
622 2925 723 2978 ludendi
738 2939 746 2976 ι
761 2926 789 2976 et
805 2924 859 2976 ideo
876 2931 945 2973 uuum
