1942 3284
140 191 172 228 na
186 189 340 228 nominarim
356 190 483 229 sscnunmr
499 191 565 236 ouon
580 191 622 229 ser
637 190 736 230 steros,
791 172 837 222 ⁵⁰⁵

38 277 83 316 non
100 263 184 316 dicitur
199 278 250 317 esse
265 265 357 316 materia
368 265 473 330 justitia,
491 265 531 318 scd
548 267 622 330 magis
639 279 676 318 res
689 280 739 331 qno
757 266 835 319 distri·

36 335 139 385 bauntnr
157 336 194 386 vel
209 339 385 386 commutantur.
404 337 467 387 Unde
486 341 511 386 et
525 337 619 387 materia
636 337 774 401 ponitentiae
788 353 833 390 nori

39 409 75 456 est
88 407 159 466 Deras,
174 405 214 456 sed
227 409 291 456 actus
299 406 393 456 humani
406 407 489 470 quihus
501 408 561 458 [teus
571 408 693 459 offenditur
708 410 744 460 vet
758 409 833 474 placa·

37 479 86 537 tur3
102 477 143 527 sed
153 478 214 528 Deus
223 477 326 527 sehabet
338 475 397 527 sicut
408 477 447 528 ille
459 477 488 528 ad
501 490 568 540 quem
579 481 614 529 est
626 479 726 541 justitia.
741 481 776 530 Ex
785 494 831 543 quo

35 550 100 609 patet
122 545 183 609 quon
205 547 339 611 penitentia
359 559 405 597 non
422 551 458 598 est
472 548 544 599 uirtus
564 548 770 614 tremoremque
786 565 833 603 non

36 617 105 667 habet
119 616 189 668 iteum
201 628 242 682 pro
262 617 351 681 obiecto
365 618 401 670 rei
411 618 515 669 materia.

70 692 102 743 td
121 691 245 742 secundnm
256 691 390 752 dicendum,
404 691 465 754 quid
477 691 576 741 medium
587 691 683 755 justitia
703 698 739 745 est
751 708 830 759 aequa·

36 762 102 826 titas,
115 775 167 826 que
186 761 332 813 constituitur
345 762 406 812 inter
421 761 473 813 illos
489 761 550 813 inter
570 776 627 826 qnos
645 768 681 814 est
691 763 796 827 justitia,
807 772 834 815 ut

37 834 122 884 dicitnr
134 833 158 883 in
170 833 189 880 V
202 833 284 882 Ειιιε.
301 831 327 882 ln
344 831 478 895 quibusdam
496 836 571 883 annm
584 846 631 883 non
645 836 719 898 potest
732 835 834 898 perfecta

36 903 157 970 aequalitas
175 901 283 955 constitui
295 907 386 969 propter
406 903 499 954 atterius
512 905 682 969 excellentiam,
700 906 759 956 sicut
773 907 834 957 inter

37 980 127 1038 patrem
145 978 169 1025 ct
180 974 268 1036 fllium,
286 977 327 1024 aut
339 975 399 1025 inter
418 975 488 1024 Deum
505 977 529 1024 ει
539 974 669 1037 hominem,
684 979 711 1026 ut
726 976 836 1028 Ptritoso·

37 1048 101 1109 pirus
115 1043 173 1096 dicit
190 1045 215 1094 in
229 1045 280 1094 vttt
296 1043 377 1094 atto.
391 1042 456 1094 Unde
476 1045 503 1094 in
520 1043 603 1094 tatibus
621 1044 659 1096 ilie
678 1045 717 1109 qui
733 1050 770 1096 est
780 1047 836 1097 defl-

36 1115 123 1175 ciens,
140 1114 207 1165 debet
218 1113 292 1164 iacere
300 1111 410 1176 quidquid
423 1117 514 1177 potest3
523 1126 566 1164 nec
575 1117 651 1165 tamen
664 1115 707 1165 hoc
717 1115 761 1166 erit
771 1117 836 1167 suti-

37 1186 105 1236 ciens
118 1181 264 1247 sinpliciter,
283 1182 324 1233 set
339 1181 413 1234 solnm
430 1183 554 1234 secundnm
571 1185 750 1249 acceptationem
769 1200 837 1252 supe·

36 1255 118 1306 rioris.
138 1254 168 1304 Et
184 1255 227 1304 troc
245 1252 385 1317 significatur
401 1267 442 1318 per
456 1267 575 1305 excessum
587 1254 627 1319 qui
644 1256 773 1307 attribuitur
785 1270 836 1322 poe·

39 1323 157 1376 nitentia.

71 1396 107 1446 Ad
123 1393 215 1444 tertium
228 1391 355 1456 dicendum,
366 1393 426 1458 quod
436 1395 496 1444 sicut
514 1399 551 1446 cst
567 1397 717 1447 commutatio
734 1397 837 1461 quadam

38 1466 64 1516 in
81 1461 200 1515 beneflciis
215 1461 276 1527 (cim
293 1461 379 1513 scilicet
393 1463 475 1526 aliquis
490 1478 531 1529 pro
547 1465 657 1516 beneficio
672 1473 765 1530 recepto
786 1480 837 1530 gra·

38 1536 97 1585 tiam
114 1533 251 1598 rependit),
271 1533 304 1583 ita
318 1533 388 1584 etiarn
408 1537 443 1585 est
457 1535 602 1586 commutatio
621 1535 646 1585 in
663 1536 770 1595 offensis,
785 1537 837 1588 crim

38 1605 126 1670 aliquis
136 1616 177 1668 pro
195 1603 282 1655 otiensa
297 1603 322 1654 in
339 1604 434 1654 alterum
451 1605 574 1655 commissa
590 1605 627 1655 uei
637 1605 723 1656 inritus
735 1606 836 1671 punitur,
932 1635 934 1642 ·

38 1677 102 1740 quod
114 1672 249 1738 pertinetad
258 1673 419 1724 vindicativam
429 1674 558 1738 justitiam
569 1673 606 1724 rel
615 1675 743 1725 voluntarie
751 1689 838 1727 recom-

38 1747 127 1810 pensat
143 1745 276 1806 emendam,
289 1743 493 1808 quodpertinetad
503 1743 669 1808 paenitentiam,
679 1758 729 1809 qna
745 1747 839 1810 respicit

38 1827 164 1879 personam
183 1814 322 1878 peccatoris,
337 1812 396 1864 sicut
411 1812 502 1877 justitia
521 1813 657 1864 uindicetira
668 1827 790 1878 personam
800 1816 839 1880 ju·

39 1882 110 1948 dicis.
128 1883 193 1935 Unde
209 1883 353 1934 manifestum
372 1881 481 1947 estquod
501 1885 596 1947 utraque
612 1885 655 1936 sub
666 1885 756 1950 justitia
774 1899 837 1938 com·

39 1951 155 2006 mutatisa
168 1952 305 2004 continetur.

71 2030 108 2080 ad
124 2031 229 2092 quartum
246 2027 380 2090 dicentum,
394 2027 456 2092 qnid
474 2028 612 2093 paenitentia
629 2027 685 2080 ticet
704 2029 734 2080 sit
752 2030 838 2086 timete

37 2099 132 2165 species
150 2097 259 2162 justitie,
280 2097 451 2162 comprehendit
467 2103 544 2149 tamen
563 2099 729 2163 quodammodo
743 2113 771 2152 ea
784 2116 837 2166 quas

37 2168 161 2234 pertinent
176 2167 205 2217 ad
225 2180 305 2218 omnes
325 2167 432 2218 virtutes.
451 2169 602 2232 {nutantum
617 2166 680 2219 enim
697 2172 733 2220 est
747 2171 838 2236 justitia

37 2239 148 2304 quadam
163 2236 261 2288 hominis
281 2237 310 2288 ad
324 2237 413 2300 ιιειιει,
431 2241 520 2301 oportet
532 2238 593 2302 quot
613 2237 733 2303 participet
744 2253 773 2292 ea
785 2256 838 2306 qum

37 2313 96 2361 sunt
108 2307 219 2358 uirtutum
232 2307 408 2370 theologicarum
425 2320 476 2371 qun
492 2309 577 2359 habent
586 2310 660 2359 iteum
674 2322 717 2373 pro
731 2312 836 2376 objecto;

38 2381 103 2432 unde
115 2377 250 2442 poenitentia
261 2381 297 2428 cst
305 2391 356 2428 cnm
371 2377 414 2428 fide
427 2377 542 2441 passionis
554 2378 650 2442 Christi,
660 2393 776 2444 perquam
787 2383 839 2448 jus-

37 2451 159 2501 tificamur
170 2449 305 2512 inpeccatis,
318 2453 342 2498 et
355 2461 406 2498 cnm
414 2462 455 2512 spe
465 2450 551 2510 senia,
560 2452 583 2498 et
593 2463 645 2500 cnm
657 2451 710 2502 odio
718 2451 835 2516 vitiorum,

37 2521 103 2586 quod
115 2518 217 2583 pertinet
230 2519 258 2569 at
271 2519 409 2569 charitatem.
424 2520 569 2582 inquantum
581 2519 636 2572 reri
652 2525 688 2572 est
701 2521 774 2573 rirtus
791 2539 838 2575 mo·

38 2589 111 2651 ratis,
125 2587 248 2654 participat
257 2588 341 2652 atiquid
353 2589 494 2654 prudentie,
505 2604 556 2653 qnae
569 2594 605 2641 est
615 2590 725 2641 directisa
736 2594 839 2645 omnium

38 2659 163 2712 moralium
179 2659 296 2710 uirtutum.
313 2659 358 2711 Sed
372 2673 402 2710 ex
414 2659 465 2726 ipsa
483 2661 572 2712 ratione
592 2660 688 2724 iustitie
703 2673 750 2712 non
765 2662 840 2714 solinu

39 2731 113 2782 trahet
134 2729 159 2781 id
175 2731 234 2793 quod
248 2729 343 2794 justitia
360 2734 410 2791 est,
426 2731 551 2781 sedetiam
571 2742 598 2781 ea
611 2744 663 2794 qua
681 2735 736 2781 sunt
752 2735 840 2796 mmpe·

40 2801 125 2853 rantiae
145 2803 170 2851 et
191 2799 347 2865 tortitudinis,
361 2801 385 2852 in
399 2804 508 2866 quantum
523 2800 610 2852 scilicet
622 2813 650 2853 ca
666 2815 718 2865 qua
741 2802 839 2852 detectu-

40 2873 130 2924 tionern
151 2873 261 2933 causant,
278 2871 306 2921 act
329 2871 501 2936 temperantiam
520 2871 647 2936 pertinent,
668 2871 704 2921 uei
731 2876 840 2925 terrorem

702 2955 731 2999 15
