1942 3284
135 207 165 244 nii
180 203 339 246 sanmuro
355 204 527 244 mellillam
542 205 669 246 omniruoii
686 209 722 246 ee.
785 199 831 246 att

326 389 485 440 lonchitis
499 391 528 440 ll.

127 513 213 557 illrum
224 514 268 559 hoe
282 517 460 559 sacramentam
473 515 506 560 eit
515 527 591 560 uuum
604 515 642 560 uel
656 517 736 573 pluro.

65 640 94 689 ll
109 640 234 690 meandum
252 638 286 690 sic
300 639 430 703 proceditur
440 640 485 703 (l).
506 639 598 690 Videtur
620 639 680 703 quhd
696 643 832 694 eucharistia

32 723 78 760 noii
94 709 123 760 sit
136 724 207 760 onum
224 715 407 772 sacramentnm,
422 711 462 761 sed
476 711 552 774 plura.
567 710 652 761 Dicitur
669 712 731 763 enim
746 714 769 764 iii
784 715 832 765 col·

32 783 107 832 lecta:
126 782 351 846 «carthuitius,
370 783 481 844 homine,
501 787 639 833 sacramenta
660 797 711 847 qua
733 785 832 851 sumpn-

32 867 95 916 mus;
110 869 124 900 a
142 855 203 916 quod
212 853 302 916 quidem
314 854 395 904 dicitur
405 859 499 918 propter
509 853 638 904 euhaiislin
649 857 829 918 susceptionem.

35 925 90 987 Ergo
102 925 238 976 enchiridia
251 939 297 978 noo
313 930 349 976 est
363 939 434 976 unuin
446 929 622 990 sacramentnm,
633 929 672 978 sed
686 928 758 993 plora.

63 1001 84 1047 a.
104 1001 232 1061 Preterea,
251 997 392 1063 impossihile
415 1004 466 1061 eal,
489 999 638 1063 multiplicato
662 1013 759 1065 genere,
779 1015 826 1054 uon

34 1069 175 1134 mohlplicari
192 1071 308 1134 speciem,
320 1070 380 1121 sicut
392 1073 452 1134 quod
466 1083 526 1120 uuus
538 1071 606 1120 homo
615 1071 650 1135 (a)
663 1071 691 1121 sit
704 1072 768 1136 plura
782 1073 831 1124 arii·

33 1140 103 1189 milia.
119 1141 164 1191 Sed
179 1141 269 1205 siguum
285 1145 321 1192 eet
332 1155 404 1205 genus
420 1144 569 1205 sacramenti,
582 1147 607 1192 ut
618 1142 686 1206 iiiprh
697 1143 830 1196 dictumest

35 1212 80 1274 (qu.
94 1217 134 1274 tto,
147 1218 193 1264 art.
205 1217 246 1275 1).
261 1213 320 1263 Ciim
332 1213 403 1277 igitur
419 1215 444 1263 in
460 1212 596 1264 eucharistia
614 1211 660 1263 sint
677 1215 740 1278 plura
755 1216 829 1280 signa,

34 1283 116 1335 scilicet
135 1285 242 1347 perduct
261 1284 356 1345 vinum,
371 1285 459 1335 videtur
472 1297 613 1348 consequeus
629 1297 680 1336 essa
701 1285 762 1348 quod
782 1287 829 1337 sirit

36 1354 93 1415 plura
110 1361 261 1407 sacramenta.

63 1429 85 1474 a.
100 1428 227 1490 Praeterea,
244 1429 288 1478 lioc
308 1429 471 1479 sacramentum
491 1427 605 1492 perficitur
621 1427 644 1477 iii
659 1427 832 1480 consecratione

37 1497 140 1560 maudo,
151 1499 211 1548 sicul
229 1499 315 1550 dictum
328 1503 424 1560 estlart.
440 1499 475 1560 1).
491 1499 535 1549 Sed
549 1498 573 1548 iu
584 1499 627 1548 hoc
643 1502 784 1550 sacramento
797 1504 833 1552 eat

37 1566 113 1630 duplex
130 1569 231 1620 materie
241 1571 389 1621 consecratio.
405 1571 464 1633 Ergo
478 1573 515 1620 est
526 1570 609 1633 duplex
625 1574 799 1621 sacamentum.

65 1639 106 1690 Sed
124 1645 205 1691 contra
220 1643 338 1703 eit,qiod
355 1643 478 1706 Apostolus
494 1641 558 1703 dicit,
568 1643 586 1691 l.
602 1643 673 1698 Cor„
688 1643 725 1691 ll:
743 1642 833 1694 «Unus

38 1710 97 1771 panis
113 1716 136 1762 et
149 1726 221 1762 uoiim
236 1725 318 1775 corpus
331 1712 396 1761 multi
415 1725 495 1762 sumus
509 1724 600 1768 omnes.
616 1712 655 1774 qui
674 1712 702 1762 de
714 1724 759 1761 uno
773 1725 832 1774 pane

39 1784 60 1827 et
70 1781 96 1831 de
108 1795 153 1833 uiio
164 1783 236 1832 calice
246 1783 416 1847 participantum
426 1799 441 1829 a
450 1796 480 1831 ex
489 1795 534 1846 quo
546 1785 609 1846 patet
621 1781 682 1846 quhd
695 1781 832 1833 eucharistia

42 1856 74 1900 eet
86 1859 248 1904 oeramentum
262 1853 418 1905 ecclesiasticae
432 1851 535 1903 unitatis.
554 1853 598 1904 Sed
619 1857 784 1904 sacramentum
801 1854 832 1904 si-

42 1923 183 1976 militudinem
191 1926 252 1989 gerit
261 1925 295 1976 rei
308 1928 375 1991 cujus
387 1929 423 1976 est
431 1930 606 1977 sacramentum.
619 1926 678 1989 Ergo
691 1925 833 1978 eucharistia

42 1999 73 2044 ost
84 2011 152 2047 unuin
163 2001 339 2048 sacramentum.

69 2068 224 2129 (Conciosio.
237 2095 267 2106 -
283 2068 339 2120 cdiii
354 2070 378 2117 in
390 2068 534 2119 eucharistiae
553 2073 695 2120 sacramento
708 2069 833 2134 spiritualis

44 2138 98 2189 cihus
116 2144 139 2190 et
152 2146 222 2204 potue
239 2141 268 2190 ad
285 2141 432 2190 relectionem
449 2139 588 2204 spiritualem
608 2140 661 2204 apte
682 2146 830 2204 concurrant,

45 2210 176 2274 murionum
186 2217 222 2262 eat
233 2213 278 2261 hoc
287 2215 461 2275 sacramentum,
471 2211 526 2263 licet
535 2211 680 2264 materialiter
690 2213 770 2275 multa,
780 2227 832 2277 per·

46 2278 117 2333 lectiae
130 2288 207 2333 tamen
218 2288 241 2334 et
253 2282 377 2333 formaliter
388 2296 458 2332 uuum
469 2282 542 2344 esse.)

72 2353 202 2418 despondeo
227 2357 362 2418 dicendum,
380 2354 438 2417 qudd
458 2355 518 2404 sicut
540 2354 622 2405 dicitur
638 2355 667 2405 V,
694 2357 833 2422 Meraplyr.

48 2422 104 2485 (leil.
114 2428 152 2489 tl),
170 2442 250 2476 uuum
261 2427 344 2476 dicitur
355 2439 402 2476 nou
421 2425 494 2478 aoldni
509 2429 568 2490 quod
584 2433 620 2478 est
632 2428 783 2491 indivisibile,
798 2429 835 2479 vel

48 2498 96 2555 quod
115 2504 151 2548 est
171 2499 317 2559 continuum,
333 2499 373 2548 sed
393 2499 462 2548 eliam
479 2499 539 2561 quod
557 2503 592 2549 est
609 2499 753 2563 perlectum
774 2499 835 2548 elcut

50 2564 117 2618 ddtor
130 2585 182 2619 uua
197 2571 290 2620 domuc
302 2573 326 2619 et
339 2584 404 2618 auur
421 2569 503 2618 homo.
519 2570 559 2619 Est
577 2573 652 2620 autem
665 2584 736 2620 unum
747 2569 835 2634 perleu-

73 2673 101 2737 (ί)
115 2680 146 2724 Ile
158 2680 195 2725 hia
206 2680 278 2724 etlam
293 2676 366 2734 iuird',
375 2689 415 2732 qu.
431 2677 474 2731 7⁸,
485 2683 529 2723 art.
545 2677 573 2737 d,
585 2680 614 2724 ad
624 2678 652 2734 25
663 2685 686 2725 et
698 2680 741 2735 lV,
754 2677 837 2727 Saul„

50 2736 93 2783 diii.
107 2740 134 2799 8,
149 2755 189 2798 qu.
206 2742 234 2801 1,
249 2746 294 2787 art.
309 2740 335 2800 l,
350 2741 488 2796 quaestione.
506 2742 529 2786 2.

78 2809 107 2872 li)
119 2815 159 2867 oui
177 2825 220 2870 pro
237 2813 342 2869 exemplo
355 2811 440 2867 speciei
462 2811 568 2870 affertur,
583 2825 630 2858 non
643 2825 690 2868 qua
709 2821 768 2856 unua
785 2815 835 2867 eit,

50 2875 228 2991 mamonae,
242 2877 287 2921 ulii
297 2876 367 2920 etiarn
383 2873 489 2931 specifica
505 2876 580 2921 unitae
594 2889 635 2933 per
645 2877 689 2922 hoo
703 2885 786 2920 nomen
802 2873 836 2919 ni·
