1942 3284
279 199 311 238 ns
325 199 434 238 sunnonis
447 200 622 238 contusionis.
800 186 854 234 mit

51 271 176 324 drrmmodo
194 271 283 324 actions
297 273 392 324 alarum
412 272 524 326 rirtntom
538 278 606 326 uacet
616 287 660 325 suo
679 278 847 339 tempore,se-

51 342 153 394 erundum
164 341 226 406 qood
243 347 342 406 oportet.
355 344 399 396 Sed
412 345 532 409 passiones
550 348 647 411 possum
661 345 744 414 ualere
759 359 847 410 snper-

50 416 140 479 fluum
163 417 187 466 et
213 414 391 475 diminutum,
415 418 439 466 et
459 419 570 480 mantum
596 416 626 467 ed
647 415 801 468 intensionem
823 420 848 466 et

51 485 165 545 ‹puantum
182 482 212 534 ml
224 484 380 547 durationem
394 490 418 536 ot
431 486 482 536 ideo
497 483 558 536 siem
570 485 648 549 passio
660 485 761 546 doloris,
778 497 847 549 quem

22 583 25 608 s
51 553 163 604 noluntas
182 554 296 617 assumit,
310 556 377 607 leuet
396 568 447 606 osso
467 556 583 606 moderatu
605 556 712 619 intensa3
725 555 758 606 ita
780 555 849 606 leuet

50 623 172 677 nnoderatt
186 626 276 688 durare,
289 638 319 676 oo
338 625 359 675 si
370 626 439 676 nimis
448 627 527 688 duret,
539 629 608 678 homo
620 627 646 677 in
656 625 848 691 desperationem,

48 700 73 744 ot
87 693 298 758 pusillanimitatem
311 699 336 746 et
348 696 477 759 hujusmodi
487 696 544 746 vitia
557 697 653 747 labatur.

82 765 119 815 Ad
132 765 233 829 primum
248 779 301 830 ergo
321 766 459 830 dicendum,
472 765 533 829 quou
554 767 661 830 gaudium
683 765 760 817 secui
771 763 849 829 impe·

49 834 115 885 alitur
130 846 174 898 per
186 835 285 887 dolorem
297 836 455 899 contritionis,
468 849 515 888 non
528 840 605 888 antem
617 837 724 900 mutiam
740 837 801 901 quod
819 837 849 888 do

49 908 103 955 lico
120 909 174 967 est,
188 905 242 969 quia
254 907 323 958 habet
336 907 410 970 ipsum
421 908 521 958 dolorem
531 921 573 971 pro
587 909 691 958 materia.

81 976 120 1026 Ad
133 977 258 1027 minutum
269 977 535 1040 &centumpaulinis
549 977 653 1035 Erotes,
661 978 690 1028 te
702 977 795 1028 tristitia
807 990 849 1028 sao-

51 1047 101 1096 culi
113 1045 225 1110 loquitur.
236 1047 387 1113 Philosophus
403 1051 477 1099 sutem
491 1047 591 1112 loquitur
602 1049 631 1098 ds
642 1048 742 1109 tristitia,
752 1062 804 1112 quae
814 1053 849 1098 ast

51 1118 144 1182 passio,
162 1130 207 1182 qua
220 1119 334 1172 moderate
351 1120 460 1171 utendum
473 1126 524 1180 est,
537 1119 661 1172 secundino
679 1120 741 1185 quon
757 1120 850 1184 expedit

52 1191 81 1240 od
96 1189 168 1240 finem
178 1190 208 1240 ad
220 1201 288 1253 quem
306 1190 435 1241 assumitur.

83 1261 119 1310 itu
132 1259 227 1311 tertium
244 1259 377 1326 dicendum,
388 1261 449 1325 quod
465 1261 592 1313 Bormrtus
602 1261 703 1327 loquitur
712 1263 742 1314 tls
753 1260 848 1320 tcum.

51 1331 143 1394 quiesi
159 1331 244 1394 passio.

341 1445 501 1500 unoculus
518 1447 558 1500 111.

113 1571 201 1618 Utrum
219 1571 292 1615 etiam
304 1573 359 1628 post
375 1570 437 1616 hunc
453 1571 535 1624 vitum,
549 1571 635 1616 animos
653 1571 682 1616 rie
697 1573 797 1629 mesatis

369 1635 534 1677 conterantur.

85 1759 120 1810 ld
141 1757 232 1810 tertium
247 1756 281 1808 sio
291 1756 428 1820 procuditur.
443 1756 538 1806 Videtur
550 1755 611 1819 prou
629 1755 698 1808 etiam
719 1761 772 1821 post
789 1759 849 1810 hauc

52 1829 143 1891 vitam,
157 1827 238 1878 animas
252 1829 280 1879 te
292 1827 393 1892 peccatis
408 1829 560 1877 conterantur.
573 1828 641 1877 Amor
657 1828 719 1878 enim
732 1829 849 1879 maritatis

52 1898 221 1965 displicentiam
238 1898 267 1948 de
280 1903 371 1962 peccam
387 1900 474 1948 causat.
491 1897 537 1947 sed
549 1902 602 1962 post
614 1899 674 1948 hanc
691 1898 761 1949 ritum
774 1907 850 1951 manet

51 1971 79 2021 in
92 1969 212 2020 animabus
230 1969 338 2030 chonias,
353 1971 377 2019 et
389 1971 499 2032 quantum
515 1970 542 2019 uni
555 1974 631 2018 actum
646 1972 671 2020 et
691 1974 800 2034 quantum
819 1971 848 2021 ad

50 2039 171 2102 habitum
188 2037 241 2102 quia
264 2055 279 2087 «
299 2039 398 2089 counitus
423 2050 538 2101 nunquam
562 2037 692 2101 exsilic»
714 2043 741 2089 ut
765 2039 849 2091 dieitur

50 2113 61 2160 l
82 2110 154 2168 Gor„
169 2109 228 2159 lllll.
245 2109 304 2172 Ergo
317 2111 395 2160 manet
406 2108 548 2173 displicentia
561 2110 590 2160 de
602 2112 697 2172 peccato
708 2109 845 2174 commisso,
940 2121 947 2134 ·

50 2191 106 2244 qum
127 2179 278 2230 essentialiter
290 2183 325 2229 est
338 2178 452 2229 contritio.

86 2253 111 2298 Ξ.
127 2249 252 2309 musea,
266 2248 338 2310 magis
348 2247 470 2299 dolentium
482 2251 519 2298 est
527 2248 558 2298 nlo
569 2248 722 2312 cnlpa,qnlm
732 2251 761 2302 de
771 2263 847 2314 pona.

53 2321 101 2370 Sed
112 2318 230 2369 animuin
245 2318 375 2383 purgatorio
388 2318 464 2368 dolent
477 2318 506 2368 de
517 2331 584 2380 poenn
596 2319 699 2369 sensibili
711 2324 736 2371 et
747 2322 776 2372 de
788 2322 848 2372 ulla·

51 2391 119 2440 tione
136 2388 221 2452 gloriae.
234 2389 294 2452 Engo
313 2389 385 2439 multo
398 2387 471 2453 magis
488 2388 565 2439 dolent
576 2388 605 2440 ds
617 2390 684 2454 culpa
696 2391 726 2441 ali
740 2390 776 2442 eis
788 2403 850 2442 oom-

50 2471 136 2510 missu.

85 2533 110 2579 u.
127 2531 252 2589 preterea,
266 2541 333 2592 poena
345 2527 470 2593 purgatorii
481 2531 519 2580 ost
533 2527 686 2578 satisfactoria
697 2529 727 2580 (la
738 2535 842 2593 peccoto.

50 2600 100 2650 Sed
113 2598 238 2650 satisfactio
250 2599 319 2649 habet
331 2598 455 2650 efficaciam
474 2610 504 2648 ex
516 2597 541 2648 ni
552 2597 704 2649 contritionis.
718 2598 778 2663 Ergo
790 2611 849 2651 oon·

51 2669 118 2720 tuitio
130 2670 208 2718 manet
217 2670 269 2730 post
284 2669 344 2718 hano
357 2669 437 2718 vitam.

84 2738 133 2791 Sed
145 2740 240 2798 eontra,
253 2736 358 2788 contritio
375 2741 411 2788 est
423 2745 476 2803 pars
492 2735 636 2800 poenitentia
647 2735 789 2788 sacramenti.
804 2736 849 2788 Sed

51 2810 199 2862 sacramente
216 2819 263 2857 non
276 2812 368 2858 manent
377 2812 430 2872 post
441 2809 502 2858 hanc
513 2805 592 2856 sitam.
605 2806 665 2871 lingo
679 2819 722 2856 nec
734 2807 847 2858 contritio.

84 2881 216 2939 Praeterea,
225 2876 330 2928 contritio
338 2881 414 2940 potest
426 2889 478 2928 esse
488 2880 561 2941 tants,
569 2877 630 2940 quod
643 2876 717 2927 doleat
728 2876 849 2941 etculperu
