1942 3284
118 164 151 200 DE
168 162 276 200 ΙΔΤΕΙΙΑ
292 160 463 200 uocabulorum
477 162 594 207 QUANTU!
611 163 644 201 ΑΙ)
659 166 767 205 senululr.
801 156 846 207 Ἥ

40 252 85 289 non
100 242 196 302 potest3
206 239 261 302 qnia
274 238 300 288 in
315 239 560 298 sacramentorium,
576 243 629 303 posi
642 242 846 307 consecrationem,

40 310 94 359 urbii
107 313 146 360 esi
158 310 205 360 nisi
219 323 303 372 corpus
317 313 340 358 el
353 309 445 371 sanguis
455 310 552 372 Christi3
568 311 699 363 sicutenim
714 314 846 367 Ambrosius

40 384 93 432 ‹lieil
103 383 130 431 in
144 383 187 431 lib.
199 383 236 431 De
245 382 322 443 offic.
331 380 366 445 (l)
377 396 385 429 .·
398 398 412 429 n
423 383 480 432 inte
490 382 685 449 benedictionem,
701 386 744 436 alia
759 389 850 451 speeies

42 453 181 516 nominatur,
194 455 248 515 posi
261 450 459 516 benedictionem,
477 466 560 516 eorpus
571 453 654 505 Christi
677 455 847 522 significatum»

41 526 140 589 alioquin
153 538 201 575 non
210 527 285 574 toturn
301 524 433 575 adoraretur
444 524 592 575 veneratione
606 526 688 577 lubrie.
703 529 732 577 Et
744 529 795 580 ideo
805 530 846 581 ulii

40 598 145 647 dixerunt
154 596 230 661 qubd,
243 596 304 646 sieut
312 596 390 647 vinum
401 596 541 648 oonrertitur
550 596 576 646 in
586 599 731 660 sanguinem,
743 600 774 650 ila
786 613 849 665 aqua

43 670 181 720 conuertitur·
194 670 218 718 in
228 682 311 731 aquam
324 683 375 732 quae
386 671 414 720 de
427 670 498 720 latere
512 668 597 718 Christi
607 670 681 720 llurit.
695 671 739 721 Sed
751 684 794 722 neu
805 674 851 724 hoe

43 738 208 791 rationabiliter
219 739 266 790 diei
282 744 374 805 uoleet3
386 741 452 805 quia,
463 738 591 791 secundina
605 743 662 801 boc,
674 750 732 806 aqua
745 756 848 795 seorsum

44 814 217 862 consecraretur
231 810 245 860 i
258 809 326 873 rino,
337 812 395 863 siout
407 813 485 863 vinnm
499 810 590 875 ipone.
606 814 635 863 lit
647 814 706 877 ideo,
718 814 777 865 sicui
798 814 850 879 ipse

43 883 102 945 dicii,
121 883 221 935 aliorum
234 881 315 945 opinio
335 881 532 945 probabiliorem,
544 884 584 947 qui
603 883 682 934 dicunt
696 898 777 949 aquarn
793 898 850 937 eun·

43 954 98 1003 uerti
115 954 142 1005 in
154 953 252 1016 vinum,
268 957 291 1003 et
305 952 387 1002 uinum
401 951 426 1001 in
439 952 582 1016 sanguinem.
598 954 645 1005 iioe
655 958 730 1006 autem
740 956 789 1007 lieri
800 968 849 1009 uon

43 1029 131 1089 posset,
151 1025 198 1076 nisi
212 1026 270 1075 adeo
287 1024 402 1076 modicum
420 1028 571 1089 apponeretur
587 1024 615 1077 de
627 1039 698 1089 aqua,
714 1028 775 1091 quot
795 1040 853 1079 oon·

45 1101 170 1147 uerteretur
182 1096 209 1146 in
221 1096 313 1147 naun.
327 1098 355 1146 ut
367 1097 418 1149 ideo
429 1110 520 1160 semper
532 1096 605 1149 tuliis
613 1101 649 1149 est
663 1112 742 1162 parum
753 1100 781 1150 de
794 1112 852 1163 aque

47 1179 167 1231 apponere,
178 1172 203 1219 et
218 1165 337 1232 praecipui
349 1169 369 1218 si
381 1169 459 1218 uinum
469 1169 501 1219 sit
512 1168 599 1230 tebllo3
612 1169 666 1233 quia
679 1169 699 1221 si
711 1174 774 1221 tanta
786 1170 853 1220 lieret

47 1239 157 1303 appositio
171 1253 238 1303 aquae
250 1240 430 1291 resolverentur
444 1240 533 1305 epeoies
544 1240 606 1305 vini,
619 1254 665 1307 non
678 1245 756 1305 posset
770 1239 851 1305 periei

48 1316 220 1363 umamentum.
237 1313 305 1362 Unde
328 1313 400 1364 tulius
420 1316 485 1377 Papa
505 1312 564 1377 (ubi
582 1312 686 1377 sopri),
704 1311 853 1377 reprehendit

50 1381 173 1443 quosdam,
185 1383 228 1445 qni
238 1396 342 1447 pannnnr
358 1382 461 1446 lineum,
476 1388 552 1433 musto
567 1383 706 1446 intinctum,
717 1396 760 1447 per
779 1384 854 1433 bobum

51 1463 133 1503 annum
144 1458 254 1516 serrant,
266 1459 291 1505 et
304 1454 444 1519 intempore
457 1453 564 1507 malificii
577 1454 636 1519 aqua
646 1458 733 1519 partem
749 1454 799 1518 eius
811 1452 853 1503 lu-

53 1526 118 1586 rant,
131 1528 157 1574 et
174 1525 208 1576 sic
219 1526 329 1577 otiernut.

78 1597 115 1646 ld
129 1597 229 1659 primurn
252 1611 307 1660 ergo
325 1597 464 1659 (lieentum,
479 1596 541 1661 qnbd
563 1596 648 1647 sulloil
668 1598 696 1647 ad
717 1593 857 1647 sacramenti

52 1666 120 1729 bajus
146 1668 336 1731 significationem
359 1668 418 1732 qubrl
445 1669 556 1718 sentiatur
577 1680 636 1729 aqua
658 1680 710 1715 eunr
734 1666 857 1728 apponitur

53 1738 119 1800 rino,
133 1752 179 1788 non
193 1743 272 1789 autern
290 1742 378 1802 oportet
390 1739 451 1803 qubd
466 1738 497 1788 sit
515 1737 629 1789 sensibilis
643 1740 695 1801 post
709 1735 855 1786 mixtionem.

82 1810 116 1859 bd
129 1810 255 1861 seeundum
277 1810 415 1873 dicendum,
430 1808 491 1873 qnbd
506 1808 524 1859 si
543 1808 635 1859 omnino
649 1820 708 1871 aqua
722 1820 768 1857 non
782 1819 856 1871 appo·

54 1882 145 1945 uerelnr,
166 1882 270 1933 totaliter
288 1882 447 1932 excluderetur
460 1880 606 1944 significatio.
621 1880 675 1942 Set,
689 1878 741 1929 cin
758 1890 817 1943 aqua
831 1878 858 1928 in

55 1948 125 2001 rinurn
141 1954 293 2015 conuertitur,
307 1952 447 2016 significatur
467 1951 528 2017 quid
542 1951 640 2016 populus
665 1950 756 2001 Christo
776 1949 858 2000 iuoor·

57 2027 150 2083 pontu.

84 2096 116 2145 id
125 2096 216 2147 tertium
229 2096 370 2158 dicendum,
382 2094 443 2159 qubli
459 2094 481 2144 si
492 2106 549 2158 aqua
560 2096 712 2158 apponeretur
723 2093 793 2153 dolio,
809 2104 857 2143 uorr

58 2164 163 2217 miiieeret
184 2169 213 2218 ad
229 2167 423 2231 significationem
443 2168 514 2230 buius
538 2164 745 2216 sacromontisii
765 2164 858 2227 oportet

59 2245 130 2298 aunan
144 2239 198 2290 rino
211 2237 302 2303 apponi
315 2238 376 2288 cirea
388 2238 462 2301 ipsam
476 2237 652 2289 celebrationem
665 2233 814 2287 sacramenti.

87 2344 116 2409 (l)
129 2350 236 2396 Habetnr
248 2351 273 2395 in
284 2349 330 2394 lib.
345 2348 380 2394 De
394 2348 540 2398 initianda,
551 2360 604 2405 cap.
622 2345 647 2393 9.
