1942 3284
221 204 253 242 su
267 203 373 244 mnan
390 203 466 244 antus
483 202 642 244 summat.
784 193 831 242 tta

273 418 441 487 dinatio
459 418 588 483 XXXV.

16 560 54 606 Dc
69 559 164 619 effectu
178 559 255 617 tejas
267 561 424 610 sacramenti,
437 559 467 606 iu
483 560 591 617 potsque
605 558 723 605 orttcsios
739 558 831 608 Maiam

48 709 146 760 Deinde
161 707 352 759 considerandum
364 711 402 759 est
414 709 443 759 de
456 707 541 759 effectu
554 708 625 772 lrujns
635 708 780 759 sacramenti.

48 781 125 831 Circa
143 779 204 842 quod
221 782 352 842 queruntur
371 779 472 844 quinque
486 793 493 828 :
509 782 538 828 1⁰
550 779 630 829 Utrim
645 780 671 829 in
688 783 832 831 sacramento
858 793 863 801 ·

16 851 111 903 ordinis
123 850 254 902 conteratur
266 851 338 912 gratia
348 854 438 914 gratam
449 851 543 902 iudeus.
558 854 586 899 2⁰
593 850 672 900 dirim
684 850 829 915 imprimatur

16 925 145 974 character
158 921 269 986 quautim
282 923 311 972 ed
320 935 402 974 omnes
417 923 518 975 ordines.
534 927 561 972 aa
573 921 654 973 dtrim
663 923 830 973 charactcror·

19 993 83 1044 dinis
100 995 270 1058 prasupponat
283 994 439 1045 characterem
454 993 624 1058 baptismalem.
635 995 663 1041 ¹0⁰
674 992 754 1042 Utrim
768 1006 833 1058 pra·

18 1069 143 1130 supponat
154 1066 182 1115 de
197 1063 335 1116 necessitate
349 1067 505 1116 chmacterom
514 1063 702 1116 confirmationis.
714 1066 741 1111 de
750 1063 834 1114 Utrdm

18 1137 148 1187 character
163 1135 232 1186 nnius
256 1135 342 1187 ordinis
358 1140 522 1201 presuppouat
536 1137 565 1188 dc
580 1133 719 1186 necessitate
736 1135 832 1185 charac-

19 1209 96 1258 terem
112 1206 209 1258 alterium
217 1205 314 1257 ordinis

334 1317 495 1375 anticanus
510 1322 531 1373 1.

53 1447 145 1492 Utrdm
157 1447 185 1491 in
198 1449 347 1491 testamento
360 1445 453 1565 orfdc'aia
463 1446 604 1502 moveretur
616 1446 699 1504 pratia
709 1450 808 1503 matam

391 1523 477 1556 uaeas.

55 1637 93 1687 id
109 1635 211 1702 primum
223 1636 257 1688 sic
269 1635 407 1701 proceditur.
418 1635 514 1686 videtur
525 1634 587 1699 qnod
599 1635 626 1684 in
638 1638 782 1687 sacrunmnto
794 1647 832 1686 or·

24 1705 87 1757 diuis
100 1719 150 1758 non
168 1706 299 1758 conferatur
313 1706 387 1770 gratia
402 1709 494 1769 gratum
503 1704 599 1756 iaciens.
614 1705 834 1765 Qniacummuuiteu

25 1776 113 1828 dicitur
127 1777 187 1841 quod
203 1781 369 1828 sacramentum
385 1776 471 1828 ordinis
485 1777 605 1828 ordinatur
621 1780 701 1826 contra
718 1776 833 1827 detodom

24 1846 172 1908 ignorantia.
192 1849 237 1900 Sed
252 1852 331 1900 contra
346 1847 498 1911 ignorantiam
515 1861 562 1900 non
574 1848 641 1898 datur
653 1847 726 1910 gretia
739 1850 833 1910 grutam

23 1918 131 1983 iaciens,
147 1919 188 1970 sed
209 1919 281 1982 gratia
294 1919 364 1983 gratis
386 1919 455 1981 data,
470 1920 525 1982 quia
544 1919 616 1985 gratia
636 1921 725 1981 gratim
744 1918 834 1969 taciens

25 1991 103 2053 magis
112 1991 332 2056 respicitadectnm.
345 1990 422 2054 Ergo'
415 2003 440 2040 m
450 1994 594 2042 commento
606 1990 693 2041 ordinis
707 2003 755 2041 non
766 1991 835 2041 datur

26 2060 102 2123 gratia
116 2065 206 2125 gratum
222 2063 318 2114 iaciens.

57 2135 83 2182 2.
103 2135 232 2196 Preterea,
256 2135 311 2185 ordo
329 2133 501 2184 distinctionem
520 2133 638 2198 importat.
660 2133 706 2183 Sed
730 2132 833 2184 membra

27 2201 140 2255 Ecclesiae
152 2217 200 2255 uon
210 2204 380 2268 distinguuntur
388 2217 429 2268 per
443 2204 538 2268 gratiam
549 2208 639 2268 gratum
651 2203 781 2267 iacientem,
792 2204 833 2256 sed

28 2275 159 2326 secundiam
171 2276 266 2340 gratiam
276 2275 347 2338 gratis
356 2275 445 2336 datam
460 2274 643 2338 manuducitur,
657 2276 677 2323 1.
688 2276 758 2334 Gor„
774 2243 831 2326 Xlt:

31 2345 186 2399 uitirisiones
200 2346 323 2410 gratiarnm
332 2348 394 2395 sunt.
404 2360 419 2393 a
429 2346 490 2408 Ergo
499 2345 524 2394 in
535 2345 614 2396 ordine
621 2358 669 2396 non
682 2348 749 2397 datur
760 2346 834 2410 gratia

29 2417 227 2476 gratumtrrieus.

62 2489 87 2535 a.
104 2488 233 2551 eremus,
248 2487 309 2538 nulls
319 2500 387 2539 causa
400 2487 769 2551 prosupponitedoetumsnnm.
785 2485 834 2537 scd

30 2552 56 2604 iu
71 2569 99 2607 oo
113 2558 153 2620 qui
167 2558 256 2609 accedit
269 2559 296 2609 ad
307 2557 399 2610 ordines
407 2558 702 2622 ‚·prasupponiturgratia‚
717 2569 833 2622 perquam

31 2623 57 2675 fit
70 2625 167 2680 idonens
180 2629 209 2679 ad
223 2630 391 2694 susceptionem
400 2629 496 2680 ordinis.
509 2630 569 2693 Ergo
578 2630 630 2679 talis
637 2629 710 2694 gratia
719 2641 766 2678 nou
780 2641 835 2680 con·

30 2693 125 2748 fertur
119 2712 144 2748 ru
158 2700 244 2754 ordinis
256 2702 388 2752 collatmne.

63 2768 209 2822 Sedeontra:
218 2770 833 2836 asacramentaneuslegiseidciuutquoddgnrents

31 2841 59 2888 nt
65 2840 153 2892 drotum
167 2849 200 2894 est
209 2845 260 2909 (ΙΙΙ.
268 2849 338 2910 part,
348 2859 388 2908 qu.
398 2847 437 2907 62,
448 2846 491 2894 art.
505 2843 779 2908 t,ad1).Sedordoper
790 2855 836 2892 nn·

33 2920 122 2964 merum
135 2916 290 2979 septenarium
302 2915 417 2980 desideat
425 2918 513 2980 septem
526 2914 586 2966 dona
597 2913 696 2980 Spiritris
708 2913 791 2978 sancti
807 2916 835 2964 nt
