1942 3284
255 218 287 256 ns
301 217 453 263 oudentttttt
467 219 644 257 dominionis.
800 206 847 254 ⁸85

60 291 151 343 nerine
163 295 292 357 separatio
309 295 325 344 d
341 294 401 344 Deo.
415 293 456 346 Est
472 293 603 344 etiamalio
622 293 737 359 quantitas
751 294 845 347 medtte

60 361 293 427 occidentalisque
304 368 395 429 oportet
405 364 430 414 iu
442 364 586 430 displicentia
596 366 712 417 attendere
721 365 846 431 recunditur

58 433 161 485 rationem
173 435 291 499 presentis
308 439 332 486 et
350 435 472 500 preteriti3
486 434 540 499 quie
561 436 622 499 quod
638 437 780 500 preteritrm
791 442 846 501 est,

60 514 100 564 ‚eur
109 515 155 554 nou
164 507 212 567 est,
222 504 281 557 unde
290 504 360 555 hebet
370 504 447 555 miuus
461 505 489 555 de
497 503 584 556 ratione
593 505 686 557 malitie
693 509 718 556 et
728 505 845 569 bonitatis

58 571 138 624 etindc
151 577 188 624 est
199 574 260 637 quod
270 574 323 638 plus
343 574 428 638 refugit
445 576 514 626 homo
531 575 644 626 sustinere
656 573 740 638 diquid
757 576 847 626 molitu

57 644 159 706 presenti
175 645 214 696 vei
226 645 251 696 in
263 646 354 709 tuturo,
366 646 434 711 quim
447 647 537 697 horrere
546 646 576 697 de
590 646 719 710 preterit03
730 647 791 698 unde
804 659 848 697 neo

58 713 128 778 utiquo
144 715 222 780 passio
240 717 322 767 enimc
335 715 420 767 directd
436 717 558 780 respondet
569 716 699 780 preterito,
714 717 774 768 siout
783 716 848 768 dolor

57 787 175 848 respondet
191 786 300 849 procerti
313 787 381 848 melo,
397 789 421 837 et
434 786 503 837 timor
518 786 604 838 tuturo
618 787 648 837 nt
656 793 751 852 propter
762 788 808 839 troo
818 789 848 838 de

58 855 140 907 duobus
153 857 221 908 malis
237 858 375 922 preteritis,
390 857 447 908 iliud
465 857 538 921 mrpis
555 858 661 910 abhorret
679 858 769 909 unimus
780 860 847 923 cujus

58 927 124 991 major
141 927 236 980 edoctus
247 929 271 979 iu
284 929 391 993 presenti
408 932 522 989 remanet,
532 929 571 978 rei
589 928 729 978 infuturum
743 929 846 992 timetur,

58 998 141 1049 etiamsi
158 999 184 1050 in
193 999 305 1064 preterito
317 999 476 1052 miuusiuerit.
487 999 517 1049 nt
528 999 582 1062 quie
593 998 688 1050 edoctus
698 1001 847 1063 precedentis

59 1069 124 1133 cripe
139 1083 187 1122 uon
203 1069 235 1122 ite
245 1070 368 1134 percipitur
381 1070 532 1134 mundoque,
548 1070 609 1120 siout
618 1069 715 1120 edoctus
727 1071 847 1133 preterire

58 1153 135 1203 punc,
142 1145 193 1192 tum
205 1140 258 1204 quie
266 1141 333 1205 culpa
343 1141 465 1205 perfectius
475 1145 567 1191 sanetur
577 1139 646 1205 quim
658 1140 761 1204 quedam
768 1153 846 1206 poene,

57 1216 101 1260 tum
112 1212 165 1276 quie
176 1212 279 1263 detectus
291 1211 412 1276 corporatis
425 1212 500 1275 magis
516 1216 551 1263 cet
565 1212 699 1263 noeuiteetus
715 1210 785 1274 qudo]
799 1212 847 1274 epi·

56 1280 139 1332 ritualis
155 1283 225 1334 :ideo
238 1283 306 1334 doure
314 1283 385 1333 etium
398 1283 458 1332 toene
467 1282 592 1347 dispositus
599 1281 846 1346 quondoquemepisin

57 1363 81 1402 se
95 1353 193 1418 percipit
215 1353 330 1405 horrorem
350 1353 500 1417 precedentis
515 1366 590 1418 pene
608 1353 675 1417 qutun
699 1353 847 1416 precedentis

56 1423 135 1488 culpe,
143 1423 326 1488 quemuisrnepis
335 1427 397 1474 esset
408 1428 500 1488 perotus
509 1425 558 1488 peti
565 1425 667 1475 eumdem
676 1435 768 1488 pienum
777 1423 847 1488 quim

57 1495 192 1546 committere
204 1496 306 1546 eumdem
314 1495 414 1557 culpan.
424 1493 466 1544 Est
476 1494 547 1546 etirnr
556 1494 744 1547 considerandum
752 1494 777 1544 in
786 1507 848 1544 oom-

56 1566 169 1626 porutioue
178 1564 253 1629 culpe
265 1569 289 1616 ct
300 1577 388 1630 pene,
402 1565 463 1628 qudd
477 1566 581 1628 quedem
592 1577 669 1629 pune
684 1565 771 1615 hebent
780 1564 847 1616 inse·
884 1605 890 1614 .

57 1635 181 1697 perutiliter
193 1635 338 1700 conjunctum
350 1635 392 1686 lici
403 1633 531 1693 offensem,
547 1635 608 1685 sicut
627 1633 740 1698 seprrrtio
757 1633 771 1684 t
784 1634 846 1696 tteo;

56 1707 155 1768 quedem
170 1706 240 1759 etium
258 1707 343 1757 addunt
363 1705 556 1770 perpetientem,
573 1706 634 1755 sicut
651 1717 719 1768 poene
741 1703 847 1755 interni:

56 1789 106 1839 erpo
123 1791 194 1844 prena
210 1777 250 1828 iliu
266 1791 318 1842 que
337 1777 446 1829 offensem
458 1775 668 1837 tenerenturne,
685 1775 766 1825 eodem
779 1774 848 1825 ruodo

56 1851 152 1900 carendo
165 1852 202 1901 est
211 1883 219 1912 ,
228 1847 287 1899 sicut
299 1852 323 1900 et
335 1848 415 1912 culpa3
425 1847 466 1897 sed
476 1846 515 1897 iile
525 1859 576 1910 que
590 1844 762 1910 perpetuitatem
774 1845 846 1906 addit,

55 1921 90 1967 est
101 1919 174 1983 nugis
191 1919 259 1982 quem
272 1919 338 1982 eulpa
356 1917 487 1982 simpliciter
500 1917 615 1981 fugiende.
635 1915 659 1965 Si
679 1919 755 1965 tamen
768 1915 797 1965 etr
813 1915 849 1966 eis

56 1993 170 2051 soporetur
186 1988 244 2039 retio
256 1989 361 2050 offense,
371 1993 396 2039 et
408 1989 564 2040 consideretur
582 1990 672 2037 tentum
684 1985 744 2035 ratio
759 1997 847 2048 poeue,

55 2058 127 2110 minus
144 2059 231 2110 hobed
243 2059 271 2109 de
284 2058 370 2110 malitie
382 2058 449 2122 quern
464 2059 547 2122 culpe,
558 2057 704 2120 inquantum
714 2058 751 2107 ort
761 2055 848 2107 offensa

55 2128 103 2192 dei,
122 2133 252 2194 etpropter
264 2131 309 2180 troc
325 2129 400 2180 miuus
419 2129 504 2180 debent
524 2127 653 2192 displicere.
664 2127 788 2177 Sciendum
810 2131 846 2176 eet

54 2200 121 2250 etium
133 2201 195 2264 qnod
209 2199 314 2264 paucis
324 2199 377 2250 tulis
391 2199 473 2252 debeat
484 2210 536 2249 csse
549 2197 642 2249 contriti
655 2195 786 2261 dispositio,
797 2208 846 2248 uon

55 2273 129 2320 tumen
145 2271 175 2322 de
188 2283 217 2339 eo
231 2271 354 2320 tenendus
366 2274 417 2332 est,
432 2269 485 2334 quie
504 2267 599 2319 effectus
614 2280 668 2319 euos
680 2267 748 2317 horno
760 2278 808 2317 nou
819 2267 849 2317 de

56 2340 113 2391 incili
131 2353 264 2406 mensurare
275 2344 363 2404 potest3
377 2344 401 2390 ct
414 2337 614 2403 quandoqueillud
630 2337 691 2400 quod
707 2337 783 2387 minus
798 2335 849 2386 dis-

56 2409 122 2473 plicet
130 2411 221 2462 videtur
229 2411 301 2473 megs
312 2409 439 2473 displicere,
447 2408 502 2472 quia
513 2411 549 2458 est
556 2406 704 2472 propinquius
712 2410 850 2458 nocumento

55 2481 155 2533 seminili
162 2518 172 2546 ,
188 2482 250 2545 quod
261 2481 334 2543 magis
345 2483 381 2532 est
393 2480 459 2531 uobis
476 2483 564 2531 notum.

56 2591 166 2636 emittitur
176 2591 189 2636 d
201 2589 332 2648 possidente
341 2605 347 2641 ;
357 2589 402 2633 hoe
411 2588 474 2632 enim
487 2597 557 2632 senor
565 2585 666 2643 phrasim
678 2586 742 2632 iilum
752 2591 851 2641 usurpet

56 2655 141 2708 pessino
156 2656 180 2698 S·
200 2653 316 2710 Thomas,
330 2649 382 2695 edm
400 2650 488 2708 otioqui
500 2650 588 2695 bonum
608 2660 655 2694 uon
673 2648 792 2704 privetur.
808 2645 851 2691 ecd

57 2715 88 2760 eit
100 2715 178 2774 potiris
190 2713 246 2762 iliud
260 2723 306 2768 quo
318 2713 444 2770 privemur.
