1942 3284
81 165 124 215 tlt
242 176 302 216 ntus
317 177 358 226 ιιι,
377 175 471 222 onnes.
488 176 591 226 unm,
607 175 663 214 aar.
683 177 719 215 ru.

79 252 149 304 oratio
169 251 292 313 Ecclesia,
307 253 344 302 uel
364 252 442 317 attan,
456 258 478 303 et
493 252 624 316 hujusmodi
646 253 713 304 rebus
733 253 877 315 inanimatis,
950 280 951 323 ι

78 339 129 388 qua
147 338 192 376 non
205 329 258 375 sunt
277 325 411 389 susceptiva
426 325 503 390 gratia
519 326 557 376 uel
573 324 697 390 spiritualis
716 325 820 376 virtutis.
838 328 879 376 ln-

78 397 238 484 ccnuenienler
260 395 330 460 igitur
354 397 485 461 hujusmodi
510 396 692 450 consecrationes
720 397 746 448 in
775 398 879 449 Ecclesia

80 471 270 604 ruintpraem’
286 542 359 593 solurn
373 541 450 592 diuina
461 555 530 606 opera
543 542 628 592 dehent
638 542 771 593 recolicum
780 543 878 606 quadan

80 614 235 676 solemnitate,
255 614 379 664 secundun
392 613 447 665 illud
463 615 531 664 Psal.
546 615 614 664 hul:
636 631 650 661 n
663 615 689 663 ln
705 615 814 678 operibus
828 628 876 664 ma·
950 628 951 663 ι

79 699 149 737 nuum
168 690 257 736 tuarum
271 686 386 736 exultabo.
401 703 414 732 »
433 686 477 736 Sed
494 685 595 736 Ecclesia
608 687 643 736 vel
661 686 732 736 altare
751 700 821 751 opere
836 689 878 736 hn-

80 769 148 809 mano
167 761 324 817 consecratur,
340 757 399 806 sicut
418 761 440 806 et
460 756 555 806 saliret
569 755 680 817 ministri,
694 761 718 807 et
739 757 785 806 alia
798 757 877 821 hujus·

81 830 143 880 modi
154 844 160 878 z
170 831 250 879 horum
268 833 345 879 autem
361 829 543 879 consecrationes
557 843 602 879 non
618 830 747 879 recoluntur
759 829 877 881 celebriter

81 903 106 952 in
121 901 231 951 Ecclesia.
251 903 310 965 Ergo
321 913 395 963 neque
412 901 553 951 consecratio
569 900 715 952 ecclesiaret
728 901 815 963 altaris,
826 915 878 951 curn

81 972 224 1023 solemnitate
240 973 312 1024 recoli
325 973 401 1024 dehet.

115 1049 138 1095 5.
156 1048 275 1107 preterea,
285 1045 368 1096 ueritas
379 1045 445 1096 debet
457 1045 594 1110 respondere
612 1046 697 1109 figura.
713 1046 757 1097 Sed
770 1048 794 1095 in
808 1047 880 1098 reteri

81 1118 243 1179 testamento,
258 1117 318 1179 quod
333 1116 424 1179 gerebat
437 1117 531 1180 figuram
545 1118 612 1179 novi,
624 1130 671 1166 non
686 1118 757 1168 tiebat
768 1118 835 1170 altare
850 1121 879 1170 de

81 1188 194 1254 lapidibus
208 1188 287 1251 sectis
302 1188 459 1238 diciturenim
475 1188 570 1244 Eood„
585 1190 626 1238 XX
640 1204 645 1237 :
662 1206 675 1236 u
689 1191 767 1239 altare
781 1192 808 1241 de
820 1195 878 1240 terra

81 1261 170 1312 iacietis
192 1260 260 1320 rnihi;
276 1261 335 1322 qnod
349 1261 368 1309 si
384 1262 453 1311 altare
469 1261 582 1325 lapideum
598 1261 678 1311 leceris
692 1263 758 1323 mihi,
770 1263 878 1314 nonaedi-

84 1332 161 1383 ficabis
174 1332 230 1381 illud
245 1333 272 1383 de
286 1331 355 1381 sectis
365 1331 486 1394 lapidibus.
502 1350 516 1379 r>
533 1333 627 1389 Eucti„
640 1333 708 1382 etiam
718 1336 807 1398 xxuu,
817 1347 876 1383 man-

82 1404 148 1455 datur
166 1403 215 1454 heri
231 1405 300 1454 altare
316 1421 329 1450 n
344 1404 372 1452 de
387 1403 455 1467 lignis
468 1403 556 1454 bethim
571 1404 675 1468 vestitis,
690 1419 745 1466 arc,
761 1405 876 1456 ueletiam

82 1488 145 1535 auro,
156 1491 170 1521 o
183 1479 208 1525 nt
221 1475 317 1524 hahetur
330 1475 426 1528 Esou..
440 1476 509 1526 XXV.
518 1477 577 1538 Ergo
591 1475 682 1526 ridetur
693 1476 877 1530 inconvenienter

82 1547 196 1598 observem
217 1547 241 1596 in
260 1547 373 1610 Ecclesia,
387 1549 447 1612 qudd
461 1548 532 1598 altare
544 1550 584 1598 bat
598 1547 670 1599 solium
686 1550 714 1600 de
731 1550 816 1614 lapide.

114 1627 136 1671 6.
160 1621 364 1675 Pselemachis
385 1635 438 1672 cum
457 1627 540 1686 patena
564 1626 711 1686 repraesentat
735 1624 876 1688 sepulchrum

82 1691 173 1753 Christi,
188 1693 246 1756 quod
258 1692 302 1742 init
319 1691 421 1742 excisum
438 1693 462 1743 in
472 1698 550 1757 petra,
566 1697 592 1743 ut
602 1693 625 1742 in
639 1694 767 1759 erengehis
783 1696 875 1745 habetur
951 1702 952 1707 ’

84 1765 205 1829 (dietih,
224 1765 303 1814 XllVll
315 1767 338 1815 et
352 1767 441 1821 Marc..
457 1767 522 1828 XV).
540 1768 599 1830 Ergo
613 1766 670 1816 calix
689 1767 758 1818 dehet
775 1768 803 1818 de
816 1771 878 1833 petra

83 1836 140 1899 heri,
155 1841 178 1888 et
192 1849 237 1886 non
252 1836 324 1886 solum
341 1837 369 1886 de
382 1841 483 1902 argento,
496 1839 534 1889 rel
549 1851 614 1901 auro,
625 1839 663 1888 rel
677 1842 770 1890 stanno.

114 1913 138 1958 7.
155 1912 278 1971 preterea,
288 1908 345 1958 sicut
361 1921 439 1958 aurum
456 1910 579 1974 pretiosius
590 1913 625 1961 est
642 1910 701 1960 inter
714 1910 823 1962 materias
836 1923 878 1960 ua·

84 1993 174 2042 sorum,
189 1979 222 2030 ita
234 1978 304 2042 panni
322 1977 388 2028 serici
401 1981 545 2044 pretiosiores
562 1985 615 2032 sunt
627 1981 687 2032 inter
703 1982 761 2032 alios
781 1995 876 2046 pannos.

83 2049 142 2114 Ergo
154 2050 213 2100 sicut
226 2049 285 2099 catis
297 2049 321 2099 nt
335 2050 363 2100 de
375 2063 437 2114 auro,
448 2053 480 2102 ita
494 2053 560 2116 palla
573 2053 652 2104 ulans
669 2053 754 2104 debent
767 2054 796 2106 de
810 2054 878 2105 serico

83 2120 141 2185 beri,
156 2125 180 2172 et
194 2135 238 2172 non
253 2120 325 2171 solum
338 2123 454 2186 despanno
467 2123 538 2176 lineo.

114 2197 137 2243 a.
152 2194 279 2254 Praeterea,
293 2194 434 2258 dispensatio
449 2201 653 2259 sacramentorum,
669 2201 693 2248 et
713 2197 827 2250 ordinatio
839 2211 876 2249 eo·

82 2266 184 2316 rumdem
208 2267 235 2316 ad
259 2265 373 2318 ministros
392 2269 498 2320 Ecclesiae
519 2271 634 2335 pertinet,
652 2270 711 2321 sient
736 2272 876 2337 dispensatio

82 2347 156 2388 rerum
170 2337 327 2401 temporalium
346 2339 449 2404 suhjacet
472 2340 608 2392 ordinationi
629 2341 760 2407 principum
781 2344 877 2395 secula·

81 2407 147 2470 rinm;
160 2407 219 2458 unde
232 2411 255 2458 et
267 2410 388 2472 apostolus
399 2411 454 2461 dicit
464 2413 482 2461 l.
497 2414 565 2469 Cor„
579 2413 626 2461 lv:
640 2413 704 2463 «Sic
714 2426 758 2465 nos
766 2416 877 2466 existimet

80 2481 162 2540 borno,
184 2483 210 2528 ul
233 2479 349 2532 ministros
372 2483 455 2533 Christi
476 2487 499 2533 et
520 2485 690 2547 dispensatores
717 2487 875 2552 mysteriorum

80 2549 130 2600 Dei.
144 2566 158 2597 n
169 2549 213 2601 Sed
228 2551 248 2601 si
259 2551 321 2604 circa
333 2554 526 2620 dispensationem
539 2569 614 2606 rerum
624 2558 785 2622 temporalium
796 2557 875 2621 aliquid

79 2621 118 2670 bat
134 2627 213 2673 contra
230 2625 315 2675 statuta
331 2625 475 2691 principum,
487 2627 586 2678 habetur
602 2628 699 2679 irritum.
718 2631 779 2694 Ergo
795 2630 815 2680 si
831 2632 877 2679 bae

79 2706 130 2756 quas
146 2694 280 2760 dictasunt,
291 2697 453 2749 conuenienter
465 2704 519 2750 sunt
531 2704 615 2750 statuta
628 2712 669 2765 per
680 2703 787 2766 praelatos
798 2701 875 2752 Eccle-

80 2766 134 2831 sia,
150 2768 248 2828 ridetur,
259 2768 320 2833 quod
333 2770 382 2821 sine
398 2771 434 2822 his
448 2785 529 2836 corpus
544 2773 628 2824 Christi
639 2774 721 2826 munci
735 2787 783 2824 non
797 2773 874 2839 possit

80 2839 103 2886 et
125 2837 159 2888 sio
177 2838 268 2889 ridetur
283 2840 346 2904 sequi
360 2841 420 2906 qudd
439 2844 510 2894 rerba
521 2839 606 2896 Christi
622 2857 669 2896 non
686 2845 734 2896 sint
746 2843 876 2897 sufflamus

82 2907 108 2955 ad
130 2908 174 2958 huc
193 2914 357 2962 sacramentum
377 2914 559 2979 coniciendum,
573 2916 633 2979 quod
651 2919 688 2966 est
701 2914 871 2968 inconveniens.
