1942 3284
179 133 211 176 ΡΒ
226 127 348 170 trattati!
361 129 556 171 affluentium
569 133 614 170 PER
629 131 810 171 ΡΟΕΜῘΙΝῘΙΜ.
845 133 891 182 558

80 210 121 257 ot
136 205 264 260 seeundum
275 208 319 259 inne
330 219 400 272 opera
411 207 436 258 in
449 207 559 260 chemate
575 207 635 260 taeta
643 206 774 260 mutiunt
787 208 894 261 innume

81 293 142 344 per
149 291 251 344 aequem
262 283 380 343 petentum
389 278 494 332 mudule.

132 353 168 403 td
189 351 287 415 primum
303 362 358 413 ergo
373 348 509 410 dicendum,
518 347 580 412 quid
592 349 652 401 sieut
667 362 736 414 opera
749 355 892 414 peenamrum

84 425 222 474 transeunt
238 425 291 471 auin
309 425 333 470 et
351 423 444 472 manent
455 423 531 481 matu,
546 419 655 484 itunpera
667 421 810 475 tucinamtete
822 422 891 481 ineu,

82 499 222 558 postquam
234 494 352 542 uanmuut
363 493 430 554 antu,
443 494 537 541 manent
549 490 629 542 merito
638 491 664 542 in
673 492 714 544 liei
727 495 890 557 aeueptairnne3

85 567 122 614 et
139 560 268 616 mnundim
284 562 328 612 trun
340 559 510 622 mortificamur,
522 560 548 611 iu
562 564 675 625 quartum
689 562 811 634 impeditur
823 565 892 616 inme

85 647 128 686 ne
146 636 298 696 consequatur
318 643 382 684 suam
400 631 540 684 mercedem.

128 707 163 758 dd
173 704 297 757 secuudum
307 703 426 756 dicendum
434 741 441 766 ,
450 702 513 767 qudd
524 701 574 754 eine
587 703 701 769 iniustitia
713 709 790 768 petest
805 720 891 759 meroee

85 775 202 827 subtrahi
218 773 329 836 memnii,
345 773 438 836 quentin¹
447 773 498 838 ipse
509 773 608 826 reddidit
619 787 644 826 se
656 775 771 838 iudignum
787 778 890 830 mernede

85 860 139 911 per
150 846 242 910 eutpenr
256 847 402 906 sequentem
417 855 471 893 uam
488 848 513 894 et
529 856 557 895 ee
573 856 626 907 que
638 846 707 897 heran
725 847 775 910 janu
786 849 888 913 aceepit,

86 917 233 984 quandoque
242 914 305 980 juste
316 917 407 978 propter
417 916 507 978 eulpam
519 915 604 979 perdit.

126 988 163 1038 ttd
175 986 267 1038 testim
280 984 415 1050 dicendum,
429 984 490 1048 qudd
508 997 555 1036 uon
572 989 608 1036 eet
620 989 712 1049 prepter
732 987 888 1040 teutuuirem

87 1071 191 1124 operum
205 1055 305 1121 peceat,
324 1053 383 1118 qudd
399 1053 562 1106 mortificantur
573 1068 643 1119 epera
660 1055 762 1119 pridem
778 1059 888 1111 charitate

14 1173 15 1176 ,
88 1132 173 1192 faeta3
184 1128 225 1180 sed
238 1130 273 1178 eet
282 1129 373 1190 propter
384 1124 510 1178 libertatem
520 1126 713 1192 minutatimque
720 1129 888 1192 potestatione

89 1201 119 1250 in
136 1198 222 1249 malurn
241 1196 338 1248 deflenti.

360 1365 363 1370 ,
394 1310 595 1362 narruuuusv.
704 1371 709 1380 ,

128 1439 215 1482 Utrum
223 1447 294 1491 opere
301 1433 446 1492 mortificata
452 1445 497 1506 peu·
505 1439 638 1540 utentum,
645 1447 692 1492 per
696 1437 861 1492 penitentium

413 1507 544 1541 ravennense
555 1528 562 1541 .

125 1624 162 1676 Ad
180 1622 285 1688 quintum
297 1623 330 1674 eie
344 1620 479 1688 procuditur.
494 1620 657 1685 Videturqndd
670 1633 740 1685 npera
754 1622 887 1676 mnrtidnata

92 1710 136 1762 per
151 1697 286 1761 petentum,
297 1705 338 1758 per
358 1690 517 1757 paenitentiam
529 1705 577 1743 nnn
590 1691 736 1743 reuuieearrt.
749 1693 886 1746 sicutenim

91 1781 136 1832 per
148 1763 305 1832 peonitentiam
314 1763 491 1826 subsequentem
498 1762 643 1813 remittuntur
655 1766 750 1826 pennata
760 1764 885 1828 preterita,

91 1839 126 1889 ita
143 1835 212 1888 etiam
228 1846 268 1899 per
278 1838 395 1898 pennatum
415 1837 515 1896 sequens
526 1832 688 1884 mertiiinmtur
698 1845 769 1896 opera
781 1833 845 1898 priirs
859 1836 885 1886 in

91 1905 205 1958 enaritate
221 1903 290 1954 taeta
302 1902 347 1954 Sed
358 1907 450 1967 pennata
463 1903 556 1954 dimissa
565 1917 606 1966 per
614 1903 772 1967 peonitentiam
784 1917 831 1956 uun
848 1918 886 1957 re·

92 1979 182 2037 dsunt,
195 1977 222 2024 ut
238 1971 402 2038 supradictum
420 1977 456 2024 est
469 1972 528 2038 (qn.
549 1976 594 2036 tu,
607 1977 650 2024 art.
666 1973 709 2035 1).
726 1974 784 2036 urge
796 1974 886 2026 uidetur

92 2045 154 2112 quiid
168 2043 237 2095 etiam
249 2054 320 2106 opera
332 2042 464 2094 mortificata
475 2055 516 2107 per
530 2043 661 2095 munaum
672 2055 720 2093 nnn
738 2043 883 2096 reviviscant.
900 2067 904 2074 ·

125 2121 149 2164 a.
165 2114 291 2174 Proteus,
305 2124 374 2176 opera
392 2112 496 2164 dicuntur
509 2113 652 2176 mendicari,
667 2113 697 2164 ed
712 2114 885 2166 similitudinem

93 2183 242 2245 animalium,
264 2195 315 2246 qun
337 2183 474 2246 moriuntur,
495 2188 522 2233 ut
536 2182 619 2234 ᾱίαυω
637 2186 673 2234 eet
695 2184 757 2248 (art.
779 2184 822 2244 t).
837 2185 883 2237 Sed

93 2255 179 2307 animat
193 2256 305 2304 mortuum
316 2266 362 2305 nun
375 2256 450 2318 potest
461 2253 543 2306 iterum
554 2253 673 2304 rirideari.
686 2255 745 2318 Ergo
757 2267 801 2306 nee
812 2267 883 2318 opera

93 2325 229 2378 mertiiinnta
239 2327 335 2388 pessunt
345 2324 426 2375 iterum
438 2337 479 2388 per
491 2325 648 2389 penitentiam
659 2325 803 2377 reviviscere.

125 2401 149 2446 a.
165 2397 290 2457 Preterea,
302 2406 370 2459 opera
381 2394 407 2444 in
415 2395 524 2445 charitate
540 2396 602 2446 iaetu
613 2399 727 2447 merentur
738 2396 833 2460 pieriam
846 2410 884 2449 ee·

92 2465 192 2518 eundum
204 2465 350 2528 quantitatem
363 2465 440 2528 gratia
453 2466 490 2516 vel
505 2465 628 2517 adamatis.
642 2465 687 2516 Sed
695 2467 830 2531 quandoque
843 2479 884 2529 per

94 2535 250 2600 peonitentiam
266 2535 334 2585 hemo
353 2535 449 2599 resurgit
473 2536 498 2585 in
521 2535 602 2586 minori
617 2536 688 2599 gratia
710 2537 748 2586 uel
765 2537 883 2587 ciuitate.

92 2607 153 2672 Ergo
175 2618 222 2658 nnn
242 2605 386 2668 eunsequitur
403 2606 497 2669 gloriam
517 2605 640 2656 merendum
659 2606 763 2656 meritum
783 2605 883 2668 priorum

96 2691 205 2742 aperum3
218 2675 286 2727 etita
302 2677 392 2728 uidetur
402 2677 463 2740 qudd
475 2689 544 2740 opera
557 2689 598 2740 per
611 2684 729 2740 peceatum
749 2674 883 2726 mortitieata

94 2762 139 2800 non
150 2747 297 2798 reviviscant.

125 2817 174 2868 Sed
187 2821 264 2868 contra
274 2821 318 2882 est,
332 2817 392 2882 quod
405 2832 473 2884 super
483 2817 624 2874 iliud‘luet..
634 2819 673 2869 tt:
688 2815 810 2867 «neudum
819 2815 883 2868 vebis
949 2814 950 2845 ³
