1942 3284
144 209 175 244 nn
192 207 389 256 consummemus,
406 206 462 250 Qun
477 205 612 244 rememsis
628 206 773 242 utrumnum.
811 195 857 241 ιιι

90 289 115 332 2.
130 284 251 343 preterea,
265 283 291 332 in
303 281 477 332 circumcisione
493 284 563 333 bomo
576 281 724 345 pmtitebutur
734 281 858 333 observen-

57 356 113 406 tium
131 355 218 406 veteris
231 355 304 418 legis,
318 354 415 405 sicutin
433 353 674 418 bsptismopruiitetuv
693 354 858 405 ιιιιιιιιιιιιι

58 440 124 478 novae
140 426 212 491 lemn
227 428 286 478 uude
299 427 419 490 Apostolus
432 426 502 490 dicit,
511 427 608 482 Getet„
624 429 704 490 v(tt:
718 426 860 478 «testificor

58 499 119 549 omni
129 499 220 549 bomini
235 499 408 549 circumcidenti
427 511 462 557 se,
474 498 582 562 quonium
599 499 688 550 debitor
699 503 735 549 est
745 498 860 548 universe

59 569 114 632 tegis
128 570 249 620 iaciendo.
264 587 279 617 ι
293 570 338 620 Sed
354 569 434 634 ugnus
444 570 588 620 observantie
597 583 644 620 uon
658 573 694 620 est
705 571 790 621 trudito
798 572 859 619 term

60 655 112 704 pore
126 643 235 704 ibreium,
250 642 291 691 sed
308 641 379 705 magis
391 646 493 705 tempore
506 642 587 706 iiovsi.
604 643 662 704 Ergo
672 642 859 692 inconvenienter

62 715 162 764 institute
176 719 213 765 est
225 713 366 764 circumcisio
379 717 482 776 tempore
496 715 603 764 ibrube.

94 790 114 834 ι.
129 786 244 836 ureteras
254 786 407 846 ,circumcisio
417 786 462 836 tuit
476 787 594 850 figurative
606 790 631 836 et
643 785 793 850 properatim
802 783 860 848 ιιι

63 856 128 905 tismi.
147 857 195 907 Sed
213 857 340 920 baptismus
353 857 472 907 exhibetur
486 857 593 906 omnibus
609 857 717 920 popufis,
733 854 857 906 secuudum

58 927 114 978 ιἰιιι
123 929 228 984 metet„
239 930 280 978 ult.
293 943 299 979 r
317 929 425 978 «Euntes
434 929 514 979 occetc
526 941 606 978 omues
614 931 703 991 gentes,
714 927 860 991 baptizantes

58 1013 130 1052 eos.»
146 1002 208 1064 Ergo
221 999 364 1050 circumcisio
374 1013 419 1052 uon
431 1000 510 1050 debuit
520 999 612 1050 institui
624 999 797 1049 ntobserveutie
805 1001 861 1047 ten-

59 1071 107 1121 tum
124 1073 153 1122 ub
165 1085 213 1122 uno
229 1071 314 1136 populo
328 1071 464 1134 iudeorum,
479 1071 520 1121 sevi
532 1071 675 1122 ebomuibus
682 1071 784 1134 popuiis.

90 1147 114 1192 t.
128 1145 258 1204 Preterem
273 1143 370 1192 cornutis
388 1141 532 1192 circumcisio
550 1143 619 1192 debet
637 1142 777 1225 respondere
792 1139 859 1206 spiri-

58 1215 129 1271 tuaii,
152 1216 213 1265 ιιιιι
229 1214 301 1277 figure
318 1214 423 1276 figurato,
436 1214 481 1264 Sed
502 1214 625 1278 spirituutis
637 1213 779 1264 circumcisio
788 1225 860 1276 ,que

59 1285 83 1334 iit
103 1300 146 1351 per
162 1285 294 1346 Christum,
309 1284 464 1335 indifferenter
483 1285 591 1334 convenit
605 1286 695 1347 utrique
712 1284 791 1345 senui,
805 1283 860 1345 quin

61 1358 107 1407 vin
121 1357 214 1408 cbristo
226 1358 281 1407 lesu
292 1369 339 1407 nen
352 1359 388 1406 est
396 1357 510 1408 musculus
522 1369 597 1420 neque
610 1356 705 1418 femine,
715 1371 730 1402 u
742 1360 770 1404 ut
778 1354 861 1405 dicitur

61 1429 159 1484 Galat„
181 1429 223 1478 ιιι.
237 1430 297 1492 Ergo
315 1428 506 1480 inconvenienter
524 1433 562 1479 est
577 1428 721 1479 circumcisio
741 1426 859 1485 institute,

61 1515 110 1564 qum
124 1501 236 1565 competit
249 1499 306 1552 solis
319 1499 427 1552 maribus.

90 1573 137 1623 Sed
148 1577 227 1622 contre
239 1576 288 1636 est,
304 1572 365 1636 pubi
382 1573 441 1622 sicut
454 1573 538 1636 legitur
554 1574 652 1631 Gener„
664 1571 741 1633 ivn,
760 1571 858 1621 orcum·

61 1645 116 1696 cisio
135 1648 171 1695 est
187 1644 291 1694 instituta
305 1644 318 1693 ι
335 1643 396 1706 beo,
410 1644 476 1708 cujus
488 1643 590 1708 perfecte
601 1647 655 1694 suut
667 1654 745 1706 opere.

93 1714 353 1776 (concussio-Cim
364 1715 474 1765 Abraham
484 1715 572 1778 primus
586 1714 671 1764 Christi
683 1713 793 1764 nescituri
809 1725 863 1776 prov

63 1787 193 1838 missionem
209 1785 351 1851 susceperit,
372 1789 396 1838 et
408 1787 498 1849 primus
515 1799 541 1836 se
561 1787 589 1836 ub
608 1785 733 1835 iutidelinm
750 1784 861 1835 societute

62 1857 227 1922 segregasti,
241 1858 287 1907 tuit
299 1858 323 1907 in
338 1859 388 1922 ipsc
401 1857 564 1909 convenienter
576 1856 718 1906 circumcisio
730 1855 858 1916 institute.)

93 1932 228 1994 Respondeo
241 1929 375 1993 dicendum,
388 1929 450 1994 qnid
467 1929 529 1980 sicut
539 1930 624 1979 timum
643 1931 681 1980 est
693 1930 751 1993 (ιιι.
761 1927 802 1991 ι),
816 1927 859 1976 cir-

63 2001 171 2052 cumcisio
190 2005 239 2052 eret
256 2003 405 2065 properatius
423 2001 451 2050 ιι
467 2001 622 2064 bsptismum,
639 2000 665 2049 in
680 2004 791 2064 querutum
813 2001 863 2048 erut

63 2073 164 2135 questam
179 2073 292 2137 professio
307 2072 360 2124 tioei
375 2072 471 2132 christi,
482 2084 551 2136 prem
563 2073 634 2122 etium
649 2083 692 2122 nos
709 2071 734 2120 in
749 2070 863 2135 baptismo

64 2146 202 2206 profitentur.
216 2147 278 2196 luter
288 2145 392 2208 uniones
403 2150 478 2195 sutem
491 2148 568 2208 putres
580 2145 670 2207 primus
687 2143 800 2193 ιιιιιιιιιι
809 2153 863 2204 pro

66 2215 193 2268 missionem
212 2217 301 2280 sucepit
315 2215 343 2266 de
359 2215 594 2277 opstupescente,
610 2215 665 2266 cium
677 2214 762 2265 dictum
780 2211 862 2271 esici,

67 2288 160 2349 Grues,
171 2289 234 2338 xxti
254 2289 326 2338 :clu
341 2287 427 2338 semine
444 2290 486 2337 tuo
502 2287 666 2336 benedicentur
685 2297 766 2336 omues
783 2287 863 2347 gentes

67 2363 136 2411 terrm.
148 2377 162 2406 ι
174 2361 227 2424 lpse
237 2359 306 2410 etium
316 2358 404 2422 primns
414 2371 439 2408 se
448 2358 462 2408 ι
472 2354 581 2410 ιιιιιιιιι
588 2357 713 2408 intideiium
725 2354 863 2419 segregavit,

97 2498 131 2561 (i)
149 2501 188 2546 Ab
199 2499 372 2544 inconvenienti
387 2505 550 2556 argumentans
564 2497 673 2543 sinemus
688 2507 731 2542 cos
748 2497 789 2554 qui
803 2509 864 2553 pro·

69 2564 164 2616 posteris
176 2563 308 2619 utiquorum
322 2567 346 2608 et
355 2561 476 2606 istiecibus
490 2561 594 2606 consitiis
607 2560 727 2616 peusuesi,
738 2559 866 2628 edbuccir·

70 2626 164 2670 eumcidi
176 2626 301 2678 volebant,
321 2624 388 2680 quasi
403 2625 535 2670 necessarie
547 2629 609 2668 esset
622 2622 651 2667 ud
660 2623 758 2666 sulutem
769 2618 866 2666 circunv-

70 2687 130 2732 cisio.
146 2690 316 2761 Argumentum
327 2699 366 2743 erg
368 2699 380 2730 o
395 2693 431 2731 est
444 2699 491 2742 quo
500 2685 549 2731 vult
561 2685 626 2730 cosi
639 2683 812 2729 circumcisione
826 2683 866 2726 de·

71 2753 150 2796 terrem
161 2751 235 2808 ‚qnia
250 2751 270 2796 si
286 2749 404 2794 observari
419 2749 494 2793 edituo
509 2748 653 2794 circumcisio
667 2747 749 2803 debet
762 2745 868 2788 similiter

71 2813 153 2857 servari
164 2813 236 2858 debet
249 2814 286 2857 ier
301 2811 391 2867 Mopsi
403 2811 511 2867 adquam
525 2809 668 2854 circumcisio
680 2821 708 2852 cx
723 2807 865 2852 institutione

72 2876 266 2982 ἱιὲιίιιιιιιιιιιη
283 2880 306 2918 et
327 2873 359 2918 sic
381 2885 523 2931 superueoue
545 2873 581 2917 vei
603 2872 731 2916 trustrcuer
751 2875 787 2914 est
804 2879 866 2913 mors

101 2949 111 2979 ι
120 2939 147 2982 sti
