1942 3284
262 195 294 232 nn
308 193 365 233 erro
381 191 456 232 nutus
473 193 631 233 sternetur.
800 186 846 234 tta

41 275 94 324 Non
110 283 165 338 ergo
182 271 272 322 ridetur
283 271 420 322 conveniens
431 270 512 331 luisse,
526 272 587 334 qnod
607 273 657 322 trec
668 272 728 322 circa
743 273 846 324 celebra-

41 345 131 396 tionem
150 345 220 408 hans
231 343 365 394 sacramenti
378 345 539 393 statuerentur.

72 416 120 465 Sed
135 420 213 465 contra
228 419 278 477 est,
294 414 352 478 qnod
364 425 391 464 ea
407 427 458 476 que
473 427 514 478 per
527 413 652 463 Ecclesiam
663 416 804 476 statimntur,
818 416 846 466 alr

40 489 93 552 ipso
116 486 209 538 Christo
229 486 378 545 ordinantur,
394 485 432 547 qui
446 485 502 535 dicit
518 485 621 545 Metto„
638 487 750 537 llllVlll:
767 505 781 535 ι(
793 488 847 538 Ulti-

40 571 142 622 cumque
159 557 245 608 tuerint
261 558 305 606 dno
319 557 357 607 rel
370 561 416 607 tras
437 556 567 621 congregari
584 556 715 607 innomine
730 571 800 621 mco,
814 560 846 609 iti

41 642 90 678 sum
116 628 142 677 in
160 627 235 677 medio
251 639 338 676 eonrrn.
355 643 369 673 o

73 699 312 763 (concinno-td
321 698 430 762 majorem
440 697 578 748 sacramenti
587 698 739 749 reuerentiam
748 702 846 765 ejusque

40 770 148 821 ellectum
162 770 202 832 qui
219 783 248 819 ex
266 770 372 833 passione
387 769 474 820 Christi
494 770 613 833 prouenit,
627 775 844 835 representantem,

41 841 240 904 consecrationes,
249 855 299 906 que
308 841 331 891 irr
341 841 477 891 sacramenti
488 842 557 906 hujus
568 855 633 892 usum
646 844 754 905 veniunt,
764 844 846 896 merito

41 912 211 976 adhibentur.)

70 985 210 1050 Respondeo
225 983 354 1046 dicendum,
370 984 429 1048 qndd
444 985 469 1035 in
482 986 521 1035 tris
535 999 585 1049 qrrac
598 986 748 1036 circumstant
757 988 800 1036 hoc
810 999 847 1037 sa-

42 1060 201 1120 cromentum,
214 1058 259 1106 duo
282 1056 454 1106 considerantur
471 1073 476 1107 :
492 1070 588 1120 qnorum
610 1069 682 1106 unum
702 1058 802 1121 pertinet
817 1060 846 1109 ad

41 1129 267 1195 representationem
279 1141 356 1178 eorum
367 1143 418 1191 pue
436 1129 497 1178 circa
505 1129 643 1179 llominieam
654 1130 784 1193 passionem
793 1135 846 1181 sunt

43 1208 106 1266 acta;
119 1201 277 1251 alludentem
294 1200 393 1264 pertinet
403 1201 430 1249 ad
448 1200 597 1251 reverentiam
615 1202 683 1265 hujus
699 1200 845 1262 sacramenti,

44 1274 67 1323 in
80 1287 128 1337 qno
139 1272 246 1323 Christus
258 1272 382 1321 secundum
396 1272 515 1322 veritatem
530 1274 668 1332 continetur,
678 1275 702 1322 ct
713 1286 760 1322 non
773 1274 846 1322 solum

43 1348 65 1396 io
80 1347 163 1410 figuras
184 1345 249 1394 Unde
263 1348 287 1394 et
303 1344 488 1396 consecrationes
505 1346 640 1395 adtrilterrtur
652 1346 690 1395 his
711 1347 846 1409 rebusque

44 1420 143 1468 ueniunt
154 1417 178 1465 in
187 1429 252 1466 usum
265 1416 333 1479 hujus
344 1417 489 1479 sacramenti,
499 1417 547 1466 tum
557 1421 648 1481 pmpter
660 1417 797 1467 sacramenti
810 1432 848 1469 re·

43 1490 189 1550 versutiam,
201 1492 250 1536 tum
266 1488 294 1536 ad
309 1489 517 1550 representandnm
530 1489 636 1538 ellectum
650 1490 796 1551 sacramenti,
807 1490 847 1552 qui

44 1573 71 1610 cx
89 1561 199 1624 passione
219 1558 303 1608 Christi
324 1558 445 1621 provenit,
459 1560 584 1608 secundnm
606 1559 662 1608 illnd
686 1558 760 1608 llebr.
781 1561 845 1610 ult:

46 1648 58 1678 u
70 1633 137 1683 lesus
158 1635 184 1680 ut
198 1630 350 1679 sanctificaret
364 1643 403 1693 per
414 1644 479 1679 snum
495 1630 628 1692 sanguinem
643 1631 762 1693 populum,
772 1634 818 1681 etc.
831 1648 845 1678 p

74 1705 108 1754 lld
127 1703 227 1768 primum
239 1713 292 1764 ergo
302 1701 431 1762 dicendum,
445 1701 505 1765 qndd
520 1702 653 1764 regulariter
665 1703 708 1750 ltoc
718 1715 847 1752 sacramen·

46 1777 90 1824 tum
105 1773 217 1825 celebrari
232 1773 298 1823 debet
311 1773 335 1821 in
349 1773 431 1835 domo,
447 1786 569 1837 perquam
587 1773 727 1836 significatur
738 1773 845 1835 Ecclesia,

45 1847 170 1896 secundum
182 1845 237 1894 illud
253 1847 272 1894 l.
289 1845 365 1903 Tim„
381 1845 411 1894 lll
426 1860 432 1893 :
447 1862 461 1892 (ι
475 1846 504 1895 Ut
518 1845 575 1895 scias
588 1845 701 1908 quomodo
710 1847 814 1907 oporteat
825 1849 848 1895 te

46 1917 68 1966 in
81 1919 150 1968 domo
165 1918 206 1966 ltei
223 1916 367 1978 conversari,
383 1929 434 1979 quae
448 1920 484 1966 est
498 1916 601 1966 Ecclesia
615 1915 656 1966 Dei
674 1915 738 1978 riri3
756 1919 846 1966 »extra

45 1987 171 2040 Ecclesiam
187 1989 248 2038 enim
270 2001 315 2038 non
333 1992 369 2038 est
388 1988 451 2038 locus
464 1989 515 2038 reri
529 1988 649 2049 sacrificii,
661 1991 687 2037 nt
709 1987 847 2050 Augustinus

46 2060 98 2110 dicit
112 2060 172 2124 (ulti
186 2059 263 2123 suprt,
278 2074 317 2123 qn.
336 2063 381 2122 82,
399 2063 443 2110 art.
459 2060 504 2124 7).
518 2061 547 2109 Et
561 2059 615 2124 quia
628 2058 729 2110 Ecclesia
743 2071 789 2109 non
799 2064 847 2110 erat

47 2131 202 2182 concludenda
213 2131 255 2180 sub
268 2130 351 2182 finibus
369 2131 444 2194 gentis
456 2132 572 2195 jndaicm,
585 2132 625 2182 sad
640 2135 689 2182 erat
701 2131 725 2180 in
740 2130 847 2183 universo

47 2205 128 2254 mundo
141 2203 270 2266 luudanda,
285 2204 336 2254 ideo
349 2203 426 2267 passio
440 2203 524 2254 Christi
544 2216 591 2254 non
608 2207 644 2254 est
662 2203 773 2253 celebrata
788 2204 847 2253 intra

47 2274 161 2326 civitatem
173 2274 313 2336 iudeorum,
323 2274 364 2324 sed
380 2275 422 2324 sut
437 2274 474 2325 dio
481 2277 493 2338 ,¹
500 2279 527 2324 ut
540 2275 574 2324 sic
586 2278 648 2325 totns
660 2275 759 2326 mundus
771 2288 797 2324 se
806 2276 847 2324 lra-

47 2344 109 2396 beret
122 2346 152 2396 ad
168 2345 296 2409 passionem
312 2345 399 2396 Christi
418 2350 444 2394 nt
458 2346 549 2396 domus.
564 2347 594 2395 Et
612 2348 706 2407 tamen,
720 2350 746 2395 ut
766 2345 849 2395 dicitnr

48 2417 82 2465 lte
106 2418 218 2477 consec„
235 2416 288 2467 dist.
304 2418 331 2480 l,
348 2429 398 2480 cap.
416 2417 583 2468 concedimur
597 2417 757 2482 (exconcilio
767 2418 848 2467 Triltn·

48 2488 117 2538 riensi
128 2490 164 2538 vel
179 2489 322 2552 lloguntinu,
335 2501 386 2552 cap.
402 2494 426 2549 9,
443 2489 495 2538 «in
512 2489 593 2539 itinere
607 2488 696 2553 positis,
711 2489 730 2539 si
745 2489 847 2539 Ecclesia

49 2560 153 2625 deluerit,
170 2562 212 2610 sub
226 2561 264 2610 dio
278 2573 318 2610 seu
330 2561 355 2609 in
371 2560 478 2624 tentorio,
494 2561 514 2610 si
528 2561 605 2611 tabula
619 2561 695 2610 altaris
706 2564 846 2620 consecrata,

49 2635 174 2697 ceteraque
185 2645 247 2682 sacra
258 2632 366 2696 mysteria
382 2632 448 2683 adid
462 2633 563 2683 officium
579 2632 718 2697 pertinentia
729 2633 761 2682 itti
777 2632 850 2680 adtre-

50 2701 102 2765 rint,
117 2705 236 2754 missarum
250 2703 359 2754 solemnia
373 2704 481 2756 celebrari
500 2703 652 2755 concedimus.
666 2721 680 2752 o

80 2777 249 2828 sesecundum
263 2777 392 2839 dicendum,
403 2777 462 2840 qudd
476 2779 556 2828 domus
566 2777 591 2826 in
602 2790 647 2841 qua
657 2778 700 2828 troc
715 2788 849 2827 sacramen-

50 2847 97 2896 tum
117 2847 243 2899 celebratur
262 2846 387 2900 Ecclesiam
409 2848 524 2913 significat
546 2852 569 2899 et
589 2849 692 2901 Ecclesia
709 2847 847 2897 nominetur.

51 2914 217 2970 Convenienter
237 2923 315 2970 tamen
336 2924 497 2983 consecratur,
519 2919 569 2970 tum
589 2921 617 2970 ad
640 2917 848 2983 representantem
