1942 3284
135 139 182 193 268
304 152 630 204 praemoneamur,
648 154 705 191 aar.
724 154 770 193 vu.

132 227 244 281 admixtio
265 243 330 292 aqna
350 230 379 279 ad
399 228 496 279 farinam
515 232 551 279 est
573 230 601 280 de
615 229 752 280 necessitate
768 228 839 294 hujus
861 242 930 283 saera

133 303 214 353 menti.
233 302 302 364 Ergo,
316 300 367 363 pari
378 300 473 364 ratione,
490 301 599 351 admixtio
612 314 676 365 aquae
687 302 716 351 ad
727 302 817 351 vinum.

165 377 189 423 2.
202 374 330 434 Preterea,
340 372 365 421 in
381 372 488 436 passione
510 372 613 435 Domini,
625 374 690 437 eujus
707 374 752 423 hoe
769 378 931 425 sacramentum

133 446 170 495 est
186 443 332 505 memoriale,
349 443 408 493 sicut
426 444 454 494 de
474 444 544 493 latere
566 444 617 507 ejus
639 444 713 495 exivit
731 444 839 509 sanguis,
858 446 893 495 ita
912 447 931 495 et

133 526 200 577 aqua.
214 514 258 563 Sed
271 514 363 578 vinum,
380 514 441 577 quod
460 518 496 564 est
510 517 678 565 sacramentum
695 516 833 579 sanguinis,
849 520 888 567 est
908 515 932 565 de

132 586 269 636 necessitate
282 585 352 649 hujus
366 585 511 637 sacramenti.
524 586 596 650 Ergo,
609 588 660 651 pari
673 588 770 651 ratione,
785 593 809 637 ct
822 602 891 653 equa.

165 660 189 707 t.
204 659 328 719 Praeterea,
343 656 364 707 si
386 669 446 720 aqna
463 669 509 707 nou
528 661 588 708 esset
606 660 633 707 de
652 658 792 709 necessitate
812 661 885 725 hujus
903 672 933 709 sa·

133 730 255 789 crementi,
280 742 325 779 non
347 728 441 779 referret
466 742 614 793 quacumque
638 742 697 794 aqua
719 731 775 780 huie
796 734 932 782 sacramento

132 805 297 865 apponeretur3
311 806 334 852 et
348 801 379 849 ita
403 805 482 864 posset
504 802 589 865 apponi
613 812 671 865 equa
693 812 804 865 rosacea,
818 804 855 853 vel
875 816 932 866 qua·

133 885 229 936 eumque
244 873 288 921 aiia
301 873 434 938 hujusmodi
451 884 521 935 aqua3
535 873 595 936 quod
607 872 735 923 nonhabet
749 887 805 923 usus
819 874 931 924 Ecclesia.

133 942 198 1007 iqua
210 956 265 1007 ergo
278 948 314 994 est
335 945 364 994 de
381 943 519 995 necessitate
533 944 601 1007 hujus
618 944 764 993 sacramenti.

130 1033 134 1037 ·
165 1016 211 1065 Sed
224 1018 303 1065 eontra
318 1019 367 1078 est,
382 1015 443 1078 quod
464 1013 591 1078 Cyprianus
607 1014 662 1065 dicit
684 1014 733 1077 (ubi
750 1016 838 1079 snpra)
863 1032 870 1066 :
890 1015 932 1065 «Si

132 1084 216 1149 aliquis
230 1087 258 1136 de
272 1087 455 1137 antecessoribus
471 1086 564 1149 nostris,
579 1087 616 1136 vei
629 1086 774 1148 ignoranter,
794 1088 833 1137 rei
847 1084 932 1149 simpli·

132 1156 190 1207 citer
209 1170 255 1207 non
272 1160 316 1208 troc
336 1158 435 1208 serravit
449 1158 489 1221 (nt
503 1156 589 1207 scilicet
610 1170 693 1220 aquam
714 1157 773 1209 uino
795 1156 931 1209 misceretiu

133 1233 276 1278 sacramento
285 1230 303 1292 ),
320 1232 398 1293 potest
419 1228 562 1292 simplicitati
579 1228 630 1292 ejus
643 1227 710 1279 venia
724 1229 830 1279 concedi.
845 1246 860 1277 u
875 1227 931 1287 Quod

132 1310 181 1349 non
201 1303 273 1363 esset,
290 1300 310 1349 si
330 1312 388 1363 aqua
411 1303 473 1350 esset
492 1300 520 1350 de
544 1300 682 1350 necessitate
705 1300 863 1361 sacramenti,
881 1300 931 1349 sient

133 1374 170 1421 est
182 1370 261 1419 uinum
275 1370 313 1421 vei
330 1372 405 1435 panis.
417 1375 468 1422 Non
481 1383 535 1433 ergo
551 1384 615 1435 aqua
627 1370 736 1422 admixtio
746 1376 783 1421 est
795 1372 825 1423 de
838 1369 930 1423 nemesi·

132 1443 181 1492 tate
195 1442 341 1493 sacramenti.

168 1513 322 1575 (cormesio.
333 1541 365 1551 -
380 1512 437 1563 Cium
451 1513 596 1579 participatio
609 1514 750 1566 eucharistie
766 1528 779 1565 a
793 1514 896 1566 fidelibus
906 1512 930 1562 ad

132 1585 268 1635 sacramenti
289 1586 359 1650 hujus
377 1584 499 1636 essentiam
517 1598 564 1635 non
583 1585 711 1649 pertineat,
729 1599 795 1649 aquae
815 1600 868 1637 eum
882 1586 928 1635 uiuo

132 1655 320 1721 permixtionem,
337 1671 387 1721 qua
402 1658 429 1707 ad
448 1668 499 1707 eam
515 1657 689 1720 significandam
703 1658 811 1721 retertur,
827 1670 874 1710 non
886 1666 928 1707 esse

132 1726 163 1776 de
174 1728 311 1778 necessitate
323 1727 463 1778 sacramenti
478 1728 653 1792 consequitur.)

163 1800 302 1862 Respondeo
320 1799 456 1860 dicendum,
469 1798 530 1863 quod
544 1798 655 1862 judicium
677 1796 785 1863 designo
798 1798 926 1851 sumendum

133 1871 171 1918 est
183 1882 212 1919 ex
226 1882 254 1920 eo
272 1870 334 1932 quod
345 1870 497 1932 significatur.
512 1868 631 1933 Appositio
643 1872 720 1919 autem
731 1883 796 1934 aqna
810 1872 840 1921 ad
856 1868 926 1919 vinun

131 1937 230 1988 retertur
247 1940 275 1988 ad
290 1939 463 2002 significandam
477 1938 677 2003 participationem
691 1940 761 2003 hujus
777 1935 926 1990 sacramenti

132 2006 251 2073 fidelihus,
271 2010 380 2073 quantiam
403 2012 489 2062 adhoc
509 2009 570 2073 qnid
591 2024 633 2075 per
651 2024 733 2077 aquarn
753 2011 850 2063 mistam
868 2010 925 2068 rino,

130 2079 274 2143 signiimnr
283 2084 382 2146 populus
394 2084 507 2133 adunatus
522 2082 623 2144 christo,
638 2087 664 2133 ιιι
677 2084 764 2133 dictum
781 2086 817 2135 est
833 2083 883 2147 (art.
894 2079 923 2141 t).

133 2150 180 2201 Sed
196 2153 277 2202 etheo
294 2152 370 2217 ipsum
384 2154 446 2218 qudd
459 2155 487 2206 de
501 2154 571 2205 latere
591 2154 675 2205 Christi
689 2154 811 2220 pendentis
824 2154 850 2205 in
868 2161 923 2202 cruce

133 2222 326 2287 aqnaprotiurit,
341 2226 369 2275 ad
384 2226 443 2277 idem
455 2226 566 2289 refertur3
576 2223 630 2289 quia
644 2238 685 2289 per
699 2238 782 2289 aquam
797 2224 923 2289 significatu

132 2294 218 2345 ablutio
227 2299 385 2362 peccatorum,
399 2312 451 2363 quae
460 2298 530 2349 tiebat
539 2311 582 2361 per
594 2298 725 2362 passionem
737 2297 830 2348 Christi.
844 2296 922 2345 iiictun

132 2368 168 2416 est
181 2370 258 2417 ιιιιιιιι
272 2370 340 2433 supra
354 2372 401 2434 (qu.
413 2374 453 2432 te,
463 2372 506 2419 art.
517 2373 541 2431 t,
553 2370 581 2419 ad
596 2369 631 2433 a),
643 2369 703 2433 qnod
713 2370 758 2421 hoo
769 2368 922 2419 sacramentum

130 2438 245 2504 perficitur
261 2440 286 2490 in
300 2443 469 2494 consecratione
480 2442 591 2493 materie.
607 2443 667 2493 Usus
682 2446 760 2493 antem
774 2440 921 2492 tideiiunrnon

131 2512 169 2561 est
181 2511 210 2561 de
222 2513 359 2564 necessitate
374 2512 525 2576 sacramenti,
540 2512 581 2563 sed
598 2516 633 2563 est
646 2512 731 2576 utquid
751 2520 886 2575 consequens
896 2503 920 2555 ad

130 2586 305 2633 sacramentnm.
320 2584 350 2633 lit
366 2586 418 2635 ideo
436 2596 581 2648 consequens
600 2587 636 2635 est
644 2620 653 2648 ,
669 2584 730 2649 qutd
743 2583 853 2649 appositio
864 2586 918 2641 aqua

130 2664 177 2703 non
191 2650 221 2702 sit
232 2654 260 2703 de
273 2655 410 2708 necessitate
422 2655 568 2706 sacramenti.
911 2715 916 2727 .

162 2724 199 2775 Ad
217 2724 315 2788 primum
328 2740 382 2791 erpo
400 2726 537 2792 dicendum,
553 2726 615 2791 quod
633 2726 730 2778 veritum
749 2726 806 2777 illud
823 2720 917 2790 cyprian

131 2798 169 2847 est
176 2795 347 2860 intelligendum
355 2798 481 2850 seeundum
491 2798 552 2863 qudd
566 2798 649 2849 dicitur
662 2798 718 2849 iilud
732 2811 782 2851 esse
794 2810 839 2849 non
851 2800 916 2860 posse,

130 2869 192 2932 quod
210 2867 372 2923 conuenienter
385 2884 438 2924 esse
451 2884 499 2925 non
511 2874 596 2937 potest.
615 2872 645 2923 iit
659 2870 693 2926 sio
708 2869 832 2925 similitudo
845 2868 879 2921 itia
888 2863 916 2915 at·
