<?xml version="1.0" encoding="UTF-8"?>
<!DOCTYPE html PUBLIC "-//W3C//DTD XHTML 1.0 Transitional//EN"
    "http://www.w3.org/TR/xhtml1/DTD/xhtml1-transitional.dtd">
<html xmlns="http://www.w3.org/1999/xhtml" xml:lang="en" lang="en">
 <head>
  <title>
</title>
<meta http-equiv="Content-Type" content="text/html;charset=utf-8" />
  <meta name='ocr-system' content='tesseract 3.04.00' />
  <meta name='ocr-capabilities' content='ocr_page ocr_carea ocr_par ocr_line ocrx_word'/>
</head>
<body>
  <div class='ocr_page' id='page_1' title='image "./summatheologica01nicogoog_0331.png"; bbox 0 0 1942 3284; ppageno 0'>
   <div class='ocr_carea' id='block_1_1' title="bbox 84 192 1486 239">
    <p class='ocr_par' dir='ltr' id='par_1_1' title="bbox 84 192 1486 239">
     <span class='ocr_line' id='line_1_1' title="bbox 84 192 1486 239; baseline 0.004 -7"><span class='ocrx_word' id='word_1_1' title='bbox 84 196 147 235; x_wconf 74' lang='lat' dir='ltr'>m:</span> <span class='ocrx_word' id='word_1_2' title='bbox 175 194 449 235; x_wconf 74' lang='lat' dir='ltr'>nssmm.</span> <span class='ocrx_word' id='word_1_3' title='bbox 484 197 535 236; x_wconf 64' lang='grc' dir='ltr'>ιι(</span> <span class='ocrx_word' id='word_1_4' title='bbox 565 197 661 236; x_wconf 74' lang='lat' dir='ltr'>noc</span> <span class='ocrx_word' id='word_1_5' title='bbox 692 196 899 237; x_wconf 73' lang='lat' dir='ltr'>sAanu.</span> <span class='ocrx_word' id='word_1_6' title='bbox 933 196 1296 239; x_wconf 73' lang='lat' dir='ltr'>Acctnssmws.</span> <span class='ocrx_word' id='word_1_7' title='bbox 1397 192 1486 238; x_wconf 75' lang='lat'>323</span> 
     </span>
    </p>
   </div>
   <div class='ocr_carea' id='block_1_2' title="bbox 0 274 1509 2490">
    <p class='ocr_par' dir='ltr' id='par_1_2' title="bbox 0 274 1504 1056">
     <span class='ocr_line' id='line_1_2' title="bbox 0 274 1504 342; baseline 0.003 -20"><span class='ocrx_word' id='word_1_8' title='bbox 0 274 231 337; x_wconf 85' lang='lat' dir='ltr'>espondeo</span> <span class='ocrx_word' id='word_1_9' title='bbox 270 274 518 325; x_wconf 88' lang='lat' dir='ltr'>dicendum</span> <span class='ocrx_word' id='word_1_10' title='bbox 541 312 553 335; x_wconf 94' lang='lat'>,</span> <span class='ocrx_word' id='word_1_11' title='bbox 594 274 715 339; x_wconf 75' lang='lat' dir='ltr'>quod</span> <span class='ocrx_word' id='word_1_12' title='bbox 765 276 871 339; x_wconf 87' lang='lat' dir='ltr'>quia</span> <span class='ocrx_word' id='word_1_13' title='bbox 918 278 1271 342; x_wconf 86' lang='lat' dir='ltr'>unumquodque</span> <span class='ocrx_word' id='word_1_14' title='bbox 1311 278 1405 339; x_wconf 89' lang='lat' dir='ltr'>agit</span> <span class='ocrx_word' id='word_1_15' title='bbox 1456 279 1504 328; x_wconf 91' lang='lat' dir='ltr'>in</span> 
     </span>
     <span class='ocr_line' id='line_1_3' title="bbox 0 348 1503 412; baseline 0.005 -20"><span class='ocrx_word' id='word_1_16' title='bbox 0 348 120 393; x_wconf 79' lang='lat' dir='ltr'>itum</span> <span class='ocrx_word' id='word_1_17' title='bbox 168 350 242 397; x_wconf 88' lang='lat' dir='ltr'>est</span> <span class='ocrx_word' id='word_1_18' title='bbox 274 360 355 397; x_wconf 83' lang='lat' dir='ltr'>ens</span> <span class='ocrx_word' id='word_1_19' title='bbox 397 350 529 407; x_wconf 87' lang='lat' dir='ltr'>actu,</span> <span class='ocrx_word' id='word_1_20' title='bbox 562 360 840 411; x_wconf 86' lang='lat' dir='ltr'>consequens</span> <span class='ocrx_word' id='word_1_21' title='bbox 875 352 947 398; x_wconf 89' lang='lat' dir='ltr'>est</span> <span class='ocrx_word' id='word_1_22' title='bbox 994 349 1114 412; x_wconf 90' lang='lat' dir='ltr'>quod</span> <span class='ocrx_word' id='word_1_23' title='bbox 1153 350 1503 412; x_wconf 87' lang='lat' dir='ltr'>unumquodque</span> 
     </span>
     <span class='ocr_line' id='line_1_4' title="bbox 0 418 1504 485; baseline 0.003 -22"><span class='ocrx_word' id='word_1_24' title='bbox 0 429 8 463; x_wconf 89' lang='lat'>·.</span> <span class='ocrx_word' id='word_1_25' title='bbox 43 431 97 467; x_wconf 91' lang='lat' dir='ltr'>se</span> <span class='ocrx_word' id='word_1_26' title='bbox 124 418 263 469; x_wconf 87' lang='lat' dir='ltr'>habet</span> <span class='ocrx_word' id='word_1_27' title='bbox 293 420 350 468; x_wconf 90' lang='lat' dir='ltr'>ad</span> <span class='ocrx_word' id='word_1_28' title='bbox 393 433 496 467; x_wconf 76' lang='lat' dir='ltr'>esse</span> <span class='ocrx_word' id='word_1_29' title='bbox 515 458 531 476; x_wconf 88' lang='lat'><em>,</em></span> <span class='ocrx_word' id='word_1_30' title='bbox 559 419 622 468; x_wconf 89' lang='lat' dir='ltr'>ita</span> <span class='ocrx_word' id='word_1_31' title='bbox 661 433 711 470; x_wconf 92' lang='lat' dir='ltr'>se</span> <span class='ocrx_word' id='word_1_32' title='bbox 738 420 903 470; x_wconf 87' lang='lat' dir='ltr'>babeat</span> <span class='ocrx_word' id='word_1_33' title='bbox 941 422 996 470; x_wconf 89' lang='lat' dir='ltr'>ad</span> <span class='ocrx_word' id='word_1_34' title='bbox 1027 435 1192 485; x_wconf 75' lang='lat' dir='ltr'>aqere.</span> <span class='ocrx_word' id='word_1_35' title='bbox 1221 420 1336 481; x_wconf 90' lang='lat' dir='ltr'>Quia</span> <span class='ocrx_word' id='word_1_36' title='bbox 1367 419 1504 484; x_wconf 85' lang='lat' dir='ltr'>igitur</span> 
     </span>
     <span class='ocr_line' id='line_1_5' title="bbox 2 489 1504 555; baseline 0.003 -19"><span class='ocrx_word' id='word_1_37' title='bbox 2 489 146 537; x_wconf 90' lang='lat' dir='ltr'>ndum</span> <span class='ocrx_word' id='word_1_38' title='bbox 176 490 391 552; x_wconf 82' lang='lat' dir='ltr'>praedicta</span> <span class='ocrx_word' id='word_1_39' title='bbox 418 489 544 555; x_wconf 88' lang='lat' dir='ltr'>(art.</span> <span class='ocrx_word' id='word_1_40' title='bbox 574 495 622 552; x_wconf 75' lang='lat'>2,</span> <span class='ocrx_word' id='word_1_41' title='bbox 648 492 702 541; x_wconf 88' lang='lat' dir='ltr'>ad</span> <span class='ocrx_word' id='word_1_42' title='bbox 732 495 758 539; x_wconf 81' lang='grc'><strong>3</strong></span> <span class='ocrx_word' id='word_1_43' title='bbox 777 493 816 554; x_wconf 90' lang='grc'>),</span> <span class='ocrx_word' id='word_1_44' title='bbox 844 491 1082 555; x_wconf 82' lang='lat' dir='ltr'><strong>speciebus</strong></span> <span class='ocrx_word' id='word_1_45' title='bbox 1104 492 1504 541; x_wconf 86' lang='lat' dir='ltr'>sacramentalibus</span> 
     </span>
     <span class='ocr_line' id='line_1_6' title="bbox 4 562 1503 627; baseline 0.004 -20"><span class='ocrx_word' id='word_1_46' title='bbox 4 573 49 607; x_wconf 91' lang='lat' dir='ltr'>m</span> <span class='ocrx_word' id='word_1_47' title='bbox 80 565 152 611; x_wconf 89' lang='lat' dir='ltr'>est</span> <span class='ocrx_word' id='word_1_48' title='bbox 172 562 329 611; x_wconf 87' lang='lat' dir='ltr'>divina</span> <span class='ocrx_word' id='word_1_49' title='bbox 355 562 521 611; x_wconf 86' lang='lat' dir='ltr'>virtute</span> <span class='ocrx_word' id='word_1_50' title='bbox 550 566 599 611; x_wconf 88' lang='lat' dir='ltr'>ut</span> <span class='ocrx_word' id='word_1_51' title='bbox 625 567 891 613; x_wconf 83' lang='lat' dir='ltr'><strong>remaneant</strong></span> <span class='ocrx_word' id='word_1_52' title='bbox 914 563 961 613; x_wconf 89' lang='lat' dir='ltr'>in</span> <span class='ocrx_word' id='word_1_53' title='bbox 989 575 1070 613; x_wconf 94' lang='lat' dir='ltr'>suo</span> <span class='ocrx_word' id='word_1_54' title='bbox 1091 577 1192 612; x_wconf 74' lang='lat' dir='ltr'>esse</span> <span class='ocrx_word' id='word_1_55' title='bbox 1217 564 1337 627; x_wconf 89' lang='lat' dir='ltr'>quod</span> <span class='ocrx_word' id='word_1_56' title='bbox 1363 564 1503 613; x_wconf 86' lang='lat' dir='ltr'>habe·</span> 
     </span>
     <span class='ocr_line' id='line_1_7' title="bbox 0 633 1502 697; baseline 0.005 -19"><span class='ocrx_word' id='word_1_57' title='bbox 0 646 6 677; x_wconf 76' lang='lat'>;</span> <span class='ocrx_word' id='word_1_58' title='bbox 44 633 307 682; x_wconf 88' lang='lat' dir='ltr'>substantia</span> <span class='ocrx_word' id='word_1_59' title='bbox 332 633 468 696; x_wconf 87' lang='lat' dir='ltr'>panis</span> <span class='ocrx_word' id='word_1_60' title='bbox 496 637 540 684; x_wconf 89' lang='lat' dir='ltr'>et</span> <span class='ocrx_word' id='word_1_61' title='bbox 568 633 663 683; x_wconf 85' lang='lat' dir='ltr'>vini</span> <span class='ocrx_word' id='word_1_62' title='bbox 688 633 941 697; x_wconf 84' lang='lat' dir='ltr'>existente,</span> <span class='ocrx_word' id='word_1_63' title='bbox 966 647 1249 697; x_wconf 89' lang='lat' dir='ltr'>consequens</span> <span class='ocrx_word' id='word_1_64' title='bbox 1275 638 1346 685; x_wconf 89' lang='lat' dir='ltr'>est</span> <span class='ocrx_word' id='word_1_65' title='bbox 1382 636 1502 697; x_wconf 86' lang='lat' dir='ltr'>quod</span> 
     </span>
     <span class='ocr_line' id='line_1_8' title="bbox 0 705 1501 770; baseline 0.003 -19"><span class='ocrx_word' id='word_1_66' title='bbox 0 716 32 751; x_wconf 91' lang='lat' dir='ltr'>n</span> <span class='ocrx_word' id='word_1_67' title='bbox 61 710 332 755; x_wconf 82' lang='lat' dir='ltr'>remaneant</span> <span class='ocrx_word' id='word_1_68' title='bbox 353 705 398 753; x_wconf 90' lang='lat' dir='ltr'>in</span> <span class='ocrx_word' id='word_1_69' title='bbox 424 718 507 755; x_wconf 90' lang='lat' dir='ltr'>suo</span> <span class='ocrx_word' id='word_1_70' title='bbox 528 720 702 769; x_wconf 74' lang='lat' dir='ltr'>aqere3</span> <span class='ocrx_word' id='word_1_71' title='bbox 728 710 774 756; x_wconf 88' lang='lat' dir='ltr'>et</span> <span class='ocrx_word' id='word_1_72' title='bbox 793 706 895 756; x_wconf 89' lang='lat' dir='ltr'>ideo</span> <span class='ocrx_word' id='word_1_73' title='bbox 914 718 1095 756; x_wconf 89' lang='lat' dir='ltr'>omnem</span> <span class='ocrx_word' id='word_1_74' title='bbox 1123 706 1350 757; x_wconf 79' lang='lat' dir='ltr'>actionem</span> <span class='ocrx_word' id='word_1_75' title='bbox 1369 720 1501 770; x_wconf 90' lang='lat' dir='ltr'>quam</span> 
     </span>
     <span class='ocr_line' id='line_1_9' title="bbox 5 776 1504 841; baseline 0.003 -21"><span class='ocrx_word' id='word_1_76' title='bbox 5 779 109 823; x_wconf 85' lang='lat' dir='ltr'>rant</span> <span class='ocrx_word' id='word_1_77' title='bbox 147 788 315 837; x_wconf 77' lang='lat' dir='ltr'>agere,</span> <span class='ocrx_word' id='word_1_78' title='bbox 344 777 599 827; x_wconf 87' lang='lat' dir='ltr'>substantia</span> <span class='ocrx_word' id='word_1_79' title='bbox 634 777 767 841; x_wconf 89' lang='lat' dir='ltr'>panis</span> <span class='ocrx_word' id='word_1_80' title='bbox 808 782 854 827; x_wconf 90' lang='lat' dir='ltr'>et</span> <span class='ocrx_word' id='word_1_81' title='bbox 891 776 989 825; x_wconf 81' lang='lat' dir='ltr'>vini</span> <span class='ocrx_word' id='word_1_82' title='bbox 1030 777 1282 839; x_wconf 85' lang='lat' dir='ltr'>existente,</span> <span class='ocrx_word' id='word_1_83' title='bbox 1310 780 1504 841; x_wconf 85' lang='lat' dir='ltr'>possunt</span> 
     </span>
     <span class='ocr_line' id='line_1_10' title="bbox 0 848 1504 913; baseline 0.003 -18"><span class='ocrx_word' id='word_1_84' title='bbox 0 860 38 895; x_wconf 80' lang='lat' dir='ltr'>tn</span> <span class='ocrx_word' id='word_1_85' title='bbox 66 860 203 910; x_wconf 84' lang='lat' dir='ltr'>agere</span> <span class='ocrx_word' id='word_1_86' title='bbox 233 848 486 897; x_wconf 83' lang='lat' dir='ltr'>substantia</span> <span class='ocrx_word' id='word_1_87' title='bbox 514 848 645 912; x_wconf 87' lang='lat' dir='ltr'>panis</span> <span class='ocrx_word' id='word_1_88' title='bbox 682 853 729 900; x_wconf 89' lang='lat' dir='ltr'>et</span> <span class='ocrx_word' id='word_1_89' title='bbox 760 849 853 898; x_wconf 86' lang='lat' dir='ltr'>vini</span> <span class='ocrx_word' id='word_1_90' title='bbox 890 852 1154 899; x_wconf 79' lang='lat' dir='ltr'>transeunte</span> <span class='ocrx_word' id='word_1_91' title='bbox 1183 850 1230 898; x_wconf 87' lang='lat' dir='ltr'>in</span> <span class='ocrx_word' id='word_1_92' title='bbox 1262 864 1425 913; x_wconf 86' lang='lat' dir='ltr'>corpus</span> <span class='ocrx_word' id='word_1_93' title='bbox 1457 853 1504 899; x_wconf 91' lang='lat' dir='ltr'>et</span> 
     </span>
     <span class='ocr_line' id='line_1_11' title="bbox 0 918 1502 985; baseline 0.003 -18"><span class='ocrx_word' id='word_1_94' title='bbox 0 918 167 978; x_wconf 67' lang='lat' dir='ltr'>guinem</span> <span class='ocrx_word' id='word_1_95' title='bbox 205 920 397 970; x_wconf 88' lang='lat' dir='ltr'>Christi.</span> <span class='ocrx_word' id='word_1_96' title='bbox 424 920 551 971; x_wconf 82' lang='lat' dir='ltr'>Unde</span> <span class='ocrx_word' id='word_1_97' title='bbox 588 934 676 972; x_wconf 93' lang='lat' dir='ltr'>non</span> <span class='ocrx_word' id='word_1_98' title='bbox 715 927 788 973; x_wconf 89' lang='lat' dir='ltr'>est</span> <span class='ocrx_word' id='word_1_99' title='bbox 812 920 998 972; x_wconf 88' lang='lat' dir='ltr'>dubium</span> <span class='ocrx_word' id='word_1_100' title='bbox 1035 922 1154 985; x_wconf 88' lang='lat' dir='ltr'>quod</span> <span class='ocrx_word' id='word_1_101' title='bbox 1195 926 1388 985; x_wconf 84' lang='lat' dir='ltr'>possunt</span> <span class='ocrx_word' id='word_1_102' title='bbox 1415 922 1502 971; x_wconf 89' lang='lat' dir='ltr'>im·</span> 
     </span>
     <span class='ocr_line' id='line_1_12' title="bbox 0 991 559 1056; baseline 0.005 -18"><span class='ocrx_word' id='word_1_103' title='bbox 0 1003 77 1040; x_wconf 89' lang='lat' dir='ltr'>are</span> <span class='ocrx_word' id='word_1_104' title='bbox 104 991 328 1041; x_wconf 78' lang='lat' dir='ltr'>exteriora</span> <span class='ocrx_word' id='word_1_105' title='bbox 352 1006 559 1056; x_wconf 89' lang='lat' dir='ltr'>corpora.</span> 
     </span>
    </p>

    <p class='ocr_par' dir='ltr' id='par_1_3' title="bbox 0 1062 1504 1341">
     <span class='ocr_line' id='line_1_13' title="bbox 2 1062 1499 1128; baseline 0.002 -18"><span class='ocrx_word' id='word_1_106' title='bbox 2 1062 31 1110; x_wconf 91' lang='lat' dir='ltr'>d</span> <span class='ocrx_word' id='word_1_107' title='bbox 69 1062 269 1124; x_wconf 86' lang='lat' dir='ltr'>primum</span> <span class='ocrx_word' id='word_1_108' title='bbox 304 1077 412 1127; x_wconf 82' lang='lat' dir='ltr'>ergo</span> <span class='ocrx_word' id='word_1_109' title='bbox 448 1063 683 1113; x_wconf 86' lang='lat' dir='ltr'>dicendum</span> <span class='ocrx_word' id='word_1_110' title='bbox 703 1102 717 1127; x_wconf 92' lang='lat'>,</span> <span class='ocrx_word' id='word_1_111' title='bbox 758 1064 879 1127; x_wconf 82' lang='lat' dir='ltr'>quod</span> <span class='ocrx_word' id='word_1_112' title='bbox 910 1064 1092 1128; x_wconf 88' lang='lat' dir='ltr'>species</span> <span class='ocrx_word' id='word_1_113' title='bbox 1124 1062 1499 1127; x_wconf 79' lang='lat' dir='ltr'>sacramentales)</span> 
     </span>
     <span class='ocr_line' id='line_1_14' title="bbox 0 1134 1502 1197; baseline 0.001 -16"><span class='ocrx_word' id='word_1_114' title='bbox 0 1146 6 1181; x_wconf 88' lang='grc'>;</span> <span class='ocrx_word' id='word_1_115' title='bbox 31 1134 128 1184; x_wconf 89' lang='lat' dir='ltr'>sint</span> <span class='ocrx_word' id='word_1_116' title='bbox 152 1134 315 1185; x_wconf 84' lang='lat' dir='ltr'>formae</span> <span class='ocrx_word' id='word_1_117' title='bbox 340 1135 441 1185; x_wconf 90' lang='lat' dir='ltr'>sine</span> <span class='ocrx_word' id='word_1_118' title='bbox 472 1135 655 1185; x_wconf 85' lang='lat' dir='ltr'>materia</span> <span class='ocrx_word' id='word_1_119' title='bbox 681 1136 948 1197; x_wconf 83' lang='lat' dir='ltr'>existenteS,</span> <span class='ocrx_word' id='word_1_120' title='bbox 978 1136 1176 1186; x_wconf 87' lang='lat' dir='ltr'>retinent</span> <span class='ocrx_word' id='word_1_121' title='bbox 1200 1139 1355 1185; x_wconf 90' lang='lat' dir='ltr'>tamen</span> <span class='ocrx_word' id='word_1_122' title='bbox 1385 1134 1502 1185; x_wconf 86' lang='lat' dir='ltr'>idem</span> 
     </span>
     <span class='ocr_line' id='line_1_15' title="bbox 0 1206 1504 1270; baseline 0 -15"><span class='ocrx_word' id='word_1_123' title='bbox 0 1219 6 1248; x_wconf 63' lang='grc' dir='ltr'><em>ν</em></span> <span class='ocrx_word' id='word_1_124' title='bbox 32 1207 149 1268; x_wconf 88' lang='lat' dir='ltr'>quod</span> <span class='ocrx_word' id='word_1_125' title='bbox 178 1207 408 1256; x_wconf 88' lang='lat' dir='ltr'>habebant</span> <span class='ocrx_word' id='word_1_126' title='bbox 436 1208 563 1270; x_wconf 89' lang='lat' dir='ltr'>prius</span> <span class='ocrx_word' id='word_1_127' title='bbox 584 1208 631 1257; x_wconf 92' lang='lat' dir='ltr'>in</span> <span class='ocrx_word' id='word_1_128' title='bbox 660 1209 868 1259; x_wconf 86' lang='lat' dir='ltr'>materia.</span> <span class='ocrx_word' id='word_1_129' title='bbox 889 1208 947 1257; x_wconf 88' lang='lat' dir='ltr'>Et</span> <span class='ocrx_word' id='word_1_130' title='bbox 969 1206 1072 1257; x_wconf 89' lang='lat' dir='ltr'>ideo</span> <span class='ocrx_word' id='word_1_131' title='bbox 1100 1208 1349 1257; x_wconf 86' lang='lat' dir='ltr'>seeundum</span> <span class='ocrx_word' id='word_1_132' title='bbox 1373 1218 1504 1257; x_wconf 90' lang='lat' dir='ltr'>suum</span> 
     </span>
     <span class='ocr_line' id='line_1_16' title="bbox 0 1277 1171 1341; baseline 0.003 -16"><span class='ocrx_word' id='word_1_133' title='bbox 0 1291 3 1305; x_wconf 91' lang='lat'><em>·</em></span> <span class='ocrx_word' id='word_1_134' title='bbox 28 1312 41 1331; x_wconf 90' lang='lat'><em>‚</em></span> <span class='ocrx_word' id='word_1_135' title='bbox 70 1277 377 1327; x_wconf 87' lang='lat' dir='ltr'>assimilantur</span> <span class='ocrx_word' id='word_1_136' title='bbox 410 1277 568 1328; x_wconf 83' lang='lat' dir='ltr'>formis</span> <span class='ocrx_word' id='word_1_137' title='bbox 596 1292 699 1341; x_wconf 83' lang='lat' dir='ltr'>quae</span> <span class='ocrx_word' id='word_1_138' title='bbox 741 1284 849 1329; x_wconf 86' lang='lat' dir='ltr'>sunt</span> <span class='ocrx_word' id='word_1_139' title='bbox 890 1279 936 1329; x_wconf 90' lang='lat' dir='ltr'>in</span> <span class='ocrx_word' id='word_1_140' title='bbox 966 1280 1171 1329; x_wconf 86' lang='lat' dir='ltr'>materia.</span> 
     </span>
    </p>

    <p class='ocr_par' dir='ltr' id='par_1_4' title="bbox 0 1349 1509 1833">
     <span class='ocr_line' id='line_1_17' title="bbox 0 1349 1509 1413; baseline 0.002 -17"><span class='ocrx_word' id='word_1_141' title='bbox 0 1349 34 1397; x_wconf 85' lang='lat' dir='ltr'>d</span> <span class='ocrx_word' id='word_1_142' title='bbox 63 1349 315 1398; x_wconf 89' lang='lat' dir='ltr'>secundum</span> <span class='ocrx_word' id='word_1_143' title='bbox 356 1350 622 1411; x_wconf 87' lang='lat' dir='ltr'>dicendum,</span> <span class='ocrx_word' id='word_1_144' title='bbox 649 1350 770 1413; x_wconf 79' lang='lat' dir='ltr'>quod</span> <span class='ocrx_word' id='word_1_145' title='bbox 806 1351 869 1399; x_wconf 91' lang='lat' dir='ltr'>ita</span> <span class='ocrx_word' id='word_1_146' title='bbox 894 1350 1010 1402; x_wconf 85' lang='lat' dir='ltr'>actio</span> <span class='ocrx_word' id='word_1_147' title='bbox 1038 1352 1191 1401; x_wconf 82' lang='lat' dir='ltr'>sormae</span> <span class='ocrx_word' id='word_1_148' title='bbox 1220 1349 1509 1400; x_wconf 86' lang='lat' dir='ltr'>accidentalis</span> 
     </span>
     <span class='ocr_line' id='line_1_18' title="bbox 0 1420 1509 1487; baseline 0.001 -18"><span class='ocrx_word' id='word_1_149' title='bbox 0 1422 133 1471; x_wconf 89' lang='lat' dir='ltr'>endet</span> <span class='ocrx_word' id='word_1_150' title='bbox 159 1422 215 1471; x_wconf 91' lang='lat' dir='ltr'>ab</span> <span class='ocrx_word' id='word_1_151' title='bbox 244 1420 420 1472; x_wconf 90' lang='lat' dir='ltr'>actione</span> <span class='ocrx_word' id='word_1_152' title='bbox 452 1423 606 1473; x_wconf 82' lang='lat' dir='ltr'>formae</span> <span class='ocrx_word' id='word_1_153' title='bbox 625 1423 963 1487; x_wconf 88' lang='lat' dir='ltr'>substantialis,</span> <span class='ocrx_word' id='word_1_154' title='bbox 991 1423 1108 1474; x_wconf 88' lang='lat' dir='ltr'>sicut</span> <span class='ocrx_word' id='word_1_155' title='bbox 1131 1438 1232 1473; x_wconf 83' lang='lat' dir='ltr'>esse</span> <span class='ocrx_word' id='word_1_156' title='bbox 1255 1421 1509 1473; x_wconf 86' lang='lat' dir='ltr'>accidentis</span> 
     </span>
     <span class='ocr_line' id='line_1_19' title="bbox 0 1493 1509 1545; baseline 0.001 -4"><span class='ocrx_word' id='word_1_157' title='bbox 0 1493 136 1543; x_wconf 89' lang='lat' dir='ltr'>endet</span> <span class='ocrx_word' id='word_1_158' title='bbox 161 1494 215 1542; x_wconf 90' lang='lat' dir='ltr'>ab</span> <span class='ocrx_word' id='word_1_159' title='bbox 243 1508 344 1543; x_wconf 74' lang='lat' dir='ltr'>esse</span> <span class='ocrx_word' id='word_1_160' title='bbox 369 1494 650 1545; x_wconf 81' lang='lat' dir='ltr'>substantiae.</span> <span class='ocrx_word' id='word_1_161' title='bbox 676 1496 733 1544; x_wconf 86' lang='lat' dir='ltr'>Et</span> <span class='ocrx_word' id='word_1_162' title='bbox 752 1495 854 1545; x_wconf 89' lang='lat' dir='ltr'>ideo</span> <span class='ocrx_word' id='word_1_163' title='bbox 872 1496 992 1545; x_wconf 89' lang='lat' dir='ltr'>sicut</span> <span class='ocrx_word' id='word_1_164' title='bbox 1019 1494 1170 1544; x_wconf 89' lang='lat' dir='ltr'>divina</span> <span class='ocrx_word' id='word_1_165' title='bbox 1190 1494 1358 1544; x_wconf 81' lang='lat' dir='ltr'>virtute</span> <span class='ocrx_word' id='word_1_166' title='bbox 1379 1495 1509 1543; x_wconf 85' lang='lat' dir='ltr'>datur</span> 
     </span>
     <span class='ocr_line' id='line_1_20' title="bbox 0 1565 1504 1632; baseline 0.001 -19"><span class='ocrx_word' id='word_1_167' title='bbox 0 1565 149 1615; x_wconf 79' lang='lat' dir='ltr'>ciebns</span> <span class='ocrx_word' id='word_1_168' title='bbox 180 1568 605 1626; x_wconf 87' lang='lat' dir='ltr'>sacramentalibus,</span> <span class='ocrx_word' id='word_1_169' title='bbox 640 1571 690 1616; x_wconf 89' lang='lat' dir='ltr'>ut</span> <span class='ocrx_word' id='word_1_170' title='bbox 727 1567 906 1632; x_wconf 80' lang='lat' dir='ltr'>possint</span> <span class='ocrx_word' id='word_1_171' title='bbox 940 1581 1045 1616; x_wconf 79' lang='lat' dir='ltr'>esse</span> <span class='ocrx_word' id='word_1_172' title='bbox 1081 1566 1181 1617; x_wconf 91' lang='lat' dir='ltr'>sine</span> <span class='ocrx_word' id='word_1_173' title='bbox 1216 1565 1468 1616; x_wconf 86' lang='lat' dir='ltr'>substantia</span> <span class='ocrx_word' id='word_1_174' title='bbox 1490 1603 1504 1625; x_wconf 88' lang='lat'><strong>,</strong></span> 
     </span>
     <span class='ocr_line' id='line_1_21' title="bbox 11 1634 1504 1703; baseline -0.002 -17"><span class='ocrx_word' id='word_1_175' title='bbox 11 1638 141 1687; x_wconf 90' lang='lat' dir='ltr'>datur</span> <span class='ocrx_word' id='word_1_176' title='bbox 162 1638 229 1689; x_wconf 93' lang='lat' dir='ltr'>eis</span> <span class='ocrx_word' id='word_1_177' title='bbox 263 1643 313 1688; x_wconf 87' lang='lat' dir='ltr'>ut</span> <span class='ocrx_word' id='word_1_178' title='bbox 339 1638 517 1701; x_wconf 86' lang='lat' dir='ltr'>possint</span> <span class='ocrx_word' id='word_1_179' title='bbox 538 1652 669 1703; x_wconf 86' lang='lat' dir='ltr'>agere</span> <span class='ocrx_word' id='word_1_180' title='bbox 699 1640 964 1698; x_wconf 68' lang='lat' dir='ltr'>sinej&#39;orma</span> <span class='ocrx_word' id='word_1_181' title='bbox 997 1637 1318 1699; x_wconf 89' lang='lat' dir='ltr'>substantiali,</span> <span class='ocrx_word' id='word_1_182' title='bbox 1341 1634 1504 1685; x_wconf 82' lang='lat' dir='ltr'>virtute</span> 
     </span>
     <span class='ocr_line' id='line_1_22' title="bbox 13 1707 1509 1775; baseline 0.001 -18"><span class='ocrx_word' id='word_1_183' title='bbox 13 1745 25 1769; x_wconf 92' lang='lat'>,</span> <span class='ocrx_word' id='word_1_184' title='bbox 54 1707 81 1757; x_wconf 76' lang='lat' dir='ltr'>a</span> <span class='ocrx_word' id='word_1_185' title='bbox 108 1723 199 1772; x_wconf 85' lang='lat' dir='ltr'>quo</span> <span class='ocrx_word' id='word_1_186' title='bbox 227 1709 342 1759; x_wconf 88' lang='lat' dir='ltr'>sicut</span> <span class='ocrx_word' id='word_1_187' title='bbox 361 1710 386 1760; x_wconf 73' lang='lat' dir='ltr'>a</span> <span class='ocrx_word' id='word_1_188' title='bbox 412 1709 559 1774; x_wconf 86' lang='lat' dir='ltr'>primo</span> <span class='ocrx_word' id='word_1_189' title='bbox 593 1714 759 1775; x_wconf 86' lang='lat' dir='ltr'>agente</span> <span class='ocrx_word' id='word_1_190' title='bbox 784 1711 1011 1775; x_wconf 82' lang='lat' dir='ltr'>dependet</span> <span class='ocrx_word' id='word_1_191' title='bbox 1032 1708 1180 1760; x_wconf 87' lang='lat' dir='ltr'>omnis</span> <span class='ocrx_word' id='word_1_192' title='bbox 1207 1710 1328 1759; x_wconf 87' lang='lat' dir='ltr'>actio</span> <span class='ocrx_word' id='word_1_193' title='bbox 1354 1708 1509 1759; x_wconf 81' lang='lat' dir='ltr'>formae</span> 
     </span>
     <span class='ocr_line' id='line_1_23' title="bbox 0 1780 716 1833; baseline 0.003 -5"><span class='ocrx_word' id='word_1_194' title='bbox 0 1780 303 1831; x_wconf 83' lang='lat' dir='ltr'>substantialis</span> <span class='ocrx_word' id='word_1_195' title='bbox 330 1786 378 1832; x_wconf 90' lang='lat' dir='ltr'>et</span> <span class='ocrx_word' id='word_1_196' title='bbox 408 1782 716 1833; x_wconf 89' lang='lat' dir='ltr'>accidentalis.</span> 
     </span>
    </p>

    <p class='ocr_par' dir='ltr' id='par_1_5' title="bbox 0 1851 1509 2490">
     <span class='ocr_line' id='line_1_24' title="bbox 0 1851 1504 1919; baseline 0.001 -20"><span class='ocrx_word' id='word_1_197' title='bbox 0 1851 47 1899; x_wconf 70' lang='lat' dir='ltr'>ld</span> <span class='ocrx_word' id='word_1_198' title='bbox 67 1852 249 1901; x_wconf 88' lang='lat' dir='ltr'>tertium</span> <span class='ocrx_word' id='word_1_199' title='bbox 276 1852 514 1903; x_wconf 84' lang='lat' dir='ltr'>dicendum</span> <span class='ocrx_word' id='word_1_200' title='bbox 534 1892 546 1914; x_wconf 86' lang='lat'>,</span> <span class='ocrx_word' id='word_1_201' title='bbox 578 1854 697 1918; x_wconf 82' lang='lat' dir='ltr'>quod</span> <span class='ocrx_word' id='word_1_202' title='bbox 720 1854 976 1904; x_wconf 85' lang='lat' dir='ltr'>immutatio</span> <span class='ocrx_word' id='word_1_203' title='bbox 1006 1868 1106 1919; x_wconf 82' lang='lat' dir='ltr'>quae</span> <span class='ocrx_word' id='word_1_204' title='bbox 1137 1856 1208 1903; x_wconf 92' lang='lat' dir='ltr'>est</span> <span class='ocrx_word' id='word_1_205' title='bbox 1234 1852 1289 1903; x_wconf 87' lang='lat' dir='ltr'>ad</span> <span class='ocrx_word' id='word_1_206' title='bbox 1316 1852 1504 1903; x_wconf 85' lang='lat' dir='ltr'>formam</span> 
     </span>
     <span class='ocr_line' id='line_1_25' title="bbox 1 1923 1504 1985; baseline 0.002 -15"><span class='ocrx_word' id='word_1_207' title='bbox 1 1923 252 1972; x_wconf 84' lang='lat' dir='ltr'>stantialem</span> <span class='ocrx_word' id='word_1_208' title='bbox 276 1960 290 1985; x_wconf 90' lang='lat'>‚</span> <span class='ocrx_word' id='word_1_209' title='bbox 324 1938 417 1973; x_wconf 90' lang='lat' dir='ltr'>non</span> <span class='ocrx_word' id='word_1_210' title='bbox 460 1924 510 1973; x_wconf 85' lang='lat' dir='ltr'>fit</span> <span class='ocrx_word' id='word_1_211' title='bbox 537 1923 564 1974; x_wconf 78' lang='lat' dir='ltr'>a</span> <span class='ocrx_word' id='word_1_212' title='bbox 609 1924 750 1975; x_wconf 84' lang='lat' dir='ltr'>forma</span> <span class='ocrx_word' id='word_1_213' title='bbox 784 1925 1071 1976; x_wconf 83' lang='lat' dir='ltr'>substantiali</span> <span class='ocrx_word' id='word_1_214' title='bbox 1108 1923 1399 1984; x_wconf 76' lang='lat' dir='ltr'>immediate,</span> <span class='ocrx_word' id='word_1_215' title='bbox 1425 1924 1504 1974; x_wconf 91' lang='lat' dir='ltr'>sed</span> 
     </span>
     <span class='ocr_line' id='line_1_26' title="bbox 0 1992 1509 2062; baseline 0.002 -21"><span class='ocrx_word' id='word_1_216' title='bbox 0 1992 213 2044; x_wconf 84' lang='lat' dir='ltr'>diantibus</span> <span class='ocrx_word' id='word_1_217' title='bbox 240 1996 529 2059; x_wconf 87' lang='lat' dir='ltr'>qualitatibus</span> <span class='ocrx_word' id='word_1_218' title='bbox 558 1996 717 2048; x_wconf 85' lang='lat' dir='ltr'>activis</span> <span class='ocrx_word' id='word_1_219' title='bbox 741 2001 785 2048; x_wconf 90' lang='lat' dir='ltr'>et</span> <span class='ocrx_word' id='word_1_220' title='bbox 812 1996 1024 2062; x_wconf 86' lang='lat' dir='ltr'>passivis,</span> <span class='ocrx_word' id='word_1_221' title='bbox 1052 2010 1152 2061; x_wconf 85' lang='lat' dir='ltr'>quae.</span> <span class='ocrx_word' id='word_1_222' title='bbox 1173 2004 1315 2061; x_wconf 86' lang='lat' dir='ltr'>agunt</span> <span class='ocrx_word' id='word_1_223' title='bbox 1344 1994 1391 2044; x_wconf 90' lang='lat' dir='ltr'>in</span> <span class='ocrx_word' id='word_1_224' title='bbox 1410 1995 1509 2045; x_wconf 77' lang='lat' dir='ltr'>vir-</span> 
     </span>
     <span class='ocr_line' id='line_1_27' title="bbox 0 2066 1509 2119; baseline 0.001 -6"><span class='ocrx_word' id='word_1_225' title='bbox 0 2078 15 2113; x_wconf 73' lang='lat'>3</span> <span class='ocrx_word' id='word_1_226' title='bbox 49 2066 200 2118; x_wconf 82' lang='lat' dir='ltr'>formae</span> <span class='ocrx_word' id='word_1_227' title='bbox 237 2068 563 2118; x_wconf 85' lang='lat' dir='ltr'>substantialis.</span> <span class='ocrx_word' id='word_1_228' title='bbox 610 2070 715 2119; x_wconf 84' lang='lat' dir='ltr'>Haec</span> <span class='ocrx_word' id='word_1_229' title='bbox 761 2073 914 2119; x_wconf 89' lang='lat' dir='ltr'>autem</span> <span class='ocrx_word' id='word_1_230' title='bbox 962 2068 1105 2119; x_wconf 84' lang='lat' dir='ltr'>virtus</span> <span class='ocrx_word' id='word_1_231' title='bbox 1151 2066 1509 2118; x_wconf 84' lang='lat' dir='ltr'>instrumentalis</span> 
     </span>
     <span class='ocr_line' id='line_1_28' title="bbox 0 2138 1509 2202; baseline 0.002 -18"><span class='ocrx_word' id='word_1_232' title='bbox 0 2143 205 2187; x_wconf 62' lang='lat' dir='ltr'>iservatur</span> <span class='ocrx_word' id='word_1_233' title='bbox 232 2139 280 2187; x_wconf 89' lang='lat' dir='ltr'>in</span> <span class='ocrx_word' id='word_1_234' title='bbox 312 2140 554 2202; x_wconf 88' lang='lat' dir='ltr'>speciebus</span> <span class='ocrx_word' id='word_1_235' title='bbox 574 2140 975 2190; x_wconf 82' lang='lat' dir='ltr'>sacramentalibus</span> <span class='ocrx_word' id='word_1_236' title='bbox 1004 2139 1157 2189; x_wconf 89' lang='lat' dir='ltr'>divina</span> <span class='ocrx_word' id='word_1_237' title='bbox 1175 2139 1367 2200; x_wconf 82' lang='lat' dir='ltr'>virtute,</span> <span class='ocrx_word' id='word_1_238' title='bbox 1393 2138 1509 2187; x_wconf 84' lang='lat' dir='ltr'>sicut</span> 
     </span>
     <span class='ocr_line' id='line_1_29' title="bbox 0 2209 1509 2276; baseline 0 -19"><span class='ocrx_word' id='word_1_239' title='bbox 0 2209 118 2271; x_wconf 84' lang='lat' dir='ltr'>prius</span> <span class='ocrx_word' id='word_1_240' title='bbox 148 2215 260 2261; x_wconf 86' lang='lat' dir='ltr'>erat.</span> <span class='ocrx_word' id='word_1_241' title='bbox 284 2212 342 2261; x_wconf 88' lang='lat' dir='ltr'>Et</span> <span class='ocrx_word' id='word_1_242' title='bbox 361 2211 462 2262; x_wconf 91' lang='lat' dir='ltr'>ideo</span> <span class='ocrx_word' id='word_1_243' title='bbox 488 2216 681 2274; x_wconf 88' lang='lat' dir='ltr'>possunt</span> <span class='ocrx_word' id='word_1_244' title='bbox 710 2225 842 2276; x_wconf 88' lang='lat' dir='ltr'>agere</span> <span class='ocrx_word' id='word_1_245' title='bbox 871 2213 927 2262; x_wconf 87' lang='lat' dir='ltr'>ad</span> <span class='ocrx_word' id='word_1_246' title='bbox 951 2213 1142 2262; x_wconf 81' lang='lat' dir='ltr'>formam</span> <span class='ocrx_word' id='word_1_247' title='bbox 1166 2210 1509 2261; x_wconf 85' lang='lat' dir='ltr'>substantialem</span> 
     </span>
     <span class='ocr_line' id='line_1_30' title="bbox 0 2281 1509 2348; baseline 0.001 -21"><span class='ocrx_word' id='word_1_248' title='bbox 0 2283 341 2347; x_wconf 79' lang='lat' dir='ltr'>trumentaliter3</span> <span class='ocrx_word' id='word_1_249' title='bbox 370 2297 453 2347; x_wconf 87' lang='lat' dir='ltr'>per</span> <span class='ocrx_word' id='word_1_250' title='bbox 481 2296 614 2346; x_wconf 88' lang='lat' dir='ltr'>quem</span> <span class='ocrx_word' id='word_1_251' title='bbox 644 2284 828 2334; x_wconf 90' lang='lat' dir='ltr'>modum</span> <span class='ocrx_word' id='word_1_252' title='bbox 855 2284 1026 2347; x_wconf 87' lang='lat' dir='ltr'>aliquid</span> <span class='ocrx_word' id='word_1_253' title='bbox 1051 2286 1202 2348; x_wconf 83' lang='lat' dir='ltr'>potest</span> <span class='ocrx_word' id='word_1_254' title='bbox 1230 2295 1362 2345; x_wconf 87' lang='lat' dir='ltr'>agere</span> <span class='ocrx_word' id='word_1_255' title='bbox 1398 2281 1509 2331; x_wconf 81' lang='lat' dir='ltr'>ultra</span> 
     </span>
     <span class='ocr_line' id='line_1_31' title="bbox 0 2352 1509 2420; baseline 0.002 -21"><span class='ocrx_word' id='word_1_256' title='bbox 0 2366 45 2400; x_wconf 89' lang='lat' dir='ltr'>m</span> <span class='ocrx_word' id='word_1_257' title='bbox 72 2356 265 2417; x_wconf 89' lang='lat' dir='ltr'>speeiem</span> <span class='ocrx_word' id='word_1_258' title='bbox 289 2394 302 2417; x_wconf 94' lang='lat'>‚</span> <span class='ocrx_word' id='word_1_259' title='bbox 335 2368 428 2405; x_wconf 89' lang='lat' dir='ltr'>non</span> <span class='ocrx_word' id='word_1_260' title='bbox 454 2356 583 2419; x_wconf 88' lang='lat' dir='ltr'>quasi</span> <span class='ocrx_word' id='word_1_261' title='bbox 619 2356 787 2406; x_wconf 77' lang='lat' dir='ltr'>virtute</span> <span class='ocrx_word' id='word_1_262' title='bbox 809 2354 1010 2420; x_wconf 87' lang='lat' dir='ltr'>propria,</span> <span class='ocrx_word' id='word_1_263' title='bbox 1040 2356 1120 2405; x_wconf 90' lang='lat' dir='ltr'>sed</span> <span class='ocrx_word' id='word_1_264' title='bbox 1146 2355 1316 2405; x_wconf 85' lang='lat' dir='ltr'>virtute</span> <span class='ocrx_word' id='word_1_265' title='bbox 1342 2352 1509 2417; x_wconf 86' lang='lat' dir='ltr'>princi-</span> 
     </span>
     <span class='ocr_line' id='line_1_32' title="bbox 0 2422 261 2490; baseline 0.023 -18"><span class='ocrx_word' id='word_1_266' title='bbox 0 2422 35 2472; x_wconf 90' lang='lat' dir='ltr'>is</span> <span class='ocrx_word' id='word_1_267' title='bbox 69 2427 261 2490; x_wconf 80' lang='lat' dir='ltr'>agentis.</span> 
     </span>
    </p>
   </div>
   <div class='ocr_carea' id='block_1_3' title="bbox 498 2536 927 2587">
    <p class='ocr_par' dir='ltr' id='par_1_6' title="bbox 498 2536 927 2587">
     <span class='ocr_line' id='line_1_33' title="bbox 498 2536 927 2587; baseline 0.005 -2"><span class='ocrx_word' id='word_1_268' title='bbox 498 2536 813 2587; x_wconf 77' lang='lat' dir='ltr'>ARTICULUS</span> <span class='ocrx_word' id='word_1_269' title='bbox 846 2536 927 2587; x_wconf 86' lang='lat' dir='ltr'>IV.</span> 
     </span>
    </p>
   </div>
   <div class='ocr_carea' id='block_1_4' title="bbox 80 2660 1360 2718">
    <p class='ocr_par' dir='ltr' id='par_1_7' title="bbox 80 2660 1360 2718">
     <span class='ocr_line' id='line_1_34' title="bbox 80 2660 1360 2718; baseline -0.001 -13"><span class='ocrx_word' id='word_1_270' title='bbox 80 2661 245 2705; x_wconf 56' lang='lat' dir='ltr'>Utrum</span> <span class='ocrx_word' id='word_1_271' title='bbox 273 2662 446 2717; x_wconf 71' lang='lat' dir='ltr'>species</span> <span class='ocrx_word' id='word_1_272' title='bbox 478 2662 848 2707; x_wconf 76' lang='lat' dir='ltr'>sacramentales</span> <span class='ocrx_word' id='word_1_273' title='bbox 887 2660 1068 2718; x_wconf 75' lang='lat' dir='ltr'>possint</span> <span class='ocrx_word' id='word_1_274' title='bbox 1103 2662 1360 2716; x_wconf 75' lang='lat' dir='ltr'>corrumpi.</span> 
     </span>
    </p>
   </div>
   <div class='ocr_carea' id='block_1_5' title="bbox 0 2784 1509 2993">
    <p class='ocr_par' dir='ltr' id='par_1_8' title="bbox 0 2784 1509 2993">
     <span class='ocr_line' id='line_1_35' title="bbox 0 2784 1509 2853; baseline -0.001 -20"><span class='ocrx_word' id='word_1_275' title='bbox 0 2784 51 2833; x_wconf 65' lang='lat' dir='ltr'>Ad</span> <span class='ocrx_word' id='word_1_276' title='bbox 95 2792 302 2849; x_wconf 86' lang='lat' dir='ltr'>quartum</span> <span class='ocrx_word' id='word_1_277' title='bbox 344 2788 411 2837; x_wconf 90' lang='lat' dir='ltr'>sic</span> <span class='ocrx_word' id='word_1_278' title='bbox 451 2789 725 2853; x_wconf 81' lang='lat' dir='ltr'>proceditur.</span> <span class='ocrx_word' id='word_1_279' title='bbox 762 2788 952 2839; x_wconf 88' lang='lat' dir='ltr'>Videtur</span> <span class='ocrx_word' id='word_1_280' title='bbox 981 2786 1102 2849; x_wconf 78' lang='lat' dir='ltr'>quod</span> <span class='ocrx_word' id='word_1_281' title='bbox 1137 2786 1313 2850; x_wconf 86' lang='lat' dir='ltr'>species</span> <span class='ocrx_word' id='word_1_282' title='bbox 1356 2796 1509 2834; x_wconf 85' lang='lat' dir='ltr'>sacra-</span> 
     </span>
     <span class='ocr_line' id='line_1_36' title="bbox 0 2854 1509 2924; baseline 0 -21"><span class='ocrx_word' id='word_1_283' title='bbox 0 2857 137 2908; x_wconf 84' lang='lat' dir='ltr'>ntales</span> <span class='ocrx_word' id='word_1_284' title='bbox 176 2860 405 2923; x_wconf 84' lang='lat' dir='ltr'>corrumpi</span> <span class='ocrx_word' id='word_1_285' title='bbox 437 2872 530 2913; x_wconf 86' lang='lat' dir='ltr'>non</span> <span class='ocrx_word' id='word_1_286' title='bbox 569 2859 761 2924; x_wconf 88' lang='lat' dir='ltr'>possint.</span> <span class='ocrx_word' id='word_1_287' title='bbox 804 2860 1042 2923; x_wconf 75' lang='lat' dir='ltr'>Coi-ruptio</span> <span class='ocrx_word' id='word_1_288' title='bbox 1082 2858 1204 2909; x_wconf 88' lang='lat' dir='ltr'>enim</span> <span class='ocrx_word' id='word_1_289' title='bbox 1241 2854 1405 2907; x_wconf 86' lang='lat' dir='ltr'>accidit</span> <span class='ocrx_word' id='word_1_290' title='bbox 1431 2867 1509 2917; x_wconf 88' lang='lat' dir='ltr'>per</span> 
     </span>
     <span class='ocr_line' id='line_1_37' title="bbox 0 2928 1509 2993; baseline 0.001 -19"><span class='ocrx_word' id='word_1_291' title='bbox 0 2929 245 2983; x_wconf 73' lang='lat' dir='ltr'>»arationem</span> <span class='ocrx_word' id='word_1_292' title='bbox 269 2931 429 2984; x_wconf 64' lang='lat' dir='ltr'>formai</span> <span class='ocrx_word' id='word_1_293' title='bbox 445 2931 473 2983; x_wconf 75' lang='lat' dir='ltr'>a</span> <span class='ocrx_word' id='word_1_294' title='bbox 490 2932 695 2984; x_wconf 88' lang='lat' dir='ltr'>materia.</span> <span class='ocrx_word' id='word_1_295' title='bbox 712 2932 806 2985; x_wconf 86' lang='lat' dir='ltr'>Sed</span> <span class='ocrx_word' id='word_1_296' title='bbox 824 2930 1013 2983; x_wconf 88' lang='lat' dir='ltr'>materia</span> <span class='ocrx_word' id='word_1_297' title='bbox 1035 2930 1171 2993; x_wconf 89' lang='lat' dir='ltr'>pauis</span> <span class='ocrx_word' id='word_1_298' title='bbox 1189 2940 1282 2978; x_wconf 90' lang='lat' dir='ltr'>non</span> <span class='ocrx_word' id='word_1_299' title='bbox 1304 2928 1509 2975; x_wconf 85' lang='lat' dir='ltr'>remanet</span> 
     </span>
    </p>
   </div>
  </div>
 </body>
</html>
