1942 3284
104 220 107 223 Α
170 187 201 225 nn
216 185 372 226 semmuro
387 183 557 223 mansurarum
573 179 698 220 memnon
714 180 751 216 sn.
815 167 860 214 nti

70 263 253 327 prefiguratione
268 265 361 314 iutnrae.
374 263 404 312 lit
419 262 471 312 ideo
484 260 621 312 conveniens
633 259 678 310 init
691 261 717 308 ut
729 253 863 306 imminente

68 333 183 399 passione,
203 337 316 386 celebrato
336 334 406 398 priori
419 336 574 394 sacramento,
590 344 675 382 norum
696 329 863 378 sacramentum

68 405 201 456 institueret.
218 407 282 457 Unde
296 407 342 456 Leo
355 407 420 469 Papa
433 405 490 455 dicit
503 405 593 468 (serm.
604 403 652 452 llll.
668 405 703 450 De
716 395 862 458 Passieno).

68 477 122 541 quod
138 495 151 525 u
166 483 192 528 ut
206 481 290 529 umbrae
303 479 410 528 cederent
423 475 529 541 corpori,
544 474 636 538 antiqua
649 470 792 524 observantia
805 480 864 518 nouo

68 549 189 601 excluditur
209 559 366 613 sacramento,
380 549 458 601 hostia
479 549 505 598 in
522 546 620 598 hostiam
642 544 736 602 transit,
754 539 866 604 sanguino

68 622 154 684 sanguis
170 624 288 683 aufertur,
303 628 326 673 et
339 621 420 686 legalis
437 621 567 682 festivitas,
581 619 633 668 dum
648 620 762 676 mutatur,
784 611 865 675 imple-

70 695 109 740 tur.
122 711 135 741 n
149 693 243 758 Tertii,
252 693 306 758 guia
319 707 406 758 eaque
416 692 496 743 ultimi)
506 691 621 750 dicuntur,
634 685 731 739 maximi
744 685 773 736 ab
787 681 866 733 amicis

71 764 236 829 remdentibus,
251 764 324 829 magis
333 765 448 816 memorie
462 763 660 821 commendantur,
673 756 799 824 prasertim
812 752 866 818 quia

71 837 118 886 tunc
135 838 211 900 magis
231 837 383 887 inflammatur
395 837 491 887 aliectus
505 835 534 884 ad
551 834 649 896 amicos;
662 844 689 881 ea
701 827 754 878 vert
770 827 797 876 ad
817 837 867 889 qua

69 907 137 970 magm
149 908 273 973 allicimur,
293 907 428 972 prolundids
446 907 523 958 animo
543 904 710 968 imprimuntur.
725 899 782 959 Quia
798 896 868 960 igitur

71 981 105 1040 tut
120 981 147 1029 B.
157 981 286 1031 Alexander
299 983 363 1044 Papa
372 979 449 1041 dicit),
469 977 551 1028 «nihil
564 976 588 1025 in
600 972 717 1026 sacrificiis
727 971 802 1034 majus
816 979 866 1018 esse

70 1054 141 1114 potest
161 1053 231 1116 quim
246 1066 329 1117 corpus
346 1056 370 1103 et
384 1052 477 1115 sanguis
490 1047 587 1109 Christi,
605 1059 648 1096 noo
660 1045 706 1094 ulla
722 1041 806 1094 oblatio
824 1037 868 1089 hic

70 1122 140 1185 potior
158 1128 207 1189 est3
225 1141 240 1171 ι)
257 1123 323 1186 ideo,
335 1129 361 1173 ut
374 1124 398 1173 in
417 1121 499 1186 majori
516 1117 662 1171 ueneratione
678 1115 808 1172 haberetur,
824 1112 869 1161 lio·

70 1195 142 1246 minus
158 1195 184 1245 in
199 1195 279 1246 ultimo
298 1195 398 1246 discessu
420 1206 462 1244 suo
475 1193 489 1243 a
500 1189 629 1254 discipulis,
647 1190 690 1238 doc
704 1187 870 1236 sacramentum

70 1265 174 1317 instituit.
189 1269 219 1317 Et
227 1268 272 1318 hoc
280 1272 316 1318 cst
329 1267 390 1330 quod
400 1264 541 1329 Augustinus
549 1261 605 1312 dicit
617 1261 642 1310 in
652 1260 693 1310 lib.
707 1260 822 1321 Respons.
834 1252 869 1302 od

72 1338 224 1389 ianuarium
237 1355 246 1388 :
261 1339 391 1403 ossismos,
401 1337 448 1401 qud
461 1333 621 1387 vehementiae
631 1329 799 1382 commendaret
808 1339 871 1390 mps-

73 1409 121 1458 terii
140 1411 212 1473 hujus
233 1411 392 1470 altitudinem,
407 1409 510 1459 ultimum
526 1408 570 1457 hoc
585 1404 657 1455 voluit
677 1400 761 1452 arellius
777 1398 872 1461 infigere

74 1483 177 1535 cordibus
196 1487 220 1534 et
242 1483 357 1533 memorie
373 1477 580 1545 discipulorum,a
599 1476 681 1541 quihus
697 1474 724 1523 ad
742 1470 873 1536 passionem

75 1552 214 1616 digressurus
227 1559 285 1605 erat.
295 1570 309 1600 n

103 1625 136 1674 dd
153 1626 253 1690 primum
266 1639 320 1688 ergo
329 1625 458 1683 dicendum,
470 1622 530 1686 qurdd
542 1638 555 1668 u
565 1632 594 1670 ex
609 1617 696 1668 eisdem
708 1612 829 1674 nutrimur,
844 1623 872 1660 ex

76 1696 155 1758 quitus
176 1712 268 1759 sumus,
282 1714 296 1745 o
311 1710 356 1747 non
372 1701 451 1746 tamen
472 1695 552 1744 eodem
571 1689 639 1739 modo
660 1685 726 1735 nobis
746 1682 872 1732 aduenien-

76 1768 144 1820 tibus.
159 1772 216 1820 ltam
233 1785 261 1821 ea
279 1785 307 1821 ex
321 1769 402 1833 quihus
423 1779 515 1828 sumus,
531 1760 596 1814 nobis
611 1759 735 1810 adveniunt
750 1768 792 1819 per
806 1765 875 1817 geue-

77 1843 199 1906 rationem,
214 1845 294 1894 eadem
309 1847 394 1903 autem,
408 1841 433 1889 in
448 1841 558 1903 quantum
572 1847 600 1884 ex
617 1832 650 1882 eis
661 1830 791 1890 nutrimur,
808 1825 873 1878 nobis

78 1913 199 1964 adveniunt
221 1928 263 1978 per
282 1912 488 1963 manducationem.
505 1909 583 1971 Unde,
599 1904 659 1956 sicut
679 1915 719 1967 per
734 1899 873 1964 baptismum

78 2000 236 2050 regeneramur
257 1986 283 2036 in
300 1987 406 2045 Christo,
421 1985 453 2034 ita
473 1995 513 2048 per
533 1977 694 2031 eucharistiam
715 1973 876 2022 manducamus

80 2058 205 2110 cormeum,
676 2087 679 2098 .

109 2132 143 2180 Ad
158 2132 285 2182 secundum
298 2130 430 2191 dicendum,
439 2126 501 2191 quod
513 2120 650 2177 eucharistia
661 2122 697 2169 est
710 2118 878 2168 sacramentum

82 2203 202 2264 perlectum
224 2201 345 2254 dominica
373 2199 502 2266 passionis,
528 2202 636 2258 tanquam
656 2189 777 2242 continens
803 2186 879 2249 ipsum

82 2274 192 2324 Christum
207 2287 311 2339 passum.
328 2275 357 2324 Et
365 2273 416 2323 ideo
429 2283 474 2321 nou
482 2268 558 2334 potuit
570 2264 660 2315 institui
675 2265 728 2312 ante
743 2255 881 2309 incarnatio·

83 2357 145 2410 nem3
161 2347 200 2397 sed
216 2349 273 2395 tunc
283 2345 398 2395 habebant
409 2343 484 2392 locum
499 2341 640 2390 sacramenta
655 2334 782 2398 quoerant
793 2325 881 2379 mutim

83 2416 243 2481 prefiguratira
257 2416 375 2467 dominice
388 2412 517 2479 passionis,

113 2491 145 2539 dd
159 2490 255 2540 tertium
275 2488 412 2548 dicendum,
427 2485 488 2550 quod
501 2483 665 2534 sacramentum
680 2475 743 2528 istud
755 2472 800 2522 luit
816 2468 883 2520 insti·

85 2564 154 2611 tutum
166 2562 192 2612 iu
201 2572 283 2623 eoena,
293 2565 320 2608 ut
328 2559 353 2610 in
362 2560 462 2608 luturum
475 2558 537 2606 esset
549 2550 679 2603 memoriale
693 2543 817 2598 [lominica
829 2553 883 2606 pas-

86 2635 169 2696 sionis,
191 2634 219 2684 ed
231 2631 342 2697 perlecta.
364 2633 427 2682 Unde
445 2631 562 2693 signanter
578 2625 632 2676 dicit
653 2638 659 2673 :
683 2621 763 2670 ullaec
779 2614 884 2681 quoties-

86 2718 178 2770 cumque
191 2703 303 2766 feceritis,
313 2720 328 2751 n
342 2704 372 2753 de
382 2702 457 2752 luturo
471 2701 576 2763 loquens.
851 2755 855 2765 Ι

116 2779 148 2828 dd
169 2780 277 2842 quartum
300 2775 437 2835 dicendum,
451 2771 512 2837 qudd
532 2768 645 2820 institutio
667 2763 788 2829 respondet
809 2756 884 2808 ordini

87 2846 228 2902 intentionis.
241 2848 413 2898 Sacramentum
422 2850 498 2898 eutem
512 2841 665 2904 eucharistie,
674 2833 779 2902 quamuis
793 2830 884 2909 alipes-

88 2920 280 2985 teriusbaptismo
290 2917 316 2968 in
325 2917 485 2982 perceptione,
500 2917 620 2966 esttamen
630 2911 695 2976 prius
708 2903 884 2960 inintentuone3
