1942 3284
329 219 359 255 us
372 218 562 256 sarrsrrerrous,
767 207 770 211 ’
799 214 844 257 665

47 293 182 357 constituit,
199 291 289 358 proprie
302 291 358 343 dicit
372 294 415 343 hoc
430 293 490 357 quod
508 298 544 343 cst
557 294 673 356 reddcrc;
688 296 728 346 sed
737 297 841 358 satisfu-

47 380 113 422 cerc,
124 364 244 414 manifeste
253 363 403 427 equalitatem
410 362 434 413 in
442 363 568 415 actionibus
576 365 729 428 demonstrat,
737 367 842 430 quamuis

47 434 187 499 quandoque
199 448 269 485 unum
287 446 328 497 pro
346 434 415 485 altero
428 439 533 497 ponatur.
547 436 577 485 fit
588 435 642 499 quia
654 435 781 500 adaquatio
795 448 842 487 non

48 510 86 557 est
98 502 146 555 nisi
159 503 320 569 inaequalium,
332 503 386 555 ideo
398 504 522 556 satisfactio
536 505 713 569 maeouaiitatcm
726 506 842 558 actionum

47 576 209 641 praesnppouit
215 612 225 639 ,
239 588 290 639 que
303 575 393 639 quidem
405 576 515 626 offensam
529 577 659 640 eonstituit3
674 581 698 627 ct
709 577 762 628 idco
772 578 843 629 trahet

46 646 181 712 respectum
195 647 223 698 ad
238 646 349 698 offensam
360 647 525 710 precedentem
536 664 544 710 3
556 648 619 697 nulia
630 653 707 699 antem
726 662 779 712 pars
789 648 842 713 jus-

46 718 109 770 titia
120 718 213 782 respicit
224 716 334 769 offensam
348 718 524 781 praecedentem,
537 718 582 769 nisi
592 719 682 781 justitia
694 720 841 780 vindicativa

45 804 102 854 quse
113 789 265 853 aequalitatem
280 788 434 839 constituitis
449 802 477 840 eo
490 789 530 853 qui
541 790 629 853 justum
648 790 740 854 patitur,
751 791 843 852 indific-

45 866 137 920 rentcr,
152 860 200 911 sive
218 860 249 911 sit
264 858 354 924 patiens
365 859 426 909 idom
443 861 503 923 quod
515 873 600 923 agcns,
617 863 643 910 ut
655 862 744 922 quando
761 862 843 928 aliquis

46 930 96 983 sihi
116 930 162 995 ipsi
176 943 266 995 pcenam
283 930 366 992 infcrt;
381 930 432 979 sive
450 930 544 980 nonsit
561 930 622 979 idem
645 931 705 993 quod
721 942 843 995 agens,ut

44 1002 142 1067 quando
153 1002 223 1065 judex
233 1000 302 1051 alium
312 1000 387 1065 punit,
397 1000 425 1051 ad
434 1005 555 1063 utrumque
565 999 703 1050 uindicatira
712 1002 802 1065 justitia
816 1018 841 1055 sc

45 1074 159 1123 habente.
178 1070 288 1121 Similiter
296 1066 324 1121 ‘ct
334 1068 467 1133 poenitentia
476 1107 484 1133 ,
494 1083 545 1133 porc
556 1070 709 1133 equalitatem
719 1071 807 1122 tautirm
817 1073 843 1123 in

46 1143 150 1195 faciente
171 1142 291 1206 importat,
308 1142 360 1205 quia
371 1141 470 1205 ipsemet
486 1140 600 1204 poeniteos
618 1154 709 1204 pinnam
728 1145 802 1205 tenct;
816 1149 843 1193 ut

47 1215 85 1266 sic
98 1212 264 1279 quodammodo
276 1212 410 1276 poenitentia
423 1210 566 1262 vindicativae
581 1212 676 1276 justitia
691 1212 780 1276 speeies
788 1214 818 1265 sit
833 1230 839 1264 :

47 1290 75 1338 et
86 1299 131 1351 per
142 1286 186 1336 hoe
197 1286 283 1334 constat
294 1280 355 1346 quod
366 1282 500 1342 satisfactio,
513 1296 563 1345 qua
573 1283 725 1347 equalitatem
737 1288 843 1348 respectu

48 1358 146 1410 offensa
160 1352 308 1421 praecientia
324 1352 350 1404 in
366 1352 464 1405 faciente
477 1354 596 1417 importat,
613 1368 671 1419 opus
683 1354 780 1418 justitia
792 1360 843 1420 cst,

47 1424 162 1493 quantirm
175 1425 203 1474 ad
219 1424 280 1473 iliam
293 1426 379 1486 partem
392 1436 443 1487 qua
454 1423 589 1487 peonitentia
605 1423 694 1474 dicitur.

83 1498 119 1550 dd
131 1496 228 1562 primum
241 1506 294 1557 ergo
316 1492 449 1555 dicandum,
466 1493 529 1557 qood
546 1493 670 1544 satisfactio
683 1495 726 1559 (ut
737 1508 765 1546 cx
777 1494 844 1547 dietis

49 1569 142 1637 patet),
157 1573 194 1619 est
205 1567 307 1631 quedam
319 1564 410 1623 iniuriae
427 1565 497 1616 iliata
508 1566 694 1627 recompensatio.
709 1567 774 1616 Unde
786 1566 844 1617 sicut

49 1640 137 1706 injuria
151 1638 214 1688 illata
231 1633 360 1687 immediate
368 1634 397 1685 ad
406 1634 583 1698 inequalitatem
590 1634 683 1698 justitia
693 1636 842 1698 pertingebat,

50 1716 76 1763 ct
92 1724 135 1776 per
152 1720 293 1771 consequeus
310 1706 339 1756 ad
350 1704 525 1769 inequalitatem
537 1705 643 1755 amicitia
656 1704 795 1768 oppositcm3
812 1707 844 1755 ita

51 1780 179 1831 satisfactio
197 1775 281 1829 directe
302 1776 329 1825 ad
351 1773 501 1838 aequalitatem
520 1773 616 1837 justitia
634 1774 754 1838 perducit,
773 1779 797 1823 ct
815 1776 844 1825 ad

51 1850 204 1915 oquadtaocn
221 1845 339 1907 amicitia,
353 1856 382 1894 cr
395 1844 553 1907 consequenti.
569 1845 599 1894 Et
614 1856 668 1907 qum
682 1848 745 1893 actus
762 1843 845 1907 aliquis

50 1919 154 1973 elicitiue
172 1920 201 1971 ab
214 1918 253 1969 iiio
270 1916 348 1967 habitu
369 1914 485 1979 procedit,
501 1916 530 1965 ad
547 1916 613 1978 eujus
630 1914 697 1964 duem
715 1912 844 1964 immediate

50 1994 185 2052 ordinatur,
199 1985 333 2053 imperative
349 1990 425 2037 autem
442 1986 471 2037 ab
486 1986 539 2046 iilo,
553 1988 581 2037 ad
599 1986 667 2049 euius
684 1986 751 2035 finem
765 1985 844 2036 ultimo

49 2062 126 2115 tendit
139 2076 146 2112 ε
161 2061 212 2111 idco
228 2057 350 2109 satisfactio
363 2054 464 2107 ciieitiud
476 2061 512 2107 est
527 2056 650 2120 djnstitia,
659 2056 698 2106 sed
711 2054 844 2119 imperatiue

51 2134 66 2187 t
79 2131 200 2184 charitate.
301 2131 303 2137 ’

82 2205 117 2257 nd
132 2202 256 2254 secundum
274 2199 409 2258 dicendum,
419 2196 481 2261 qudd
497 2197 600 2262 quamuis
614 2198 704 2261 justitia
717 2195 844 2271 sitprinci·

52 2276 137 2342 paliter
149 2274 208 2324 eirea
226 2270 382 2335 operationes,
396 2271 475 2318 tamen
488 2268 571 2328 etiam,
585 2282 614 2317 cx
631 2268 794 2330 consequenti,
808 2270 845 2317 est

51 2349 111 2399 circa
123 2342 254 2409 passiones,
272 2342 296 2391 in
310 2337 418 2404 quantum
433 2341 487 2387 sunt
498 2336 656 2402 operationum
674 2351 757 2389 eausa.
771 2339 844 2397 Quare

53 2420 113 2469 sicut
120 2413 212 2481 justitia
223 2410 314 2463 eoirihct
326 2409 396 2465 iram,
409 2420 438 2457 ue
449 2406 515 2457 atteri
524 2407 641 2458 lesionem
653 2406 738 2471 injuste
750 2408 842 2469 infcrat3

52 2495 76 2541 ct
85 2482 311 2548 concupiscentiam,
329 2492 360 2529 uc
371 2479 399 2527 ad
409 2476 509 2527 alienum
523 2481 596 2527 torum
610 2478 715 2541 accedat,
727 2477 761 2527 sic
774 2478 844 2527 etiam

52 2554 182 2609 satisfactio
192 2554 268 2617 potest
283 2552 426 2615 peecatorum
437 2560 518 2597 causas
533 2548 646 2598 excidere.

83 2624 221 2680 attention
239 2621 372 2682 dicendum,
386 2618 446 2683 quod
460 2616 567 2681 quaelibet
581 2619 654 2668 uirtus
667 2617 758 2669 moralis
773 2618 845 2681 parti·

51 2702 114 2765 cipat
132 2700 207 2746 aetum
222 2690 365 2757 prudentis,
378 2690 407 2741 ed
426 2687 486 2752 qudd
501 2687 624 2739 formaliter
643 2689 695 2751 ipsa
711 2690 809 2751 complet
822 2687 846 2738 in

50 2772 87 2823 cis
103 2766 215 2819 rationem
228 2760 396 2821 virtutis3ei1m
410 2757 533 2810 sccundirm
545 2771 596 2809 cam
608 2759 707 2808 medium
721 2759 846 2821 accipiatur

51 2844 76 2894 in
94 2836 190 2901 singuiis
213 2832 334 2883 mutium
351 2830 487 2891 moralibus,
506 2832 532 2878 ut
545 2831 610 2893 patet
630 2842 672 2893 per
691 2827 847 2879 definitionem

52 2908 145 2961 uirtutis
157 2903 252 2970 positam
266 2901 289 2951 in
303 2902 341 2951 iii.
361 2900 477 2953 dedecor.
