1942 3284
107 251 145 288 ns
159 249 294 295 ononimus
307 249 489 288 snscrersnrrurr
501 249 550 287 noc
567 214 753 286 sacramenia.
788 239 833 285 8⁸5

16 343 98 393 nem,
118 325 183 379 omni
195 325 300 390 poscenti
312 337 353 377 vos
367 327 479 378 rationem
494 327 522 377 de
539 339 580 388 ea,
600 339 651 389 qua
664 325 688 374 in
705 323 770 374 uobis
789 330 830 386 est,

16 401 68 452 fide
88 403 117 450 et
133 411 183 463 spe.
198 413 212 445 u
227 397 272 448 Sed
286 397 380 448 reddare
392 399 420 449 de
434 398 471 448 his
485 397 596 449 rationem
611 409 663 468 mua
676 398 730 446 sunt
741 395 793 446 ddei
807 397 831 446 et

20 472 94 536 spei,
115 473 154 520 est
166 469 256 520 illorum
273 468 312 533 qni
328 469 450 534 perfectam
472 469 589 520 scientiam
606 475 721 519 sacramm
732 465 835 532 Scriptu-

18 556 108 594 rarum
135 540 227 591 habeut.
245 542 303 604 Ergo
319 541 387 592 talem
406 540 527 592 scientiam
546 542 630 592 debent
642 539 726 590 habere
742 537 776 588 illi
795 537 835 604 qni

18 616 152 679 ponuntur
165 611 190 661 in
205 610 334 673 ordinibus,
343 612 427 676 quibus
436 612 506 663 verba
519 611 626 676 praedicta
639 610 753 661 dia-untur.

56 691 85 735 3.
100 685 230 745 Praetsrea,
244 683 320 734 nullus
333 683 434 748 congrue
447 684 503 748 legit
519 683 578 747 qnod
593 695 639 733 non
648 680 764 744 intelligit,
782 681 836 745 quia

22 775 37 806 u
52 757 141 820 legere
155 758 180 806 et
194 767 241 805 non
252 754 378 818 intelligere
391 757 507 820 negligere
520 759 565 814 est,
579 770 593 800 »
605 757 633 804 ut
646 753 701 804 dicit
713 752 777 803 Cato.
789 753 836 803 sed

22 830 54 880 ad
66 829 194 878 Lectorem
211 826 263 890 (qui
278 830 314 876 est
327 827 393 890 qnasi
404 827 496 877 infimus
510 825 584 888 ordo)
597 824 696 888 pertinet
709 824 835 875 vetustes-

23 901 165 951 tamentum
177 896 268 962 legere,
282 902 308 948 ut
322 898 347 948 in
357 899 433 949 littera
445 897 480 962 (t)
496 896 587 948 dicitur.
603 897 662 960 Ergo
676 898 769 947 adeum
783 907 836 959 per-

23 969 88 1020 tinet
105 969 193 1018 habere
209 968 279 1020 totius
295 970 379 1020 ueteris
398 969 541 1020 Testamenti
560 967 715 1029 intellectum,
726 970 749 1017 et
766 965 837 1016 mnitd

25 1040 117 1092 fortius
132 1040 159 1090 ad
174 1039 230 1090 alios
247 1039 375 1105 superiores
388 1041 491 1092 ordines.

60 1113 112 1163 Sed
129 1115 207 1162 contra
228 1116 264 1163 est
279 1111 340 1176 qudd
357 1111 424 1162 multi
439 1113 603 1175 promoventur
618 1109 647 1158 ad
665 1109 835 1169 sacerdotium,

27 1183 71 1248 qui
79 1182 180 1248 penitus
189 1184 216 1236 de
226 1184 373 1234 tatibusnihit
385 1183 469 1246 sciunt,
481 1184 550 1233 etiam
558 1183 583 1231 in
592 1180 740 1245 religionibus
751 1179 838 1229 multis.

26 1255 93 1319 Ergo
102 1254 197 1304 videtur
213 1255 272 1318 pndd
283 1255 338 1306 taiis
349 1253 446 1305 scientia
460 1267 506 1304 non
520 1252 658 1316 requiratur.

61 1329 196 1389 Praeterea,
210 1327 235 1376 in
254 1326 312 1377 Vitis
332 1328 423 1376 Patmm
442 1325 535 1388 iegitur,
555 1324 642 1387 aliquos
658 1321 774 1385 simplices
791 1322 838 1372 iio-

29 1401 125 1450 naehos
139 1398 167 1448 ad
181 1397 332 1449 sacerdotium
344 1399 468 1463 promotos,
481 1396 521 1460 qui
535 1399 600 1446 erant
611 1392 760 1444 sanctissime
774 1392 838 1444 uite,

29 1471 96 1534 Ergo
116 1481 165 1520 non
183 1469 303 1534 requiritur
311 1469 419 1534 praedicta
428 1469 525 1519 scientia
538 1468 564 1516 in
577 1464 716 1517 ordinandis.

67 1541 230 1605 (Concnusro.
243 1567 274 1578 -
291 1540 387 1592 Nonnisi
409 1553 460 1590 earn
484 1538 619 1599 scientiam,
639 1535 737 1599 alicujus
754 1534 844 1585 ordinis

33 1611 156 1676 susceptio
180 1612 291 1676 requirit,
310 1627 360 1677 quae
376 1612 405 1662 ad
423 1609 581 1660 moderandam
606 1607 658 1671 ejus
680 1605 839 1656 executionem

32 1681 109 1734 tuerit
126 1683 284 1746 necessaria.)

66 1755 207 1819 Respondeo
219 1755 348 1815 dicendum,
363 1752 424 1818 quod
436 1750 461 1801 in
471 1750 573 1814 quolibet
584 1754 638 1799 actu
650 1747 760 1809 hominis,
771 1747 793 1797 si
802 1748 841 1797 de

35 1826 92 1876 beat
106 1826 293 1888 esseordinatus‚
308 1827 398 1890 oportet
411 1822 471 1886 quod
483 1821 541 1872 adsit
555 1819 651 1871 directio
660 1818 764 1869 rationis.
777 1817 842 1867 Unde

36 1898 66 1948 ad
85 1899 134 1950 hoe
145 1897 205 1962 pudd
217 1899 286 1950 homo
297 1895 382 1949 ordinis
398 1895 499 1947 officinm
517 1896 658 1957 exequatur3
673 1893 763 1955 oportet
781 1887 842 1952 pndd

36 1969 126 2020 habeat
139 1969 227 2020 tantdnr
239 1971 267 2020 de
281 1967 386 2031 scientia,
399 1965 460 2030 qudd
472 1965 571 2016 sufficiat
580 1965 608 2014 ad
618 1965 675 2026 hoc,
686 1959 746 2026 qndd
761 1958 844 2021 diriga-

39 2043 79 2090 tur
96 2041 123 2091 in
138 2045 190 2092 actu
211 2039 297 2092 ordinis
310 2039 378 2090 illins.
398 2037 426 2088 Et
440 2037 492 2088 ideo
507 2036 560 2089 talis
572 2033 669 2086 scientia
683 2031 805 2096 requiritur
818 2030 843 2079 in

39 2125 69 2164 eo
82 2115 125 2178 qni
138 2113 205 2164 debet
217 2113 245 2163 ad
263 2111 353 2163 ordines
371 2111 516 2176 promoveri,
535 2114 559 2159 et
578 2121 624 2159 non
642 2110 668 2156 ut
683 2102 843 2155 uniuersaliter

40 2183 131 2236 intuta
152 2197 214 2234 sacra
236 2184 352 2248 Scriptura
375 2181 406 2232 sit
419 2181 558 2243 instructus3
574 2179 613 2229 sed
633 2177 684 2241 pius
701 2175 738 2226 vet
756 2173 845 2236 nrinds,

40 2256 168 2307 secundum
182 2255 243 2319 quod
256 2256 284 2305 ud
297 2256 361 2319 ptura
373 2255 410 2304 uei
428 2253 536 2317 pauciora
547 2263 572 2300 sc
585 2249 637 2314 ejus
650 2248 749 2299 officium
763 2249 845 2297 exten·

42 2326 92 2392 dit,
108 2327 231 2378 scilicetnt
244 2326 290 2388 illi,
309 2325 350 2388 qui
369 2325 420 2376 aliis
433 2325 612 2387 praeponuntur,
627 2333 704 2370 curam
719 2319 845 2368 animarum

42 2399 203 2462 suscipientes,
214 2398 288 2448 sciant
303 2397 338 2461 (2)
358 2409 385 2446 ea
399 2409 449 2460 qnae
463 2395 492 2444 ad
510 2393 635 2444 doctrinam
650 2391 703 2441 fidei
717 2394 741 2440 et
755 2399 843 2439 morum

43 2471 175 2532 pertiuent;
190 2474 214 2521 et
229 2469 268 2519 alii
285 2469 359 2518 sciant
372 2481 399 2518 oa
420 2479 470 2530 quar
485 2465 514 2514 ad
531 2463 688 2514 executionem
703 2461 738 2512 sui
759 2457 845 2510 ordinis

45 2545 163 2604 spectant.

80 2713 113 2776 (1)
133 2715 184 2762 Siue
197 2713 302 2762 Sentent.
317 2715 393 2770 textu,
406 2709 460 2754 dist.
475 2706 539 2765 priris
552 2701 667 2762 indicata,
681 2702 721 2747 nbi
735 2700 845 2746 nimirum

48 2778 85 2822 vel
101 2775 116 2837 ᾖ
131 2776 162 2834 d,
177 2777 245 2834 paulo
260 2777 327 2822 aliter
340 2776 363 2820 id
383 2774 419 2819 iit.
434 2775 466 2828 Ι),
483 2769 631 2826 exprimitnr;
650 2764 712 2822 quod
727 2762 758 2808 od
772 2762 851 2807 tecto-

49 2850 103 2884 rem
119 2840 223 2898 pertinet
236 2858 243 2883 .·
258 2839 372 2884 lectiones
384 2834 564 2894 pronuntiare,
580 2835 601 2876 et
615 2841 643 2874 eo
660 2840 712 2885 pum
724 2824 849 2884 propheto

50 2903 249 2948 oote'oe'arooeroot
262 2901 314 2962 (pro
328 2897 459 2946 vaticinati
480 2891 546 2952 runt)
559 2891 661 2952 populis
672 2889 820 2948 predicare.

88 2971 119 3035 (ἱ)
134 2973 162 3018 Si
179 2973 209 3016 in
225 2971 275 3030 lepe
289 2971 390 3017 Domini
410 2970 565 3015 emercetur,
578 2966 601 3010 ei
615 2965 644 3008 io
663 2961 854 3020 Scripturorom
