1942 3284
140 213 171 248 ur
188 211 384 261 circumcisione,
401 211 457 254 oum
472 209 607 248 rmmcmsrr
624 209 768 246 ιιιιιιιιιιιι.
806 197 853 243 tos

89 293 112 336 ι.
125 289 247 348 menna,
260 288 285 337 iu
298 286 472 338 circumcisione
488 288 559 337 bomo
571 285 720 349 proiitebutur
730 285 854 336 observen-

59 361 110 410 ticm
126 360 212 411 veteris
225 361 299 424 legis,
313 359 372 409 siout
385 360 410 408 iu
428 358 541 422 baptismo
552 357 670 421 protitetnr
688 357 854 408 οιιιιιιιιιιιιι

58 445 119 484 nove
135 431 206 496 iegis;
220 434 281 483 unde
294 432 414 495 Apostolus
427 430 481 480 dicit
489 468 497 493 ,
506 431 604 486 Galat„
619 432 699 494 Viti:
714 429 856 481 «Testiiicor

59 503 114 552 omni
124 505 214 554 homiui
229 503 403 554 circumcidenti
422 515 457 562 se,
469 502 578 566 quonium
595 503 684 553 debitor
695 507 730 553 ost
741 501 855 552 universe

59 573 109 636 tegis
123 575 244 626 icoiendae.
259 593 274 622 n
287 575 332 625 sed
349 573 428 638 tegetis
439 575 583 624 obseruantia
593 587 640 624 uon
653 577 689 624 est
701 573 785 624 trudito
794 575 854 622 tem·

60 659 108 708 pore
120 647 230 709 timim,
245 647 286 696 sed
303 646 374 710 magis
386 650 488 709 tempore
502 646 583 710 biovsi.
599 647 658 708 Ergo
667 645 856 695 inconvenienter

62 719 156 769 instituta
170 725 207 770 est
220 718 361 769 circumcisio
374 722 477 781 tempore
491 719 598 768 dbrnbae.

90 793 108 837 ι.
123 791 239 841 Pretmee
249 791 403 851 ‚circumcisio
412 790 457 840 icit
471 790 590 854 figurativo
602 793 627 840 et
639 788 789 854 precamine
798 786 855 851 bep·
953 852 954 857 ἵ

62 860 123 910 tismi.
141 861 190 912 Sed
208 862 335 926 baptismus
348 862 468 912 exhibetur
482 861 589 910 omuibus
605 860 712 924 popotis,
729 857 853 910 secuuddm

58 931 109 981 iilud
117 935 223 990 dicitu„
234 935 276 983 nit.
288 949 295 984 r
312 935 421 983 «Eunus
429 933 509 984 docete
521 945 602 982 omnes
610 935 699 995 gentes,
710 931 856 994 bsptimutce

58 1017 125 1055 cos.»
140 1007 203 1069 Ergo
216 1005 359 1056 circumcisio
369 1018 415 1056 uon
426 1004 506 1055 debuit
517 1003 607 1054 institui
620 1001 793 1052 ntobservuudn
801 1004 857 1050 tuu-

58 1075 102 1125 tim
117 1078 147 1127 cb
160 1091 208 1128 uno
224 1076 309 1141 populo
324 1075 460 1139 iudceomm,
474 1075 515 1126 sod
528 1075 671 1126 sbomuibus
678 1073 780 1138 popntis.

86 1151 109 1196 ι.
123 1149 254 1209 Praeterea,
269 1147 366 1197 cernetis
384 1146 528 1196 circumcisio
546 1147 616 1196 debet
633 1145 773 1210 respondere
788 1143 855 1209 spiri·

58 1219 123 1276 turb,
146 1221 208 1270 sicut
224 1219 297 1282 iignm
314 1219 419 1281 figurato.
432 1218 477 1268 Sed
498 1217 621 1282 spirituutis
634 1217 791 1278 circumcisio,
805 1227 856 1278 oue

58 1289 80 1338 bt
99 1305 140 1355 per
156 1291 290 1351 Christum,
305 1289 460 1340 indifferenter
479 1289 587 1339 convenit
601 1289 691 1350 utrique
708 1287 788 1348 omui,
802 1285 856 1349 quie

60 1362 102 1412 rin
115 1363 209 1414 cbristo
222 1363 276 1412 doen
288 1374 335 1412 non
348 1363 384 1411 est
392 1361 506 1412 mumulus
518 1373 593 1425 neque
606 1360 701 1422 iconius,
711 1375 726 1406 n
739 1363 766 1407 ut
775 1357 858 1409 dicitur
953 1406 954 1411 ,

60 1433 153 1490 Geloi„
177 1435 218 1483 iit.
233 1435 293 1497 Ergo
312 1432 502 1484 inconvenienter
520 1437 558 1484 est
573 1432 717 1484 circumcisio
738 1429 855 1488 instituis,

60 1519 105 1568 qne
118 1506 232 1570 competit
245 1505 302 1556 sotis
316 1505 423 1557 maribus.

87 1579 130 1628 Sed
142 1583 223 1629 contra
236 1580 285 1641 est,
301 1577 362 1641 quod
378 1578 437 1627 sicut
450 1577 534 1641 iegitur
550 1578 649 1636 Germe,
661 1575 737 1637 iiiiii,
757 1574 855 1625 circnm-

60 1648 111 1702 cisio
129 1654 166 1700 est
183 1649 315 1700 instituted
332 1647 392 1711 beo,
407 1649 473 1712 cnjns
484 1648 587 1712 perteoto
598 1650 652 1698 sunt
664 1658 742 1710 opera.

89 1719 350 1781 (consensio-(idm
360 1721 471 1770 bbmhsnr
480 1720 568 1783 primus
582 1718 667 1768 Christi
679 1716 790 1768 nascituri
806 1729 860 1779 prof

62 1792 190 1843 missionem
205 1791 348 1856 susceperit,
369 1795 393 1842 et
405 1792 494 1854 primus
512 1804 538 1840 se
557 1791 585 1840 ub
604 1789 730 1840 iutideiium
747 1788 858 1838 contente

61 1863 224 1928 segregaverit,
238 1863 284 1912 init
297 1863 320 1912 iu
334 1864 385 1928 ipso
398 1861 560 1913 convenienter
573 1859 715 1910 circumcisio
726 1859 854 1919 instituta.)

88 1937 225 1999 despondeo
238 1935 372 1999 dicendum,
385 1935 446 1999 qudd
464 1935 525 1984 sicut
535 1935 621 1984 dictum
640 1931 799 1996 ostiarii),
813 1930 856 1980 cir-

62 2007 168 2057 cumcisio
187 2010 236 2057 emt
253 2008 402 2070 preparetive
420 2005 448 2056 ed
464 2006 619 2069 baptismum,
636 2004 662 2053 iu
677 2007 788 2068 quantum
809 2004 860 2052 erut

61 2079 162 2139 nondam
176 2078 290 2142 professio
304 2076 357 2129 iidei
372 2077 467 2137 cincti,
478 2089 548 2141 quom
560 2077 631 2126 etium
646 2087 689 2126 nos
706 2075 730 2124 in
745 2073 859 2139 baptismo

62 2151 199 2210 proiitenmr.
213 2152 276 2201 inter
285 2150 389 2213 iniquos
400 2155 474 2200 numm
488 2152 565 2214 putres
577 2149 667 2211 primus
684 2148 797 2197 Abrabam
806 2157 860 2208 pro-

64 2222 191 2273 missionem
209 2222 299 2285 eocepit
312 2220 340 2271 de
356 2222 447 2272 cbristo
461 2221 591 2282 nescituro,
608 2219 662 2270 cim
674 2219 759 2269 dicrum
777 2216 859 2276 ectri,

65 2293 158 2354 Grues„
168 2294 231 2343 iiiiii
251 2294 323 2342 :sin
338 2293 424 2343 semino
442 2296 483 2342 tuo
499 2291 663 2342 benedicentur
682 2301 763 2341 omnes
780 2291 860 2351 gentes

64 2368 134 2416 terrm
146 2381 159 2412 r
171 2366 225 2429 ipse
236 2363 303 2414 etium
314 2363 401 2428 primns
411 2373 436 2413 so
446 2363 459 2412 ι
470 2359 578 2414 societate
585 2361 710 2412 intidoiinm
722 2358 860 2423 mgmguvtt,

96 2502 129 2566 (i)
147 2506 185 2552 Ab
196 2503 369 2550 inconvenienti
385 2509 548 2561 argumentans
561 2501 671 2547 adversim
686 2511 728 2546 cos
745 2500 786 2558 qui
801 2512 861 2558 prur-

67 2569 161 2622 posterts
173 2568 305 2624 reliquorum
319 2565 474 2612 etisiiecibus
487 2566 591 2611 consiliis
604 2564 724 2620 pcrsuesi
735 2562 863 2608 odbuccir·

68 2631 161 2675 cumcidi
173 2631 298 2683 volebant,
318 2628 385 2684 qussi
400 2629 533 2674 necessario
544 2633 606 2672 essct
620 2626 755 2671 adsalutem
767 2621 863 2670 circnm-

69 2692 128 2739 cisio.
143 2695 314 2750 Argumentum
324 2704 378 2748 ergo
393 2697 428 2736 est
441 2703 488 2746 qno
498 2689 547 2734 vuit
559 2689 623 2734 costi
637 2687 809 2733 circumcisione
823 2687 863 2730 dc·

70 2759 148 2800 terrere
158 2755 233 2814 ‚quie
249 2755 268 2799 si
284 2753 402 2798 observari
417 2753 491 2798 adhuc
507 2751 651 2798 circumcisio
664 2750 747 2807 debet,
760 2749 865 2793 simiiiter

70 2819 150 2862 scrvcri
158 2789 235 2863 iiebct
248 2818 285 2861 ιιι
300 2815 389 2872 Moysi
401 2815 509 2871 adquam
523 2813 666 2858 circumcisio
678 2825 706 2856 cx
720 2811 863 2856 institutione

71 2881 265 2984 winingahem
282 2884 304 2922 et
325 2879 357 2922 sic
378 2889 521 2936 supervacue
543 2877 579 2921 vei
601 2876 729 2921 trustruueo
749 2879 863 2916 rutmors

117 2943 154 2988 eti.
