1942 3284
319 186 349 223 DE
362 185 553 225 sadrsrtcrrortrt.
783 193 827 239 667

70 262 209 327 Respondeo
228 259 365 321 dicendum,
384 260 443 323 quid
459 260 550 324 iustitia
568 273 613 311 uon
633 261 722 311 adhoc
744 262 831 314 tautdm

40 334 124 395 tendit,
133 334 162 383 ut
169 330 345 395 inequalitatem
353 332 517 394 precedentem
526 330 613 381 auferat
620 330 735 394 puniendo
743 334 832 396 culpam

41 402 194 468 preteritum
208 402 247 452 sed
261 400 328 451 ctiam
350 404 376 450 ut
393 398 418 450 in
431 402 530 451 futurum
547 401 696 465 equalitatem
709 402 831 466 custodiat,

41 474 93 536 quia
110 471 237 525 secuudum
254 470 415 534 Philosophum
435 472 460 521 irr
482 472 512 521 tr.
533 471 705 522 fdttttcorum:
721 490 735 519 u
755 473 831 523 Poeuae

41 543 161 595 medicinae
173 548 240 603 suut3
255 557 269 589 u
283 542 343 591 unde
360 545 384 591 et
398 540 521 592 satisfactio
537 556 588 605 que
605 546 642 593 est
658 542 752 607 justitie
766 549 832 595 actus

40 626 130 678 poeuam
144 611 276 673 inferentis,
291 615 326 661 est
338 611 449 662 medicina
465 624 546 663 curans
560 617 653 676 peccata
668 614 794 676 praeterita,
808 618 832 664 ct

39 697 182 748 praeservans
195 682 209 733 i
221 684 304 733 futuris
314 697 321 731 ι
330 686 353 733 et
365 682 417 733 ideo
429 683 519 745 quando
530 684 598 733 homo
611 684 698 733 homini
710 684 829 747 satisfacit,
862 680 873 701 ⁸

38 759 62 805 et
83 754 199 821 praeterita
216 756 385 818 recompensat,
404 758 428 803 et
441 752 454 803 i
469 753 552 803 futuris
569 757 641 804 caret.
658 754 687 803 itt
707 754 831 805 secundini

38 826 82 877 noc
99 826 220 891 dupliciter
232 829 309 889 potest
324 823 448 875 satisfactio
462 822 551 874 definiri
566 838 632 875 :nno
649 826 715 876 modo
727 830 830 889 respectu

39 897 111 961 culpa
126 895 263 961 preteritae,
274 906 342 959 quam
355 896 547 957 recompensando
560 898 639 957 curat;
655 898 681 945 et
698 896 733 947 sio
748 895 831 947 dicitur

38 967 98 1029 quod
109 982 124 1016 u
136 966 263 1018 satisfactio
276 968 312 1016 est
324 965 392 1016 illata
406 963 497 1029 iniuriae
509 964 690 1028 recompensatio
705 965 829 1018 sccundim

37 1035 132 1097 iustitiae
142 1036 303 1102 equalitatem.
314 1036 366 1085 ulit
380 1035 405 1085 in
417 1034 477 1085 idem
488 1035 546 1086 redit
559 1034 662 1086 definitio
674 1036 775 1087 anselmi
790 1038 830 1101 qui

39 1107 161 1173 dicitquod
170 1107 320 1159 «satisfacere
331 1110 367 1159 est
375 1108 483 1157 honorem
497 1106 598 1156 debitum
611 1107 657 1156 ileo
665 1106 829 1170 impendere»

38 1182 64 1228 ut
80 1178 238 1231 consideretur
248 1178 348 1230 detritum
361 1176 447 1229 ratione
459 1178 532 1241 culpe
544 1177 680 1229 commissa.
695 1176 745 1227 illio
762 1178 831 1230 modo
897 1178 903 1189 ‘

39 1252 114 1313 potest
125 1250 230 1311 definiri,
242 1247 366 1301 secundim
383 1248 443 1313 qudi
460 1250 585 1313 praeservat
597 1246 611 1297 d
623 1247 690 1311 culpa
703 1247 789 1309 futum;
805 1254 829 1301 ct

40 1321 72 1371 sic
88 1320 169 1373 definit
188 1332 238 1371 earn
250 1320 289 1371 tric
305 1322 451 1383 Augustinus.
464 1318 612 1370 Praeservatio
627 1322 704 1369 auteur
720 1318 734 1369 d
751 1320 829 1371 morito
891 1316 897 1325 '

39 1392 149 1456 corporati
157 1391 185 1443 tit
195 1402 237 1457 pcr
248 1390 383 1441 antedonem
392 1402 519 1451 causamn,
527 1389 610 1453 quitus
619 1390 710 1440 morbus
720 1392 828 1453 consequi

40 1465 127 1527 potest;
135 1460 238 1515 eiseniur
248 1459 329 1513 ablatis
339 1464 469 1524 nonpotest
478 1460 570 1511 mortus
578 1459 651 1523 sequi.
660 1460 706 1511 sed
716 1459 741 1510 in
751 1462 828 1511 morio

41 1532 152 1595 spirituali
167 1545 213 1585 non
232 1537 268 1585 est
280 1530 323 1593 ita,
338 1530 392 1595 qnia
406 1531 503 1584 libemm
522 1530 639 1581 arbitrium
650 1543 695 1582 non
713 1532 800 1594 cogitur
820 1548 828 1583 a

40 1605 99 1655 uude
117 1602 195 1657 causis
210 1602 389 1669 precedentibus
401 1604 476 1666 potest
493 1601 577 1665 vium,
593 1601 698 1664 quamuis
709 1600 830 1653 difficulter

42 1674 115 1725 causis
129 1672 212 1729 amotis
226 1677 302 1738 potest
316 1670 402 1722 incurri
414 1686 420 1720 :
433 1675 456 1721 ct
472 1670 524 1721 idco
536 1671 561 1719 in
575 1669 735 1721 satisfactionis
748 1672 830 1722 defini-

41 1744 101 1797 tione
118 1746 164 1797 duo
182 1744 259 1809 pouit,
273 1742 362 1795 scilicet
381 1741 520 1794 excisionem
537 1752 654 1791 causarum
673 1738 782 1804 quantim
800 1744 828 1794 ad
905 1792 908 1797 ,
949 1735 951 1776 t

40 1814 192 1879 primumn
208 1814 351 1867 renitentium
372 1812 436 1866 iteri
451 1812 539 1865 arbitrii
554 1812 672 1876 adipsum
693 1818 826 1877 peccatum,

41 1885 150 1946 quanlim
163 1885 191 1936 ad
201 1884 333 1937 secundini.

70 1956 103 2006 dd
122 1955 219 2021 pumum
236 1967 290 2020 ergo
302 1954 436 2015 dicendum,
454 1952 514 2019 qudd
532 1950 668 2016 accipienda
679 1958 733 2003 suut
753 1967 827 2005 cause

40 2025 147 2088 proximae
169 2027 256 2091 peccati
275 2026 384 2085 actualis,
398 2038 449 2089 qne
462 2029 516 2076 sunt
532 2024 635 2087 duplices
649 2038 656 2072 ε
668 2024 755 2077 sciiicet
769 2026 828 2076 inte·

41 2096 122 2157 mores,
136 2100 163 2148 ut
176 2096 253 2159 libido,
263 2110 291 2147 ex
304 2095 467 2159 consuetudine
483 2094 521 2145 uel
533 2097 585 2143 actu
596 2093 683 2157 peccati
696 2095 789 2157 relicta,
804 2101 828 2146 et

41 2178 68 2215 ea
78 2180 128 2231 que
138 2167 244 2220 dicuntur
258 2166 358 2230 reliquie
368 2167 468 2230 peccati3
480 2165 583 2228 quedam
599 2164 654 2214 vend
666 2169 720 2217 sunt
728 2166 827 2218 exterio·

42 2246 92 2297 rcs,
105 2242 132 2287 ut
144 2236 267 2289 exteriores
285 2236 415 2287 occasiones
427 2238 456 2286 ud
475 2236 629 2299 peccandum,
647 2234 735 2285 scilicet
746 2237 825 2300 locus,

41 2307 98 2356 mala
111 2306 220 2369 societas,
237 2311 261 2357 ct
270 2305 415 2369 huiusmod13
430 2310 453 2356 et
468 2306 526 2355 tales
539 2317 613 2354 causae
626 2304 651 2353 in
668 2306 712 2354 hac
724 2306 772 2357 sita
786 2318 828 2371 per
931 2295 937 2305 ’

42 2375 216 2428 mtisfactionem
228 2376 345 2437 tolluntur,
355 2376 458 2439 quamuis
469 2375 555 2437 fomes,
568 2373 608 2437 qui
616 2378 654 2425 est
666 2387 734 2425 eausa
742 2380 827 2427 remote

40 2447 242 2509 peccatissimis,
258 2458 305 2497 uon
317 2446 409 2497 tollatur
421 2444 520 2496 totaliter
533 2446 559 2495 in
567 2445 611 2494 trac
624 2444 671 2494 rita
679 2444 827 2508 persatisfac·

41 2516 133 2581 tionem,
144 2520 188 2569 etsi
200 2518 335 2569 debilitetur.

70 2590 104 2639 td
121 2589 244 2641 secuudum
257 2588 389 2649 dicendum,
404 2587 464 2652 qnod
481 2586 536 2650 qnia
553 2598 622 2636 neusa
634 2586 688 2637 mali
701 2586 738 2637 uei
750 2584 828 2649 prim-

40 2655 120 2723 tionis‚
129 2673 158 2712 eo
171 2659 238 2711 ruodo
249 2672 294 2723 qno
312 2672 401 2709 causum
416 2658 493 2719 habet,
509 2662 604 2707 nonest
618 2657 663 2707 nisi
676 2658 760 2707 nonum
772 2656 828 2706 ded·

42 2728 114 2793 ciens3
125 2729 208 2781 bonnm
222 2734 298 2780 autern
311 2727 400 2779 facillis
413 2728 507 2790 tollitur,
520 2727 587 2789 quim
602 2727 761 2787 constituatur,
775 2726 827 2777 idco

42 2796 128 2851 facilius
144 2803 181 2850 est
196 2811 276 2850 causas
291 2799 424 2864 privationis
434 2804 459 2850 et
471 2798 525 2848 mali
537 2797 657 2856 excidere,
669 2796 735 2860 quim
751 2797 836 2858 ipsum·

43 2870 123 2921 matum
133 2882 247 2921 removere
256 2886 263 2933 ;
273 2871 332 2933 quod
343 2882 388 2920 uon
397 2875 525 2921 remoretur
534 2869 578 2921 nisi
588 2882 629 2933 per
638 2868 828 2918 constructionem
