1942 3284
115 198 352 240 permanserimus
370 199 402 240 au
416 197 595 240 succumbo!
610 197 729 241 starum.
794 193 825 241 bt

31 282 86 330 uun
96 292 144 332 suaa
155 277 312 330 mundissime
321 277 396 329 carnis
404 277 451 328 vim
458 278 637 342 regenerativam
649 281 672 329 et
681 277 825 343 purgativam

33 351 116 402 mntubt
129 351 206 416 aquis.
220 350 292 401 »Sed
307 363 355 401 nou
369 353 444 401 omnis
462 363 521 414 aqua
539 350 682 401 continuatur
694 363 745 402 curn
765 364 823 415 aqua

31 424 142 486 iordanis,
156 436 224 486 quam
240 422 345 474 Christus
355 422 430 487 tetigit
441 422 483 473 sut
500 435 575 474 carne.
587 423 646 486 Ergo
659 423 748 474 ridetur
759 423 822 488 qudd

30 509 70 546 non
88 495 112 544 in
131 495 196 546 omui
215 508 273 558 aqna
287 493 361 558 possit
380 493 429 544 fieri
445 492 585 558 baptismus3
609 496 633 544 et
654 493 686 543 ita
706 506 779 559 aqua,
794 493 820 545 iu

29 571 133 631 mantum
146 566 292 631 hujusmodi,
312 568 404 617 nonest
417 565 509 630 propria
522 565 615 616 materia
628 566 745 630 baptismi.

56 645 80 689 5.
94 641 222 701 Praeterea,
236 638 258 689 si
274 651 334 702 aqua
354 636 479 688 secundini
496 651 520 688 se
538 645 599 689 esset
615 637 706 703 propria
720 638 825 704 baptismi
909 639 911 644 '

30 711 133 774 matam,
151 723 199 760 non
209 712 324 774 oporteret
337 709 421 774 aliquid
434 710 495 760 aliud
509 709 559 760 beri
572 709 631 760 circa
643 722 724 775 aquam
738 711 767 760 ad
780 713 825 762 tuno

29 782 88 846 qudo
99 783 121 833 in
134 795 163 833 ea
175 783 302 847 baptismus
315 782 388 832 deret.
405 781 460 844 Sed,
474 780 500 832 in
516 781 612 833 solemni
624 781 752 848 baptismo,
764 795 824 847 aqua

26 855 49 903 in
64 867 107 918 pua
122 854 191 904 debet
204 853 312 904 celebrari
323 852 466 917 baptismus,
478 853 620 904 exorcizatur
632 858 656 905 et
672 852 823 905 benedicitur.

24 928 81 990 Ergo
94 925 186 977 videtu
194 925 255 990 qubd
275 937 334 989 aqua
344 923 468 976 secundbm
482 937 508 975 se
522 937 567 976 non
578 923 607 975 sit
618 924 708 990 propria
717 925 826 990 baptismi

26 999 127 1049 materia.
160 1021 163 1026 ·

53 1071 99 1123 sed
109 1072 192 1120 conba
201 1070 250 1132 est,
260 1067 321 1132 quod
333 1067 442 1118 Dominus
450 1066 520 1131 dicit,
531 1069 613 1126 doum,
624 1069 654 1119 ΙΙΙ
665 1083 671 1118 a
687 1085 701 1118 u
711 1068 762 1120 Nisi
770 1068 823 1133 quis

27 1147 115 1193 mnatns
128 1141 200 1192 merit
212 1154 242 1191 ex
252 1152 311 1204 aqua
324 1143 348 1191 et
360 1139 446 1205 Spiritu
454 1144 543 1205 sanam,
556 1153 602 1192 non
612 1143 687 1205 potest
695 1140 791 1192 introire
801 1139 827 1192 iu
859 1138 861 1143 ’

28 1229 118 1278 regnum
132 1213 185 1264 Dei.
197 1229 211 1261 u

58 1287 217 1350 (Concursro.
230 1311 262 1323 -
274 1284 332 1336 cum
352 1283 480 1348 baptismus
494 1283 524 1335 sit
544 1284 684 1349 regeneratio
705 1283 731 1335 in
753 1283 825 1335 vitam

29 1357 182 1421 spiritualem,
198 1357 295 1421 ejusque
317 1355 436 1407 effectibus
456 1369 521 1421 aquas
541 1356 689 1422 proprietates
706 1355 826 1420 aptissimd

28 1429 173 1492 conueniant,
187 1427 335 1492 perspicuum
347 1430 384 1479 cst
399 1427 470 1493 hujus
486 1427 622 1478 sacramenti
638 1427 754 1478 materiam
768 1440 826 1492 pro-

30 1499 97 1561 priam
110 1512 159 1550 esse
171 1498 281 1562 aquam.)

59 1571 188 1633 Respondeo
202 1570 338 1633 dicendum,
355 1568 431 1634 qnod,
453 1583 483 1621 ex
498 1569 641 1621 institutione
661 1569 752 1634 dvina,
767 1583 827 1634 aqua

33 1643 67 1690 est
79 1643 162 1706 propria
174 1641 272 1692 materia
284 1639 398 1705 baptismi.
409 1642 439 1692 ut
447 1643 492 1692 boc
502 1640 673 1692 convenienter.
684 1639 760 1690 Primd
774 1643 825 1706 qui·

30 1711 92 1774 dem,
107 1713 217 1778 quantdm
231 1713 259 1764 ad
274 1711 346 1777 ipsam
357 1711 467 1764 rationem
483 1709 606 1777 baptismi,
625 1712 665 1776 qui
679 1715 714 1763 est
725 1724 827 1775 regene-

28 1782 80 1832 ratio
93 1783 118 1833 in
131 1783 278 1848 spirituatem
287 1781 371 1846 vitam3
381 1784 441 1848 quod
453 1781 552 1832 maximt
562 1781 667 1846 congruit
678 1795 752 1846 aqua.
763 1783 828 1834 ttnde

28 1857 51 1902 et
62 1856 145 1906 semma
156 1868 187 1905 es
194 1853 279 1918 quibus
289 1857 427 1917 generantur
437 1855 512 1905 omnia
519 1852 631 1918 viventia,
639 1853 726 1904 scilicet
742 1854 827 1918 plantae

29 1928 51 1974 et
63 1924 344 1989 animatia,bumidasunt
355 1926 417 1976 etad
429 1939 511 1990 aquam
519 1925 642 1989 pertinent.
658 1925 756 1990 Propter
769 1927 829 1990 quod

28 1997 113 2059 qnidam
131 1997 267 2064 pbilosopbi
289 1999 414 2060 posuerunt
430 2009 514 2060 aquam
528 1997 629 2047 omnium
648 2009 723 2048 rerum
744 1995 829 2062 prinoi-

27 2067 86 2130 pinm
98 2069 144 2136 (t).
163 2067 289 2132 Secundo,
306 2067 416 2131 quantiam
434 2069 463 2118 ad
485 2067 582 2119 effectus
600 2068 724 2134 baptismi,
745 2067 828 2132 quibus

28 2144 153 2205 mmpetnnt
166 2153 235 2205 aqnae
245 2139 409 2206 proprietates,
421 2153 473 2204 quae
491 2139 533 2192 sut
549 2141 685 2194 humiditate
702 2141 780 2204 tarat3
796 2153 826 2192 ex

30 2303 95 2350 dunc.
107 2304 137 2360 15
152 2309 179 2350 et
190 2303 283 2350 conor
293 2304 374 2354 Geot„
385 2306 428 2351 tib.
440 2306 485 2366 w,
498 2317 551 2364 cap.
562 2303 603 2360 593
620 2311 644 2352 et
657 2305 772 2364 Quodttb.
787 2307 823 2367 11,

31 2371 71 2413 art.
81 2367 125 2424 1⁰5
140 2374 167 2413 et
180 2367 265 2420 Jecur„
280 2369 327 2426 111,
339 2369 386 2414 cot.
395 2367 420 2414 t.

60 2435 93 2499 (1)
107 2438 253 2485 nominatim
271 2439 363 2495 quidem
376 2439 476 2498 Thales,
491 2445 517 2486 ut
532 2439 604 2486 retest
616 2439 754 2486 Aristoteles
767 2440 791 2485 iu
806 2441 827 2486 Ι.

30 2500 70 2545 bb.
81 2501 227 2560 Hatopbps„
234 2513 287 2559 cap.
298 2501 323 2559 3,
332 2508 356 2548 et
366 2502 391 2547 iu
399 2504 443 2548 tib.
453 2503 488 2548 De
498 2515 571 2549 semu
579 2507 600 2549 et
607 2503 730 2554 remittit,
738 2514 792 2560 cap.
803 2501 828 2548 t.

31 2564 87 2610 ffino
100 2572 224 2622 parentem
237 2565 340 2610 omnium
351 2566 467 2612 Oceanum
480 2567 596 2612 Humerus
605 2571 675 2611 vocat
682 2598 688 2623 ‚
705 2577 733 2611 ox
743 2577 790 2622 quo
805 2566 827 2612 id

32 2628 124 2672 mutuati
140 2627 251 2673 ridentur
262 2626 402 2685 philosophi.
419 2631 471 2674 Huc
488 2639 581 2686 quoque
597 2628 698 2686 pertinet
711 2627 829 2686 quodam·

34 2689 97 2734 modo
110 2691 174 2748 qnod
186 2692 211 2736 in
221 2691 385 2737 benedictione
397 2691 469 2737 tontis
480 2690 626 2749 baptismatis
636 2691 737 2735 dieitur:
752 2696 827 2741 Deus,

34 2753 100 2808 cuju
111 2754 226 2813 Spar-teor
243 2755 275 2798 to
288 2754 429 2811 primordio
445 2753 536 2800 mundi
552 2765 628 2812 snper
641 2753 730 2814 {aciem
748 2753 830 2810 utputa·

33 2815 161 2872 suedan,
169 2819 200 2862 ot
207 2816 370 2874 reponerouds'
381 2818 498 2864 otrtattem
508 2827 629 2874 equorum
643 2819 736 2862 antero
747 2816 829 2860 coraci·

33 2883 108 2933 pacm
119 2880 189 2938 quasi
202 2880 313 2926 naturalis
327 2880 418 2927 illarum
431 2878 567 2928 foecunditas
581 2879 610 2925 ad
629 2877 829 2938 supernaturalem

36 2940 205 2998 aimatoandam
216 2941 380 2990 transferatur.
