1942 3284
116 168 164 217 m
263 170 643 223 summoverunt,
660 172 716 210 nur.
734 172 771 210 ru.

114 251 199 307 medici
212 255 249 303 eat
261 251 276 303 i
287 250 412 302 leuiombus
427 246 530 313 incipere
546 246 683 308 medicinis,
697 251 722 299 et
734 248 816 300 miuirs
832 249 923 313 periur-

114 324 188 389 ioois;
202 325 255 375 ideo
269 319 473 375 excommunicatio
485 318 559 384 indigi
575 332 623 370 non
640 319 710 370 debet
722 319 798 371 otiam
813 334 860 386 pro
873 333 923 384 pec·

115 400 166 449 cato
181 393 279 457 mortali,
292 392 338 443 nisi
352 395 478 443 contumax
493 390 571 453 fuerit,
582 390 619 440 vei
632 402 680 441 nou
691 390 814 442 ueniendo
829 390 861 441 ad
869 390 925 455 judi·

114 466 190 529 aium
201 467 238 518 uei
252 468 306 515 aute
317 462 503 514 terminationem
516 462 597 526 iudicii
610 462 661 513 sine
673 460 768 513 tinentia
784 462 923 523 reoedeude

115 539 153 590 uel
168 536 351 589 determinationi
361 548 409 585 non
423 535 532 599 parendo.
539 534 602 585 Tunc
613 533 676 585 enim
688 538 819 599 postquam
828 533 924 587 monitus

115 609 195 672 inerit,
207 609 227 660 si
240 607 332 660 obedire
340 606 512 671 contempserit,
520 608 643 657 contumax
649 609 786 670 reputatur,
800 612 828 657 et
838 618 925 659 excom

116 681 230 737 municari
248 678 316 730 debet
328 678 342 728 i
350 678 426 743 judice
437 676 488 741 jam
504 690 550 727 non
562 676 661 728 habente
676 674 733 741 quid
753 682 844 729 contm
857 678 926 743 ipsun
955 722 956 727 ,

116 752 188 803 iaciat
200 752 299 815 amplius
309 750 354 814 (ut
365 750 444 800 uidere
453 752 489 800 est
500 748 640 812 indueretis,
655 748 736 798 causi
746 750 771 810 2,
786 764 835 814 qu.
850 755 926 813 tt‚cap.

116 824 252 887 Quisquis,
267 835 346 872 rursus
355 821 431 871 Causa
440 824 480 884 tt,
494 832 533 884 qu.
546 822 569 870 t.
580 832 632 883 cap.
642 820 674 870 Si
688 820 780 885 quis.)

149 894 184 944 nd
197 893 297 957 primum
310 905 364 957 ergo
374 890 505 955 dicendum,
516 890 658 958 qudd'cuipe
669 890 795 955 quantitas
809 904 865 944 non
873 904 927 943 men-

117 968 209 1018 srratur
221 978 250 1017 ex
269 965 406 1015 nocumento
419 963 480 1033 quod
495 961 548 1027 quis
560 960 629 1025 iacit,
645 963 685 1012 sed
698 974 729 1013 ex
747 964 879 1015 uoluntate
890 974 926 1027 qut

118 1038 187 1098 iacit,
197 1039 275 1088 contra
284 1036 417 1087 charimem
428 1046 509 1098 agens.
520 1035 549 1084 Et
556 1033 607 1084 ideo
616 1071 623 1097 ‚
633 1033 742 1095 quamuis
751 1048 831 1100 poena
844 1050 926 1089 acone

119 1108 283 1159 mumoetionis
295 1108 389 1158 excedat
401 1109 575 1169 nocumentum,
590 1118 635 1156 non
647 1108 725 1156 tamen
743 1108 848 1159 excedit
860 1120 925 1174 quau

119 1180 210 1231 tintem
221 1180 304 1244 culpe.

153 1251 189 1301 itd
199 1250 323 1301 secandum
338 1248 474 1309 dicendum,
488 1245 549 1311 quid
563 1246 614 1299 cim
630 1247 713 1313 aliquis
726 1262 884 1315 perpennam
895 1248 927 1301 aii
959 1267 960 1311 r

118 1334 190 1385 qnam
205 1321 338 1385 corrigitor,
353 1332 399 1371 non
417 1320 520 1370 redditur
537 1320 560 1371 ei
579 1320 677 1383 maium,
696 1321 738 1371 sed
755 1321 872 1385 bouum,
885 1320 928 1387 qui
959 1320 960 1345 ²

121 1404 226 1457 xpoeue
240 1391 359 1444 medicina
371 1395 460 1455 sunta
475 1390 594 1443 utdictum
603 1394 646 1443 est.
960 1445 961 1501 1

412 1568 572 1621 inuentus
587 1569 626 1621 lV.

167 1696 252 1742 Utrum
266 1694 478 1741 excommunicatio
474 1693 579 1803 haugustte
594 1694 644 1739 luto
653 1692 762 1751 aliquem
776 1694 896 1753 effecturus

521 1770 547 1801 eo
561 1788 567 1802 .

152 1886 190 1939 rid
204 1890 310 1949 cnutum
330 1886 364 1936 sic
379 1884 518 1949 proceditur.
530 1882 625 1935 Videtur
640 1884 701 1947 quod
714 1885 926 1937 excommunicatio

122 1957 209 2022 injuste
220 1957 266 2007 iata
279 1957 343 2007 nuiio
352 1957 421 2007 modo
434 1956 540 2006 effectum
553 1954 644 2005 habeat.
658 1953 716 2013 Quia
733 1968 777 2017 per
794 1969 927 2009 excommun

122 2027 261 2078 nicationem
270 2026 383 2090 protectio
396 2030 421 2077 et
430 2026 502 2090 gratia
512 2025 553 2077 liei
563 2026 712 2086 subtrahitur,
722 2040 776 2089 qum
789 2040 840 2078 uon
857 2032 928 2094 potest

123 2097 210 2161 iniuste
226 2096 337 2149 contrairi.
350 2098 410 2161 Ergo
422 2097 626 2149 excommunicatio
640 2096 727 2162 injuste
736 2098 785 2148 iata
799 2100 928 2152 nonhabet

122 2168 239 2219 effectum.

155 2242 180 2289 a.
190 2240 317 2302 mures,
327 2242 478 2307 Hieronymus
493 2242 548 2293 dicit
556 2242 601 2307 (1),
612 2241 672 2305 quod
684 2257 699 2289 r
712 2244 748 2292 ert
763 2242 792 2292 de
804 2243 926 2307 superatio

123 2308 290 2361 Pharisaeorum
302 2312 413 2364 estimare
426 2325 479 2365 esse
493 2314 590 2377 ligatum
603 2314 640 2363 rel
653 2312 769 2373 solutum,
788 2312 831 2377 qui
847 2314 927 2377 ligatur

123 2381 163 2433 uei
179 2382 275 2432 soluitur
286 2382 381 2448 injusti.
399 2400 413 2432 u
428 2384 473 2435 Sed
486 2398 565 2435 eorum
579 2384 723 2448 supercilium
739 2387 789 2434 erat
801 2384 925 2448 superum

124 2458 151 2506 ot
169 2467 297 2507 erroneum.
321 2456 382 2521 Ergo
403 2456 611 2509 excommunicatio
632 2455 719 2521 injusta
743 2453 834 2505 nullum
861 2456 926 2507 haid

126 2527 241 2579 effectum
542 2562 544 2565 -

157 2598 203 2650 Sed
216 2599 437 2662 commutandum
448 2599 589 2663 Gregorium,
600 2616 613 2647 o
623 2599 737 2651 sententia
748 2599 865 2663 pastoris,
876 2599 925 2649 sire

123 2669 201 2731 irata,
217 2669 266 2720 siro
276 2670 379 2733 iniusta,
393 2670 494 2721 timenda
504 2675 549 2723 est.
561 2686 576 2719 u
585 2672 636 2722 iton
648 2673 723 2721 autem
736 2674 801 2721 esset
812 2669 925 2731 fluenda,

125 2738 172 2789 nisi
190 2738 275 2802 niuniu
291 2745 383 2791 noceret
395 2742 465 2791 etiam
477 2742 573 2805 intusa.
587 2743 657 2805 nugo,
670 2746 715 2793 eto.

18 2887 20 2920 s
159 2888 192 2949 (a)
207 2890 289 2950 sopor
300 2891 370 2937 struo
382 2893 499 2946 uuum,
511 2896 580 2957 xm,
594 2895 649 2942 reos
661 2895 721 2942 rouo
738 2896 822 2943 euru.
