1942 3284
226 175 268 216 SE
280 175 395 216 Immo
406 175 483 216 HUIUS
497 174 658 217 Sdmlffll·
801 165 844 213 ‘affl
939 204 940 219 1

61 261 103 302 esse
117 254 176 304 ratris
189 253 304 306 hereticis
315 257 338 306 et
355 253 516 317 schismaticis,
530 255 584 318 quia
593 251 759 318 possuntlioite
773 252 849 317 bapti-

60 323 135 372 zarein
151 324 246 376 arficulo
257 325 407 378 necessitatis.
419 328 443 376 lu
454 328 517 377 nullo
529 331 605 376 autem
616 340 668 376 casn
679 323 740 375 licite
751 328 849 389 possunt

61 394 209 446 euchmistiam
222 409 355 448 consecrare
361 435 370 462 ,
385 398 421 448 vel
442 397 488 449 alia
501 402 640 448 sacramenta
652 396 764 447 conterre.

86 467 116 516 nd
133 467 226 518 tertium
241 467 368 532 dicendum,
384 469 445 534 qudd
464 471 568 520 sacerdos
583 470 607 520 in
621 469 707 528 musa,
722 468 748 517 in
762 467 849 518 oratio-
939 470 940 473 ’

59 535 119 588 nibus
130 539 221 602 quidem
241 541 341 604 loquitur
356 542 380 590 in
395 555 491 606 persona
505 541 624 603 Ecclesia,
637 541 661 590 'm
679 541 746 604 enjus
762 540 849 590 unitate

58 609 164 660 consistit.
176 611 218 661 Sed
231 611 256 662 in
270 613 438 664 consecratione
451 614 595 674 sacramenti,
603 613 702 674 loquitur
715 612 739 661 in
752 621 850 676 persona

58 678 150 745 Christi,
166 683 233 748 cujus
243 683 314 734 vicem
332 685 357 734 in
373 687 416 736 hoc
432 686 490 749 gerit
505 699 546 749 per
561 685 646 735 ordinis
665 683 850 750 presummat

57 749 115 814 ideo,
130 754 150 804 si
164 755 269 805 sacerdos
283 757 310 805 ab
321 757 408 806 unimte
421 757 531 808 Ecclesia
547 756 665 820 precisus,
680 754 772 806 missam
785 753 850 804 cete-

57 820 116 886 bret,
130 825 183 888 noia
203 831 339 890 potestatem
360 828 446 878 ordinis
460 841 506 878 non
523 827 623 887 amittit,
637 831 756 877 consecrat
770 837 851 878 rerum

58 905 132 959 eorpus
144 901 169 948 et
179 899 313 962 sangninem
327 899 426 964 Christi3
442 901 482 950 sed
493 901 548 964 quia
557 904 592 950 est
601 899 629 950 ab
643 899 749 950 &etesia
762 896 850 948 nniute

57 972 180 1032 separatus,
195 969 308 1022 orationes
319 970 369 1036 ejus
385 972 509 1023 efficaciam
525 972 677 1024 nounabent.

237 1171 242 1182 ·
336 1153 497 1204 annicetus
512 1153 570 1204 vill.

98 1273 185 1319 Utrrtm
203 1274 312 1321 sacerdos
324 1275 470 1396 depandappcs
484 1279 558 1333 possit
574 1278 617 1322 doc
636 1278 814 1321 sacromentum

392 1353 435 1384 oon
466 1353 512 1387 ere.

85 1462 119 1512 nd
137 1467 244 1514 murum
260 1463 294 1516 sie
307 1466 436 1529 proceditur
453 1467 497 1530 (a).
512 1466 607 1517 Videtur
621 1465 681 1529 qudd
694 1465 800 1516 sacerdos
813 1463 853 1514 de·

53 1534 160 1594 gradatus
173 1549 219 1586 non
233 1538 306 1600 possit
319 1539 362 1588 hoc
381 1544 550 1589 sacramentnm
563 1537 685 1588 conficere.
699 1537 779 1587 Nullus
791 1535 853 1586 enim

53 1603 214 1657 conficit'troc
235 1612 415 1672 sacramentum,
431 1609 475 1659 nisi
492 1622 534 1674 per
553 1613 689 1672 potestatem
707 1606 854 1657 consecrandi

51 1688 121 1738 quam
130 1679 208 1730 hahet.
217 1679 262 1731 Sed
274 1681 407 1744 degradatus
418 1682 541 1732 nonhabet
551 1684 687 1745 potestatem
696 1678 852 1739 consecrandi,

52 1745 106 1799 licet
118 1750 201 1800 habeat
216 1757 351 1815 potestatem
369 1753 513 1818 baptizandi,
528 1757 553 1802 ut
571 1753 628 1802 dicit
640 1751 717 1801 Quen
730 1751 756 1810 1,
770 1763 812 1813 qu.
828 1753 853 1810 d,

52 1832 104 1883 cap.
120 1823 194 1884 Quod
205 1824 322 1888 qur'dom.
338 1827 396 1889 Ergo
410 1825 501 1876 videtur
514 1824 575 1889 qndd
588 1823 707 1889 presbyter
718 1821 854 1886 degradatus

51 1904 99 1944 uon
117 1895 190 1958 possit
200 1897 360 1948 eucharistiam
372 1910 516 1948 consecrare.

84 1969 110 2014 Ξ.
123 1967 244 2031 Pronurus,
256 1969 295 2018 ilie
311 1969 349 2032 nui
364 1969 450 2034 aliquid
464 1971 512 2033 dat,
525 1975 602 2034 potest
615 1969 683 2020 etiam
697 1967 795 2018 auterre.
810 1967 854 2017 Sed

52 2037 177 2102 episcopus
191 2041 230 2090 dat
248 2041 379 2106 presbytero
399 2045 536 2105 potestatem
552 2039 714 2102 consecrandi,
729 2038 854 2089 ordinando

51 2107 140 2171 ipsum.
154 2110 212 2174 Ergo
221 2113 290 2162 etiam
307 2116 383 2176 potest
396 2113 418 2163 ei
432 2114 530 2173 auferre,
545 2113 687 2176 degradando
698 2125 760 2161 enm.

86 2185 112 2231 3.
123 2182 244 2245 Praeterea,
255 2186 360 2236 sacerdos
370 2199 411 2248 per
424 2185 610 2248 degradationem
628 2182 765 2234 antemittit
779 2186 856 2246 potee-

53 2255 125 2303 tatem
141 2255 300 2318 consecrandi,
316 2259 355 2305 aot
375 2256 446 2306 solam
472 2256 638 2307 executionem.
656 2256 699 2305 Sed
720 2267 766 2304 non
785 2254 857 2304 sotum

51 2325 230 2388 executionem,
249 2325 302 2388 quia
321 2327 353 2377 sic
376 2339 422 2377 uon
439 2327 491 2393 plus
508 2328 622 2377 amitteret
639 2326 774 2389 degradatus
789 2323 857 2388 qnam

51 2398 282 2462 excommunicatus,
296 2398 336 2462 qui
351 2399 420 2450 eiiam
439 2400 577 2450 executione
602 2404 672 2449 caret.
687 2399 746 2459 Ergo
768 2395 858 2446 videtur

49 2466 116 2528 qndd
126 2469 214 2518 amittat
223 2474 358 2533 potestatem
374 2471 539 2535 consecrandi3
553 2475 578 2521 et
595 2471 627 2521 ita
640 2467 800 2532 videturqudd
812 2479 858 2518 nou

50 2537 130 2601 possit
145 2540 257 2591 conficere
272 2543 316 2591 hnc
329 2547 505 2592 sacramentum.

87 2609 131 2660 Sed
142 2617 220 2662 contra
231 2616 277 2675 est,
292 2613 352 2676 qudd
366 2614 507 2678 Augustinus
517 2614 580 2665 inll.
598 2614 693 2663 Contra
710 2609 858 2661 Parmenio·

50 2695 116 2730 nuria
130 2685 188 2748 (cap.
205 2684 256 2747 ta),
265 2687 343 2748 probat
352 2685 412 2750 qudd
422 2689 530 2750 apostata
543 2685 612 2736 diide
626 2697 673 2734 non
682 2685 760 2734 cuent
770 2679 859 2744 baptis·

89 2843 121 2904 (1)
135 2849 169 2892 De
180 2847 217 2892 tris
226 2849 296 2894 etiam
308 2851 390 2908 suprrt,
400 2863 440 2906 qu.
454 2849 494 2908 aa,
507 2857 553 2896 art.
562 2850 586 2910 0,
599 2850 629 2896 ad
641 2848 665 2901 ὴ
675 2853 698 2893 et
712 2849 744 2893 iv
755 2878 763 2905 ‚
775 2845 854 2893 Scor..

48 2921 95 2965 qu.
108 2909 118 2954 t
125 2943 135 2970 ,
147 2917 193 2958 ara.
205 2910 235 2970 1,
247 2915 382 2968 quastione.
393 2913 417 2958 d.
