1942 3284
166 214 169 222 1
188 163 220 200 ou
234 162 376 204 rrnntniouu
390 163 467 209 nurus
483 163 646 211 erupturum
772 152 820 202 ete

10 240 92 293 ultore
105 239 181 290 manet
195 253 202 290 ε
217 242 240 290 et
250 238 301 291 ideo
312 253 359 292 non
373 244 448 304 potest
457 239 544 292 iterari.
561 239 607 290 Sed
619 241 668 290 hcc
682 238 819 292 unctionum

10 311 42 362 fit
59 309 91 360 ed
105 309 296 360 consecrationem
306 310 421 374 hominis,
436 311 489 362 edm
501 323 548 362 nou
558 310 701 375 imprimatur
713 323 755 375 per
766 323 818 362 eum

13 383 143 434 character
155 396 161 430 :
172 380 256 432 ntideo
273 394 320 432 non
337 385 371 432 est
386 381 469 432 simile.

47 453 86 504 nd
97 451 220 502 secundum
234 452 363 516 dicendum,
375 452 435 516 quod
448 453 504 503 iliud
513 455 573 515 quod
584 453 708 504 secundino
718 453 819 506 testime-

10 526 111 576 tionem
126 523 241 574 hominum
253 528 289 574 est
302 528 438 588 extremum,
448 525 584 588 quandoque
598 525 724 576 seeunddm
736 524 770 576 rei
778 538 819 576 ue·

10 596 115 646 ritatem
133 607 177 645 non
194 597 230 644 est
248 599 393 646 extremum:
409 595 478 646 etsie
497 595 577 648 dicitur
595 599 641 648 troc
654 599 821 648 indumentum

10 665 227 729 extremumue,
242 665 294 729 quia
309 679 356 716 non
369 666 436 716 debet
450 666 510 728 duri,
526 667 571 716 nisi
584 666 629 716 illis
643 680 738 732 quorum
757 678 821 717 mors

10 742 52 789 est
66 735 196 802 propinqua
213 736 336 788 secundino
354 737 546 790 existimationem
559 737 687 790 hominnm.

319 915 477 967 nuntuuttts
493 916 522 966 ll.

135 1038 220 1082 Utrum
230 1039 256 1082 iu
274 1039 355 1084 eudem
366 1040 509 1097 infirmitate
522 1039 605 1085 demat
621 1040 715 1084 iteruri.

51 1161 94 1216 Ad
108 1164 232 1214 secundum
247 1164 280 1216 sio
293 1165 431 1230 proceditur.
440 1165 536 1218 videtur
548 1165 611 1230 quot
624 1165 650 1216 in
666 1166 747 1216 eedem
760 1164 825 1215 intir-

14 1238 107 1289 nritate
122 1247 168 1284 non
182 1237 264 1286 debeat
277 1236 362 1288 iterari.
378 1236 435 1296 Quia
456 1237 498 1287 uni
511 1238 591 1288 morbo
611 1250 658 1288 non
674 1237 770 1288 debetur
783 1235 828 1287 nisi

12 1323 69 1362 una
92 1305 213 1359 medicina.
232 1309 276 1360 Sed
296 1310 340 1360 hoe
355 1313 522 1360 sacrementum
534 1312 570 1360 est
586 1309 693 1374 quedam
704 1307 828 1372 optritrd‘u

14 1377 152 1432 medicina.
165 1379 222 1443 Ergo
235 1384 314 1431 contre
326 1394 397 1432 unum
408 1381 511 1432 morbum
521 1393 569 1431 non
577 1381 646 1432 debet
658 1380 747 1432 iteruri.

52 1457 84 1502 2.
106 1451 230 1514 Proetum,
245 1451 370 1506 seeundum
388 1455 432 1504 hoc
452 1454 532 1516 posset
553 1450 636 1514 aliquio
654 1452 757 1502 infirmus
779 1454 828 1503 tott

13 1525 62 1577 die
84 1521 179 1584 inungi,
192 1523 213 1574 si
225 1523 250 1574 in
268 1524 349 1575 eodem
365 1525 443 1576 morbo
462 1526 542 1588 posset
562 1521 639 1573 iterari
656 1523 749 1586 unctio;
766 1524 828 1589 qnod

11 1599 58 1648 est
83 1593 214 1646 absurdum.
251 1637 252 1640 ,

51 1665 105 1718 Sed
117 1669 195 1717 contro
208 1670 262 1732 est,
275 1666 335 1730 quod
352 1666 472 1730 aliquando
485 1666 578 1718 morbus
590 1665 630 1717 did
643 1666 710 1717 dmet
720 1669 774 1730 poet
786 1679 829 1718 sa·

15 1736 142 1790 crementi
163 1739 345 1803 perceptionem,
365 1743 388 1788 et
405 1739 440 1791 sie
457 1737 561 1802 reliquie
576 1741 723 1800 peecatorum
738 1743 829 1801 eonne-

11 1811 115 1863 huntur
124 1844 131 1869 ‚
140 1813 217 1860 contro
226 1821 283 1874 ques
293 1809 447 1876 principaliter
454 1809 499 1860 hoc
505 1809 673 1859 sacramentnm
682 1807 757 1858 detor.
767 1812 828 1870 Ergo

12 1883 96 1935 debet
111 1877 197 1930 iterari.

54 1951 221 2018 (cormesio.
235 1953 362 2004 -Eadem
374 1951 504 2002 infirmitate
517 1949 672 2008 laborantibus
685 1961 733 1998 non
746 1961 829 2000 moun

17 2026 86 2078 ddm
98 2022 213 2086 eumdem,
223 2024 263 2076 sed
272 2024 386 2074 diversum
395 2021 532 2076 infirmitatis
540 2026 635 2085 statum,
643 2023 830 2086 potestextremu

14 2095 112 2148 unctio
127 2093 209 2144 iterum
222 2094 351 2160 exhiheri.)

58 2167 204 2229 Respondeo
217 2166 351 2230 dicendum,
364 2165 424 2229 quod
437 2167 482 2216 hoc
493 2167 661 2216 munumentum
673 2175 720 2214 non
738 2161 832 2226 respicit

17 2236 125 2292 iamtdur
137 2237 298 2299 infirmitatem,
308 2237 348 2288 sed
361 2237 430 2287 etiam
447 2235 586 2286 infirmitatis
600 2239 686 2284 statum
701 2249 708 2284 t
721 2235 774 2298 quie
786 2246 833 2284 non

18 2310 103 2364 debet
118 2307 168 2358 dari
186 2308 231 2360 nisi
244 2308 353 2372 infirmis,
362 2309 402 2372 qui
416 2306 541 2360 seeundum
558 2307 684 2356 humanum
701 2303 834 2356 estimatio-

15 2393 86 2435 nem
95 2379 202 2430 videntur
213 2380 279 2430 morti
290 2379 477 2444 appropinquare.
490 2377 597 2438 Quodam
606 2380 682 2428 eutem
692 2375 835 2426 infirmitates

14 2467 75 2509 non
99 2456 154 2502 sunt
173 2452 285 2504 diuturne
303 2451 385 2502 :unde
402 2451 423 2502 si
442 2451 466 2502 in
480 2451 514 2501 eis
526 2451 592 2500 datur
604 2451 649 2499 hoc
667 2451 834 2500 monumentum

13 2534 87 2590 tunc
98 2524 192 2586 quando
202 2525 270 2574 homo
281 2525 309 2574 ad
324 2525 407 2574 statum
421 2522 485 2573 illum
499 2521 604 2586 pervenit
616 2519 680 2585 qnod
693 2520 724 2570 sit
735 2517 760 2567 in
772 2515 835 2582 peri·

13 2597 82 2650 culo
98 2593 189 2656 mortis,
202 2607 247 2645 non
258 2594 367 2646 recedite
378 2597 438 2645 stetu
449 2593 498 2655 illo,
507 2592 554 2643 nisi
565 2591 696 2643 infirmitate
706 2593 800 2652 cnmte3
809 2591 835 2639 et

12 2671 55 2721 ita
79 2677 131 2716 non
145 2665 213 2715 debet
232 2665 314 2717 iterum
328 2665 408 2730 inungi
422 2681 428 2715 ι
443 2667 484 2717 sed
497 2663 655 2716 sirecidiuum
664 2661 777 2728 patietur,
790 2659 834 2712 erit

13 2739 73 2793 alia
99 2736 237 2800 infirmitas,
252 2743 274 2789 et
293 2739 378 2802 poterit
396 2738 445 2789 deri
464 2737 509 2788 alia
524 2735 636 2787 inunctio.
652 2734 759 2793 Quaedem
778 2730 834 2784 vert

13 2813 84 2866 sunt
98 2807 249 2872 egritudines
267 2809 393 2875 diuturne,
404 2813 430 2860 ut
441 2808 538 2872 hectico,
555 2804 696 2870 hydropisis,
712 2809 736 2855 et
748 2803 832 2868 huius·

14 2881 109 2946 modi,
127 2883 151 2932 et
169 2879 192 2929 in
207 2880 289 2933 tutibus
301 2894 347 2932 nou
362 2882 428 2934 debet
440 2880 490 2934 iteri
500 2878 617 2941 inunctio,
630 2876 677 2932 nisi
688 2877 779 2942 quondo
794 2875 831 2927 ni·
