1942 3284
115 161 165 212 nt
253 165 458 215 enrrmmrmr,
475 163 571 210 consa.
587 163 673 211 mm,
691 163 750 201 m.
764 164 791 202 v.

118 251 173 300 eunt
183 244 276 297 naterm
290 245 370 309 ipsius.
385 245 445 308 iirpo
456 247 480 295 et
490 257 529 295 res
541 256 593 307 quc
605 242 632 292 in
645 241 693 292 hoc
705 244 857 292 morancnto
868 240 928 291 edii

117 320 210 380 dentur,
223 321 276 368 sunt
289 315 382 366 materia
395 315 466 380 hujus
478 311 624 366 sacramenti.

148 391 278 450 Praeterea,
301 387 353 452 plus
372 387 495 451 requiritur
517 387 546 437 ad
564 384 749 449 dispensandum
768 385 928 444 sacramenta,

115 461 186 526 <prim
199 461 227 510 ad
243 458 422 522 suscipiendum.
436 457 482 508 Sed
494 456 624 522 baptismus
636 457 663 505 in
679 467 727 519 qno
745 455 815 506 datur
831 458 930 519 poieaae

119 534 148 584 ad
164 531 335 595 suscipiendum
348 533 503 592 sacramenta,
514 529 604 592 indiget
620 526 732 578 materia.
747 528 812 590 Ergo
826 531 854 577 et
864 527 929 587 orde,

118 604 145 655 in
159 615 204 667 quo
217 603 284 652 datur
295 603 398 665 potestas
413 601 475 651 adea
488 599 655 664 dispensanda.

153 675 314 738 (concursio.
323 699 353 710 -
365 671 492 736 Spociaiem
503 673 596 735 oportet
607 682 661 721 csse
675 669 808 720 materiam
815 670 890 734 hujus
899 681 931 718 se

118 744 244 806 crementi,
260 743 321 793 sicut
331 747 355 794 et
371 743 465 794 aliorum
479 741 707 806 sacramentorum.)

151 814 286 878 despondeo
296 815 426 876 dicendum,
437 812 499 878 qudd
514 811 611 864 materia
622 812 648 861 in
658 812 826 864 sacramentis
836 811 932 863 exterio

118 885 229 948 adhibita,
239 885 353 950 siguificat
362 885 468 936 uirtutem
480 885 505 934 in
514 883 663 934 sacramentis
671 887 805 946 agentem,
815 885 847 934 air
854 884 931 934 extem

120 969 173 1008 seco
194 958 289 1008 omuino
303 957 418 1007 advenire.
432 957 497 1007 Unde
510 954 563 1006 crim
577 954 675 1006 effectus
692 955 811 1019 proprius
823 957 931 1021 hujus*

118 1029 247 1091 eramenti,
263 1028 352 1079 scilicet
365 1029 496 1089 character,
506 1039 553 1077 non
562 1024 702 1092 percipiatur
720 1027 853 1091 exaliqua
862 1040 931 1092 opem·

120 1099 185 1151 tione
196 1100 269 1164 ipsius
283 1099 323 1163 qui
332 1099 359 1148 ad
377 1102 542 1150 sacramentum
555 1098 661 1160 accedit,
677 1097 746 1146 sicut
759 1102 817 1148 crat
830 1098 858 1148 in
871 1097 932 1163 puni

120 1172 210 1232 tentia,
225 1173 265 1222 sed
277 1172 370 1222 omnino
384 1181 414 1218 ex
427 1169 556 1220 extrinseco
570 1168 695 1229 adveniat,
716 1171 844 1233 competit
857 1171 879 1221 ei
893 1183 932 1220 na·

120 1242 202 1294 teriam
216 1243 314 1304 hahere,
328 1248 404 1292 tamen
427 1239 579 1291 diversimode
596 1239 625 1289 ab
642 1238 696 1290 aliis
714 1241 933 1304 sacramentisquc

121 1313 241 1364 materiam
252 1313 345 1362 habent.
355 1311 411 1370 Quia
421 1313 464 1362 hoc
473 1312 533 1374 quod
543 1311 658 1361 confertur
666 1308 692 1359 in
704 1311 764 1360 aliis
773 1312 932 1374 sacramentis,

120 1383 237 1436 derivatur
255 1382 343 1433 tantdm
361 1381 374 1432 i
395 1383 458 1446 lieo,
472 1395 520 1432 nou
533 1381 548 1431 d
562 1381 681 1444 ministro,
702 1382 747 1444 qui
765 1389 931 1435 sacramentum
963 1426 965 1435 .

121 1455 254 1518 dispensat;
271 1455 311 1504 sed
325 1453 381 1504 illud
390 1455 449 1518 quod
464 1453 488 1502 iu
500 1455 544 1504 hoc
558 1457 703 1504 sacramento
718 1453 840 1518 traditur,
854 1456 931 1506 scilicet
963 1494 965 1497 .

120 1525 246 1591 spiritualis
265 1530 381 1591 potestas,
397 1522 513 1576 derivatur
524 1525 594 1576 etiam
611 1525 640 1574 ab
657 1526 745 1587 coqui
767 1532 930 1578 sacramentum
963 1555 965 1573 .

121 1598 174 1662 dat,
187 1598 246 1649 sicut
254 1601 357 1663 potestas
367 1596 501 1660 imperfecta
512 1595 642 1660 aperiecta.
650 1595 682 1644 Et
691 1593 748 1646 ideo
761 1597 877 1648 efficacia
885 1597 928 1648 atie
963 1584 965 1606 '

121 1683 173 1720 rum
191 1674 382 1720 sacramentorum
399 1667 557 1733 principaliter
577 1666 684 1718 consistit
704 1666 730 1716 in
749 1670 874 1733 materia,
889 1679 927 1734 put

122 1740 231 1791 virtutem
245 1741 345 1792 divinam
364 1745 388 1790 et
404 1739 517 1804 significat
531 1742 554 1790 et
567 1739 685 1801 continet,
702 1751 733 1788 ex
748 1741 926 1791 sanctificatio!

123 1823 167 1876 per
179 1811 310 1862 ministrum
324 1811 436 1862 adhibita.
450 1811 495 1860 Sed
509 1809 612 1860 efficacia
623 1809 695 1872 huius
708 1811 859 1862 sacramenti
875 1811 926 1876 prin

124 1881 229 1945 cipalitcr
243 1882 325 1933 residet
343 1896 416 1947 penes
430 1895 483 1932 cnm
499 1881 539 1946 qui
555 1883 725 1931 sacramentum
738 1879 880 1946 dispensat3
889 1895 927 1931 ne

124 1951 183 2002 teria
203 1957 278 2003 autem
292 1953 411 2004 adhibetur
429 1952 503 2016 magis
523 1951 550 2002 ad
566 1951 770 2001 demonstrandam
784 1957 925 2016 potestaten.
963 1946 965 1989 i

124 2035 177 2085 uua
187 2025 283 2075 traditur
295 2025 460 2089 particulariter
471 2026 499 2074 ab
507 2023 606 2074 habente
621 2034 673 2073 cam
686 2023 817 2088 complete,
829 2023 926 2089 quinat

124 2096 261 2156 potestatem
277 2096 422 2162 causandam3
438 2096 498 2160 quod
509 2098 572 2160 patet
587 2108 616 2145 er
629 2095 674 2144 hec
684 2093 746 2158 qudd
760 2097 861 2146 materia
873 2109 926 2147 con·

122 2163 183 2228 petit
196 2162 248 2214 usui
265 2167 394 2230 potestatis.

154 2235 184 2286 m
198 2249 238 2300 per
248 2239 291 2288 hoc
304 2243 367 2302 patei
379 2239 461 2291 soluiio
473 2241 501 2290 ad
511 2239 619 2304 primum.

155 2307 190 2357 dd
201 2308 325 2357 secundum
340 2309 468 2371 dicendum,
481 2309 543 2374 qudd
553 2309 671 2360 materiam
680 2308 706 2358 iu
718 2308 771 2360 aliis
781 2310 925 2362 sacramenia

122 2381 214 2444 oportet
227 2377 363 2428 sanctificari
374 2385 468 2446 propter
479 2381 588 2432 virtutem
601 2393 670 2444 quam
689 2379 812 2446 continet;
829 2383 924 2433 sednon

121 2455 159 2502 est
176 2450 208 2500 ita
223 2451 247 2499 in
257 2449 383 2514 proposito.

154 2525 188 2576 dd
209 2522 300 2576 tertium
322 2523 457 2586 dicendum,
474 2524 536 2590 quod
554 2523 689 2576 sustinendo
705 2525 760 2576 iilud
775 2525 877 2590 dictum,
897 2539 922 2577 ex

14 2582 18 2651 'r
121 2595 192 2646 dictis
206 2599 301 2660 apparet
315 2607 382 2646 causa
395 2597 453 2661 ejus3
463 2598 518 2660 quia
531 2595 592 2646 enim
603 2599 706 2660 potestas
718 2595 808 2647 ordinis
818 2598 922 2662 accipitur

16 2663 18 2731 ἶ
122 2663 264 2729 iministm,
280 2668 320 2718 sed
336 2667 509 2718 nonimateria
520 2705 526 2730 ‚
537 2668 589 2718 ideo
606 2666 722 2730 porrectio
737 2668 838 2718 materiae
854 2668 920 2733 magis

17 2743 19 2783 ι
120 2739 157 2790 eet
174 2737 202 2786 de
222 2737 322 2787 essentia
342 2739 476 2788 sacramenti
496 2738 565 2802 quim
582 2742 667 2788 tactus.
686 2739 776 2790 Tamen
790 2738 840 2804 ipsa
854 2741 918 2790 verta

18 2843 20 2859 r
121 2803 200 2856 dorna
214 2808 319 2858 ridentur
330 2809 449 2860 ostendere
460 2808 522 2874 quod
534 2813 609 2859 tactus
622 2809 724 2862 materiae
739 2811 772 2861 sit
784 2812 814 2862 de
828 2810 918 2863 moen&

18 2882 20 2947 j
119 2878 271 2940 sacramenti,
285 2879 340 2943 quia
353 2879 452 2930 dicitur:
471 2897 485 2930 u
496 2880 581 2946 accipe
591 2882 636 2932 iroc
645 2881 684 2933 ret
697 2882 766 2933 iilud.
777 2899 793 2932 a
