1942 3284
262 147 309 184 -ns
325 147 478 186 somniumne
494 147 663 186 romanorun.
821 131 863 179 iti

48 221 167 272 tentia:
185 222 275 272 numid
292 222 350 284 quod
366 222 421 272 dirit
433 222 557 273 Nicodemo
574 223 603 273 de
619 222 745 287 baptismo,
758 223 804 274 tuit
818 228 870 274 ante

51 293 277 344 incarcerationem
295 293 399 356 ioannis,
408 294 436 344 de
450 307 496 356 quo
508 298 587 357 postea
607 294 709 345 subditur
725 293 785 356 quot
796 295 870 358 tapn-

54 363 154 428 uabat3
169 364 230 414 illud
245 363 301 414 verb
314 365 373 427 quod
390 365 418 414 de
431 365 566 427 penitentia
580 365 650 426 dixit,
662 365 763 422 natta„
775 365 816 426 lv,
826 364 870 414 ruit

53 439 117 497 post
132 434 340 486 incarcerationem
355 435 491 485 benamesi
505 439 580 486 tamen
593 435 658 499 prins
671 436 699 486 ad
711 435 869 502 penitentiam

54 505 204 556 induxisset
221 505 289 568 quam
303 505 331 554 ad
346 505 498 568 baptismum,
512 507 556 555 hoo
570 506 621 556 ideo
643 509 716 566 esset,
729 506 782 569 quia
799 505 869 555 etiam

56 581 120 625 ante
130 576 276 640 baptismum
288 575 407 640 requiritur
415 576 517 638 quedam
528 576 674 640 penitentia,
685 577 743 626 sicut
752 580 776 628 et
786 577 868 626 Petrus

55 646 135 707 dicit,
154 648 222 704 Act„
237 648 274 697 11:
288 647 467 698 «penitentiam
481 646 554 709 agite,
565 651 589 697 et
600 647 726 711 baptizetur
744 645 867 710 mosome-

55 731 110 780 que
125 719 266 776 veebum.»

95 789 134 838 Ad
150 793 258 852 quartum
275 789 409 852 dicendum,
423 786 484 852 quod
501 788 604 838 cbristus
620 801 667 840 non
690 792 725 838 est
742 801 798 839 usus
808 787 866 851 bap·

58 860 149 920 tismo,
162 872 231 922 quem
240 858 290 922 ipse
300 858 404 921 instituit,
414 859 453 908 sed
464 861 500 908 est
509 859 634 922 baptizatus
644 859 756 922 baptismo
763 859 864 920 loannis,

57 934 89 978 ut
104 929 180 993 supra
194 929 325 980 dictumest
337 929 385 992 (qu.
397 932 435 990 39,
446 932 489 978 art.
502 930 549 978 tet
558 930 595 992 tp
603 930 647 980 Sed
661 942 704 980 nee
712 929 780 980 etiam
792 928 866 982 active

59 1014 124 1050 usus
139 1003 177 1050 est
190 1013 231 1050 suo
241 999 375 1060 ministerio,
388 1001 441 1064 quia
453 1001 503 1064 ipse
516 1014 562 1050 non
573 999 700 1063 baptizabat
708 1000 864 1062 communiter,

60 1073 108 1122 sed
123 1071 232 1136 discipuli
245 1072 311 1134 ejus,
325 1075 352 1121 ut
367 1071 448 1120 dicitur
461 1074 544 1127 ioan„
559 1073 604 1134 lV;
618 1072 722 1136 quamuis
731 1072 866 1122 credendum

61 1145 97 1194 sit
112 1143 178 1207 qnod
193 1141 315 1206 discipulos
333 1156 387 1193 suos
399 1143 548 1206 baptizaverit
559 1181 566 1204 ,
577 1147 603 1193 ut
616 1142 752 1206 augustinus
763 1142 819 1193 dicit
831 1141 867 1192 ud

62 1215 257 1264 Seleucianam.
278 1214 337 1266 Usus
356 1219 431 1264 autem
451 1215 520 1278 bajus
537 1215 670 1265 sacramenti
685 1215 713 1264 ab
728 1226 756 1264 eo
768 1212 867 1265 instituti

64 1285 217 1336 nullomodo
234 1283 256 1335 ei
275 1285 431 1348 competebat,
446 1299 489 1336 neo
504 1291 612 1349 quantum
631 1287 661 1336 ad
678 1287 724 1336 boo
738 1283 799 1350 quod
816 1285 865 1348 ipse

64 1356 212 1420 peniteret,
226 1356 250 1405 in
260 1369 304 1419 quo
317 1359 433 1419 peceatum
444 1369 490 1406 non
505 1356 557 1422 fuit,
570 1370 644 1421 neque
657 1359 766 1420 quantum
777 1357 807 1405 ad
823 1357 866 1405 boc

66 1426 134 1490 qnbd
150 1427 195 1480 hoc
213 1431 375 1476 sacamentum
394 1427 444 1477 aliis
460 1427 583 1490 preberet,
597 1427 689 1490 quiami
703 1425 865 1477 ostendendam

66 1496 249 1548 misericordem
269 1499 292 1546 et
308 1497 414 1548 uirtutem
432 1511 511 1558 suam,
526 1498 632 1549 effectum
649 1498 719 1560 hujus
731 1495 865 1546 sacramenti

67 1569 122 1618 sine
136 1571 274 1618 sacramento
287 1567 409 1632 prebebat,
421 1572 447 1618 ut
459 1567 527 1631 supra
540 1569 626 1619 dictum
636 1571 672 1618 est
687 1570 736 1631 (art.
750 1572 773 1627 5,
787 1567 816 1617 ad
829 1567 863 1629 a).

67 1641 241 1688 Sacramentum
254 1643 326 1687 antem
341 1638 482 1690 eucharistiae
493 1641 517 1688 et
525 1639 575 1701 ipse
583 1637 727 1701 sumpsit,et
735 1636 785 1686 aliis
793 1635 864 1698 dedit,

68 1716 122 1759 tum
140 1711 168 1759 ati
187 1711 385 1760 commendandam
399 1709 554 1760 exceltentiam
568 1709 637 1772 hujus
653 1707 803 1768 sacrmenti,
815 1710 864 1757 tum

69 1781 126 1843 quia
141 1781 185 1830 boc
200 1785 362 1840 sacramentum
375 1784 410 1830 est
421 1779 551 1830 memoriale
560 1775 688 1844 passionis,
696 1777 773 1842 inqua
785 1777 863 1829 cmis-

70 1859 109 1902 tus
127 1854 164 1901 est
174 1852 277 1902 sacerdos
289 1855 313 1900 et
325 1850 405 1918 hostia.

350 2019 511 2068 annicetus
525 2019 583 2068 t'ttt.

119 2132 201 2177 Utrum
212 2133 351 2188 penitentia
364 2132 444 2176 debeat
453 2133 543 2176 durare
556 2132 670 2188 usquead
680 2132 821 2188 simeonitis.

106 2251 140 2300 nt
151 2255 252 2299 octavum
262 2247 296 2296 eie
305 2245 484 2310 procediturit).
497 2245 590 2295 Videtur
600 2243 660 2308 qubn
673 2246 807 2309 penitentia
816 2257 862 2297 non

76 2323 155 2374 debeat
167 2319 245 2367 durare
258 2329 330 2380 usque
341 2317 367 2366 ad
379 2317 446 2366 tinem
457 2317 521 2367 vita.
533 2314 667 2366 penitentia
676 2317 737 2366 euim
746 2317 862 2366 ordinatur

77 2393 105 2442 ad
121 2389 252 2441 deletionem
269 2388 364 2450 peccati.
386 2387 430 2438 Sed
448 2387 561 2450 penitens
579 2385 654 2436 statim
667 2388 810 2450 consequier
821 2400 862 2438 re-

78 2461 204 2512 missionem
222 2463 378 2522 peccatorum,
393 2457 515 2508 seeundum
531 2455 586 2505 iliud
597 2457 695 2513 Ezeob„
708 2457 795 2513 xviii:
812 2457 861 2506 «st

79 2531 159 2594 impius
168 2531 236 2593 egerit
249 2528 404 2592 penitentiam
418 2528 446 2577 ab
462 2526 567 2576 omnibus
577 2527 676 2588 peccatis
685 2527 733 2577 suis
745 2540 795 2590 que
806 2539 860 2589 ope·

79 2606 137 2652 ratos
147 2605 189 2660 est,
198 2597 244 2648 uiti
254 2598 315 2648 vivet
330 2601 352 2646 et
364 2610 410 2648 non
424 2597 539 2648 morietur.
553 2612 567 2642 n
584 2598 641 2659 Ergo
659 2610 704 2647 non
717 2601 806 2660 oportet
821 2597 861 2645 ut-

79 2671 144 2724 teribs
156 2670 308 2734 penitentiam
324 2669 433 2733 protendi.

83 2845 98 2888 r
111 2777 143 2841 (1)
153 2781 183 2886 lie
195 2778 310 2884 tttsssotiam
322 2781 365 2839 iv,
378 2778 454 2828 Seni..
468 2778 522 2824 dist.
539 2778 575 2839 tr,
590 2791 630 2838 qu.
643 2779 668 2838 ἓ,
681 2784 725 2826 art.
743 2777 768 2838 i,
783 2788 858 2835 quas·

93 2854 149 2890 rouo.
186 2853 198 2886 e
238 2869 246 2888 .

951 2692 953 2745 a
