1942 3284
286 199 318 248 Νι
332 199 474 254 mmmm
488 201 608 252 Wssffl·
798 193 846 251 tte

73 275 222 340 reprimam
239 287 293 339 ergo
312 273 441 339 dicendum,
452 276 513 340 qnod
529 278 589 328 deut
604 279 692 341 Glossa,
708 282 790 337 Rom„
805 281 845 344 Vt,

45 359 110 410 super
129 345 191 397 illud
202 347 252 409 (ιιι
268 364 282 395 n
294 348 324 397 Ut
339 347 397 400 nitri
410 361 456 407 non
474 351 601 404 serranus
618 354 724 414 peceato,
740 369 754 400 o
767 352 842 404 dicit:

45 421 130 471 «Sient
145 419 231 483 aliquis
244 420 337 484 capiens
350 421 437 470 hostem
456 421 638 480 atrocissimum,
659 436 705 474 non
718 425 795 474 statim
810 424 847 474 in·

45 491 122 542 ιειιιιι
135 504 206 552 enm,
219 493 260 541 sed
272 493 359 556 petitor
371 505 423 542 eune
434 493 544 544 dedecere
556 498 581 544 et
590 494 667 544 odore
680 495 845 560 atiqnantntnns

45 562 126 623 rivere,
138 562 172 613 ita
184 566 207 614 et
215 563 320 614 Christus
334 576 425 628 ponam
437 562 502 632 priirs
514 563 629 630 alligavit,
642 565 666 618 in
679 567 756 618 tuturo
770 573 846 620 autern

45 636 173 699 perimet.»
441 633 443 638 ’

76 707 107 757 td
123 707 256 757 seeundum
274 705 408 771 dicendum,
420 707 481 772 qnod
503 708 562 758 sient
576 708 659 760 ibidem
680 708 737 760 dieit
748 710 845 777 (ilonea,

51 779 148 842 «duplex
163 781 202 832 est
214 791 284 843 prena
302 779 401 842 pennati,
412 779 545 842 gehennalis
559 784 583 830 ει
595 782 735 846 temporalis.
754 784 845 834 dehen-

47 851 115 900 nalem
127 865 229 917 prorsus
243 850 328 901 delevit
341 851 454 915 Christus,
465 856 491 901 ut
502 866 551 903 earn
567 866 613 904 non
624 853 725 906 sentiant
739 854 848 920 baptizati

44 925 65 971 et
76 922 128 974 vert
143 922 295 988 prenitentes.
315 923 469 988 Temporalem
482 924 539 976 vero
553 927 653 976 nnndnrn
665 927 756 990 penitus
774 926 844 990 tolit3

44 999 115 1045 manet
125 995 193 1046 enim
205 996 288 1057 fames,
301 995 351 1044 sitis
361 998 384 1045 et
397 1009 467 1056 mors,
479 1000 503 1046 et
510 996 653 1062 hujusmodi3
664 997 704 1048 sod
718 1011 814 1062 regnum
822 1004 847 1049 ει

45 1067 166 1118 dominium
184 1066 239 1130 ejus
254 1066 355 1128 defecit,
369 1071 394 1117 ut
414 1067 502 1118 scilieet
515 1070 557 1118 hoe
571 1071 640 1121 homo
653 1084 700 1120 non
715 1071 807 1135 timeat,
822 1076 847 1122 et

44 1140 131 1191 tandem
147 1141 173 1190 in
194 1139 321 1190 novissimo
336 1140 436 1190 eamdem
451 1140 543 1204 penitus
557 1142 752 1192 exterminabit.»

71 1213 103 1262 nd
123 1213 221 1264 tertium
236 1213 370 1273 ditandum,
385 1211 444 1276 qnid
464 1213 523 1263 sieut
538 1214 561 1264 in
583 1215 611 1264 ll.
636 1219 696 1278 part.
711 1215 796 1265 dietum
811 1220 848 1268 est

44 1285 82 1348 (t,
95 1289 127 1350 ι,
143 1301 186 1350 qu.
210 1289 253 1348 81,
269 1288 311 1336 art.
331 1284 375 1350 ι),
390 1289 508 1348 peecatum
527 1286 635 1350 originale
652 1288 696 1338 hoe
714 1289 780 1339 modo
795 1303 847 1354 pro·

45 1356 117 1420 nessii,
132 1357 199 1422 quod
210 1356 284 1422 prinrd
298 1369 396 1420 persona
408 1355 490 1406 iniecit
503 1361 619 1421 naturam,
634 1359 778 1423 postmodum
792 1359 848 1411 verd

46 1433 120 1478 natura
132 1427 219 1479 inserit
234 1440 364 1492 personam.
377 1427 480 1478 Christus
494 1429 549 1479 reri>
568 1442 678 1480 convene
692 1429 771 1480 ordine
785 1431 849 1497 prids

46 1505 130 1562 reparat
143 1501 170 1551 id
180 1499 242 1563 qnod
256 1511 360 1562 persone
372 1505 422 1564 est,
437 1503 462 1551 et
472 1501 617 1563 postmodum
627 1501 694 1552 simut
703 1501 728 1551 in
745 1502 849 1554 omnibus

47 1573 158 1636 reparabit
171 1573 194 1623 id
212 1572 271 1636 quod
286 1575 372 1621 natnrae
386 1575 429 1622 est.
446 1573 475 1622 Et
489 1571 541 1623 ideo
555 1573 645 1636 eotpanr
663 1573 780 1643 originalis
790 1571 850 1638 pfec-

47 1645 99 1705 eati,
112 1649 137 1696 ει
153 1645 225 1695 etiarn
236 1656 328 1708 poenam
337 1643 442 1694 carentiae
452 1643 547 1694 visionis
560 1644 656 1707 divinae,
667 1658 717 1707 qnae
725 1645 849 1710 respiciunt

47 1727 165 1776 personam
176 1715 219 1782 ι(ι)
227 1753 235 1780 ,
257 1714 333 1766 statim
353 1727 394 1778 per
409 1715 548 1780 baptismum
563 1715 623 1766 tottit
642 1713 670 1764 ab
689 1715 849 1767 nominasent

49 1789 192 1849 penatitates
206 1788 328 1854 presentis
342 1787 395 1838 vitre
409 1787 485 1852 (sieut
497 1801 571 1850 mors,
585 1785 658 1837 tames
665 1824 675 1851 ,
689 1786 753 1848 sitis,
768 1792 791 1839 et
804 1787 849 1840 alia

49 1857 208 1924 hujusmodi),
224 1859 349 1923 respiciunt
362 1864 482 1924 naturam,
499 1873 529 1911 en
542 1861 609 1926 enjus
621 1859 741 1924 principiis
754 1873 849 1911 causan-

50 1933 93 1994 tur,
106 1935 178 1998 proni
188 1934 224 1982 est
240 1931 347 1986 destituta
358 1931 461 1996 originali
478 1931 577 1999 justitia.
592 1933 620 1982 Et
630 1932 681 1983 ideo
694 1932 733 1982 isti
744 1931 849 1985 deiectus

51 2015 91 2052 non
103 2005 229 2064 tollentur,
244 2002 290 2053 nisi
307 2003 331 2052 in
348 2003 426 2054 ultima
442 2005 585 2068 reparatione
605 2008 692 2056 nature
700 2040 709 2067 ‚
722 2017 762 2070 per
771 2018 849 2056 resen

51 2075 155 2128 reotinnis
167 2075 272 2141 gloriani.

74 2230 109 2339 ¹{it
124 2237 162 2283 Ex
173 2233 346 2282 commentario
355 2232 416 2278 Petri
428 2232 565 2291 intonandi,
577 2231 637 2280 siout
650 2237 674 2278 et
684 2244 794 2294 remens,
810 2245 849 2282 en-

54 2305 79 2339 nr
89 2309 122 2344 nr.

81 2387 110 2452 (Ξ)
126 2393 179 2442 Non
194 2403 237 2450 per
248 2403 274 2438 ae
283 2403 311 2438 ae
319 2389 405 2438 diserte
419 2397 486 2450 prout
497 2397 533 2438 est
547 2391 596 2436 tane
608 2402 717 2448 persana,
728 2389 768 2436 sed
783 2393 852 2446 preat

55 2451 202 2500 adnotarem
220 2455 323 2512 pertinet
342 2455 371 2500 ab
386 2455 476 2499 Adonin
497 2459 626 2514 arreptam.
641 2453 706 2500 Unde
724 2456 852 2513 peecatum

57 2520 144 2622 :atam
157 2518 302 2577 appellatur,
316 2522 342 2561 ut
354 2517 406 2562 tneo
421 2515 458 2562 trie
478 2529 507 2563 ex
520 2517 544 2575 1,
554 2517 583 2577 ι,
598 2517 700 2593 indicato
713 2515 851 2573 explicatum
