1942 3284
378 174 439 212 mr
474 172 1082 215 mnssmsrmurroun.
1434 167 1530 217 2⁸¹3

0 256 30 300 ι.
68 251 319 311 Praeterea,
338 249 484 302 sonna
503 250 703 315 corporis
729 250 900 303 Christi
926 254 998 303 est
1016 250 1201 316 anima3
1233 252 1537 307 diciturenim

0 322 63 372 11.
100 322 181 370 De
204 321 376 371 anima
401 321 551 385 (text.
584 324 612 371 4
634 325 683 373 et
712 324 780 384 6),
803 321 927 387 qnbd
949 338 980 372 (ι
1005 322 1160 373 anima
1180 327 1254 373 est
1276 326 1410 375 aetus
1438 338 1537 377 eor-

0 392 56 443 ris
82 392 300 457 physici,
323 392 531 457 potentia
556 392 699 443 vitam
727 394 954 445 habentis,
983 409 1012 442 ι)
1041 394 1134 445 Sed
1153 408 1246 445 non
1271 398 1424 459 potest
1447 396 1537 446 dieti

0 465 40 514 >d
79 463 233 515 forma
272 464 581 515 substantialis
614 464 747 528 panis
780 469 1073 516 convertatur
1098 466 1149 515 in
1176 466 1391 517 animam.
1419 468 1537 533 Erga·

0 539 111 587 etur
139 535 260 600 qued
296 540 541 599 remaneat,
572 537 691 587 facta
719 537 1079 588 consecratione.

0 616 28 659 ι.
62 608 304 659 Praeterea
323 646 337 670 ,
354 608 541 672 propria
567 608 771 673 operatio
796 607 863 659 rei
886 608 1092 673 sequitur
1108 608 1300 660 formam
1327 610 1537 663 substan-

2 694 83 731 em
108 680 231 743 ejuS.
255 679 347 729 Sed
374 679 484 729 illud
510 680 633 743 quod
658 683 863 730 remanet
901 680 951 731 in
983 681 1071 732 hoe
1101 686 1384 732 sacramento
1400 718 1418 745 ,
1445 696 1537 734 nu-

0 756 39 815 t,
68 755 123 802 et
146 763 331 802 omnem
358 750 667 815 operationem
696 750 807 801 facit
824 763 960 815 quam
978 751 1146 803 faceret
1163 752 1294 816 panis
1317 752 1533 805 existens.

0 837 41 885 [ο
71 823 225 873 forma
260 822 571 873 substantialis
606 821 738 886 panis
779 824 985 873 remanet
1018 822 1069 872 in
1101 823 1190 874 hoe
1227 828 1529 889 sacramento,

0 896 39 943 ta
77 893 445 945 consecratione.

0 965 85 1015 {ed
130 967 291 1015 contra
311 1002 325 1025 ‚
355 965 501 1015 forma
548 963 859 1016 substantialis
905 964 1041 1029 panis
1077 968 1151 1017 est
1191 966 1247 1016 de
1288 966 1537 1018 substantia

0 1036 78 1087 rie.
106 1036 202 1087 Sed
226 1036 485 1087 substantia
504 1036 636 1100 panis
653 1036 932 1087 convertitur
949 1037 998 1086 in
1019 1050 1184 1101 eorpus
1201 1038 1394 1099 Christi,
1412 1038 1537 1089 sicut

1 1110 105 1155 tum
129 1109 203 1157 est
224 1107 243 1172 (
261 1109 348 1156 art.
367 1110 397 1155 2
421 1110 469 1157 et
499 1110 526 1155 4
548 1105 588 1173 ).
613 1108 728 1171 Ergo
757 1106 903 1159 forma
938 1106 1253 1159 substantialis
1284 1108 1418 1173 panis
1445 1121 1541 1161 non

0 1181 101 1229 net.

0 1250 322 1313 [Conausro.
354 1278 419 1289 —
446 1250 566 1301 Cirm
593 1253 693 1302 tota
729 1251 984 1303 substantia
1019 1250 1154 1317 panis
1179 1251 1229 1301 in
1254 1254 1398 1303 totam
1432 1250 1541 1303 suh-

1 1321 152 1371 ntiam
168 1321 372 1386 corporis
402 1321 577 1373 Christi
601 1327 913 1387 eonvertatur,
933 1324 1226 1388 perspicuum
1245 1329 1317 1374 est
1343 1322 1537 1375 formam

0 1393 282 1446 »stantialem
306 1392 440 1458 panis
474 1393 525 1443 in
561 1393 857 1456 eucharistie,
882 1399 988 1458 post
1015 1393 1423 1457 consecrationem,
1443 1405 1541 1445 non

0 1464 163 1528 nere.)

0 1536 272 1600 Respondet>
298 1537 541 1589 dicendum
554 1574 568 1601 ,
598 1536 719 1601 qubd
745 1537 927 1603 quidam
954 1540 1226 1603 posuerunt,
1256 1537 1395 1601 qued,
1419 1537 1541 1588 faeta

0 1607 277 1659 nsecratione
302 1620 413 1670 ,non
432 1607 580 1659 solum
599 1611 839 1659 remanent
854 1608 1108 1660 accidentia
1125 1607 1277 1673 panis,
1298 1607 1380 1657 sed
1399 1605 1541 1657 etiam

0 1690 79 1727 ma
113 1678 429 1730 substantialis
466 1679 585 1744 ejus.
624 1678 714 1730 Sed
743 1680 833 1730 hoe
870 1691 974 1730 esse
1019 1691 1113 1729 non
1147 1678 1301 1742 potest
1336 1692 1349 1727 ι
1385 1676 1541 1729 Primi*

0 1748 121 1799 idem
134 1787 149 1811 ,
177 1749 314 1813 quia,
354 1750 397 1801 si
431 1750 577 1802 forma
603 1749 915 1801 substantialis
950 1748 1086 1815 panis
1119 1749 1404 1810 remaneret,
1423 1744 1541 1797 nihil

18 1834 139 1885 pane
176 1825 516 1874 converteretur
555 1823 605 1873 in
630 1835 795 1887 corpus
826 1821 1022 1885 Christi,
1055 1820 1152 1871 nisi
1188 1819 1285 1871 sola
1311 1818 1537 1881 materia;

22 1890 89 1943 ita
120 1896 389 1957 sequeretur
426 1893 547 1958 qued
577 1906 671 1945 non
700 1895 1043 1945 converteretur
1086 1891 1137 1942 in
1171 1904 1335 1955 corpus
1374 1888 1545 1941 Christi

0 1977 85 2013 mm
100 2002 116 2027 ,
143 1965 225 2016 sed
252 1966 303 2015 in
344 1966 447 2030 ejus
488 1965 750 2029 materiam
782 1965 902 2030 quod
932 1967 1159 2029 repugnat
1195 1964 1354 2015 formae
1387 1972 1541 2011 sacra-

0 2035 79 2084 mti
93 2072 111 2098 ,
132 2035 223 2099 qua
241 2036 401 2087 dicitur
431 2052 444 2087 z
473 2052 500 2084 «
515 2038 611 2089 Hoc
630 2040 703 2088 est
721 2049 885 2102 corpus
907 2049 1078 2087 meum.
1107 2050 1136 2084 »
1159 2033 1394 2095 Secunde,
1415 2030 1541 2096 quia,

5 2105 154 2157 forma
180 2107 493 2158 substantialis
514 2108 649 2173 panis
672 2110 957 2168 remaneret,
984 2110 1062 2157 aut
1087 2107 1341 2157 remaneret
1365 2104 1416 2154 in
1443 2114 1545 2153 ma-

0 2177 54 2228 ria
70 2216 85 2242 ,
108 2181 189 2229 aut
212 2178 244 2239 a·
265 2180 458 2231 materia
476 2185 702 2244 separata.
720 2179 922 2230 Primum
944 2181 1098 2231 autem
1125 2190 1228 2229 esse
1254 2189 1347 2227 non
1371 2177 1541 2241 potest,

2 2247 45 2299 ia
63 2288 78 2314 ,
124 2250 168 2300 si
202 2256 462 2302 remaneret
498 2252 549 2301 in
586 2251 779 2303 materia
822 2250 954 2317 panis
971 2288 987 2313 ,
1020 2253 1131 2300 tune
1166 2251 1264 2300 tota
1296 2244 1549 2298 substantia

0 2319 73 2371 nis
98 2326 388 2386 remaneret3
414 2323 533 2387 quod
558 2325 631 2373 est
650 2325 809 2375 eontra
833 2322 1068 2388 praedicta.
1092 2322 1145 2371 ln
1165 2320 1257 2371 alia
1272 2321 1428 2370 autem
1451 2328 1549 2367 ma-

0 2393 56 2443 ria
78 2406 321 2444 remanere
359 2406 454 2444 non
486 2398 670 2459 posset,
711 2395 818 2458 quia
849 2392 1031 2459 propria
1063 2392 1210 2444 forma
1237 2403 1330 2441 non
1358 2391 1431 2439 est
1456 2389 1549 2441 nisi

26 2463 216 2529 propria
251 2465 462 2517 materia.
489 2465 539 2515 Si
568 2469 719 2517 autem
750 2468 1002 2516 remaneret
1037 2463 1065 2513 a
1091 2462 1283 2513 materia
1317 2462 1545 2525 separata,

0 2548 35 2583 n
62 2538 189 2586 esset
215 2536 359 2586 forma
382 2536 683 2601 intelligibilis
719 2542 821 2589 actu
838 2574 854 2603 ,
886 2540 932 2587 et
956 2535 1097 2586 etiam
1121 2534 1384 2597 intelligens
1395 2548 1415 2596 3·
1440 2544 1549 2584 nam

0 2619 103 2659 mnes
143 2606 301 2659 formae
345 2607 373 2657 a
399 2608 586 2659 materia
623 2614 841 2675 separatae
860 2646 875 2671 ,
906 2611 1016 2659 sunt
1047 2608 1177 2659 tales.
1213 2603 1391 2665 Tertib,
1424 2605 1549 2655 esset

0 2678 281 2729 conveniens
324 2678 431 2729 huie
458 2685 762 2746 sacrament03
792 2693 901 2732 nam
940 2677 1194 2730 accidentia
1217 2675 1352 2742 panis
1373 2673 1424 2724 in
1459 2675 1549 2724 hee

2 2753 237 2801 eramento
264 2754 525 2815 remanent,
552 2755 604 2802 nt
625 2752 709 2804 sub
732 2752 799 2804 eis
815 2750 1027 2803 videatur
1047 2762 1209 2814 corpus
1233 2746 1428 2808 Christi,
1449 2756 1545 2796 non

0 2824 99 2870 item
118 2822 206 2873 sub
224 2822 411 2888 propria
436 2824 587 2889 speeie
605 2863 619 2886 ,
649 2824 768 2877 sicut
796 2821 933 2889 supra
952 2821 1121 2873 dictum
1138 2824 1211 2873 est
1237 2820 1359 2883 (art.
1384 2820 1413 2866 5
1429 2815 1545 2879 ).,Ei
1846 2868 1857 2894 ὑ
1931 2817 1933 2849 ¹

0 2903 49 2943 eo
65 2893 309 2945 dicendum
329 2898 417 2959 est,
432 2895 553 2960 qued
574 2897 719 2952 forma
734 2891 1044 2949 substantialis
1059 2892 1194 2958 panis
1207 2901 1302 2943 non
1318 2888 1541 2941 remanet.
1746 2902 1769 2950 χ·
1877 2896 1890 2954 2
1913 2880 1942 2957 ᾖ,

1737 2413 1770 2757 :ntur—-
1733 2281 1749 2369 *⁶

1763 2921 1942 3073 ΔΗ
