1942 3284
210 152 242 189 na
255 150 415 191 masmana
430 150 645 189 summarorium.
797 140 826 187 bt

72 232 90 276 ³.
105 227 229 290 Preterea,
248 228 324 293 posita
340 227 408 279 causa
427 228 565 290 sufficienti,
584 227 642 279 nihil
660 224 719 277 aliud
741 225 829 277 videtur

50 311 85 349 esse
94 301 242 350 necessarium
254 302 284 349 ab
292 300 406 351 ellectum.
417 301 463 351 Sed
474 301 550 365 passio
560 300 645 351 Christi
658 304 694 349 est
707 296 827 349 sufficiens

46 385 99 421 ursa
106 378 185 423 nostra
195 373 289 436 salutis3
300 374 354 423 dicit
364 374 426 423 euim
440 372 616 437 llpostolus‚ad
630 374 710 427 Rom„
720 372 738 419 V
751 386 757 421 :
772 370 827 431 usi,

45 441 86 491 abur
104 443 188 493 inimici
209 457 328 507 essemus,
346 445 489 496 reconciliati
510 458 587 495 sumus
606 444 652 493 lieo
672 456 712 507 per
733 445 828 493 mortem

44 512 87 563 Filii
99 517 160 579 ejus,
182 515 267 564 multo
289 518 372 581 mapis
392 516 545 577 reconciliati,
564 516 622 567 salvi
638 514 722 567 crimus
739 514 764 563 in
782 513 827 563 vita

41 584 131 647 ipsius.»
146 588 198 637 Non
213 600 267 651 ergo
284 588 427 652 requiruntm
440 590 581 639 sacramenta
594 589 622 638 ad
639 587 734 637 salutem
748 586 828 635 buma-

43 670 94 708 mm.
686 704 688 712 ι

67 730 193 782 Saucomm
205 736 252 794 est,
267 732 329 795 quod
342 732 481 795 Augustinus
492 730 553 795 dicit,
568 730 628 783 lllll.
640 732 735 782 Contra
750 731 828 781 Faus·

44 802 89 849 tan
101 804 161 867 (cap.
173 802 215 866 11)
228 819 234 851 :
252 819 267 850 u
277 804 303 852 lu
314 804 402 853 nullum
412 817 496 854 nomen
508 803 633 867 religionis,
642 816 682 855 seu
694 815 773 853 rerum
789 815 829 853 seu

41 871 125 936 laisum,
138 875 263 924 coadunari
276 874 380 925 bomiues
392 880 500 939 possunt,
515 876 560 925 nisi
575 874 649 939 aliquo
664 874 829 939 signaculorum

41 955 77 992 seu
90 949 277 996 armamentorum
290 946 411 996 visibilium
422 947 534 998 consortio
548 946 712 1009 colligentur.»
728 946 773 995 Sed
787 957 829 995 nc·

41 1017 152 1066 ocssmium
163 1022 199 1067 est
209 1018 238 1067 ad
248 1019 369 1068 burianam
380 1018 476 1069 salutem
486 1019 589 1070 homines
599 1017 692 1069 adunari
702 1035 715 1067 a
723 1018 747 1067 in
757 1029 828 1067 uuum

42 1099 91 1137 rere
100 1088 217 1153 religionis
231 1102 323 1141 nomen.
338 1106 352 1137 a
366 1091 426 1154 Ergo
440 1095 580 1143 sacramenta
594 1094 647 1141 suut
660 1088 787 1141 necessaria
800 1088 829 1139 acl

42 1156 152 1209 humanam
160 1162 267 1211 salutem.

69 1230 322 1290 (Concursum-Cium
337 1234 443 1284 homiues
456 1234 571 1299 corporeis
586 1237 653 1285 rebus
668 1248 708 1298 per
724 1233 829 1284 allectum

42 1314 63 1350 se
76 1305 187 1365 peccando
202 1305 343 1369 subiecerint
348 1343 357 1369 ‚
375 1320 450 1369 neque
470 1307 536 1357 facile
550 1308 578 1357 ab
592 1306 621 1356 iis
641 1319 665 1356 se
679 1306 827 1365 abstrahant,

42 1386 76 1433 per
88 1389 139 1437 quas
149 1376 220 1427 eliam
231 1378 259 1426 ad
273 1390 309 1427 res
325 1377 453 1441 spirituales
466 1379 618 1439 deducantur,
635 1376 781 1443 perspicuum
796 1376 831 1425 est

44 1445 67 1492 al
78 1446 195 1497 bumauam
210 1449 307 1499 salutem
326 1453 466 1499 sacramenta
480 1464 528 1501 esse
539 1449 694 1511 necessaria.)

71 1515 201 1581 bespenoeo
215 1520 352 1584 dicendum,
366 1521 426 1584 qubd
440 1525 578 1573 sacramenta
591 1525 644 1573 sunt
657 1518 783 1571 necessaria
803 1518 831 1568 ad

51 1584 154 1639 humanam
164 1592 264 1641 salutm
278 1591 362 1655 triplici
377 1593 472 1643 ratione.
484 1595 583 1653 Quamm
594 1592 667 1657 prima
679 1592 788 1643 sumenda
797 1593 831 1640 est

50 1660 205 1712 munitione
226 1664 333 1713 bumana
350 1667 436 1715 natura
445 1701 454 1727 ,
468 1665 534 1728 cujus
548 1662 661 1728 proprium
682 1667 733 1724 est,
747 1666 773 1712 ut
790 1674 832 1725 per

45 1733 156 1793 coporaba
171 1739 195 1783 et
204 1734 323 1783 sensibilia
333 1734 358 1784 iu
372 1734 496 1799 spiritualia
506 1740 529 1787 et
542 1733 689 1797 intelligibilia
701 1734 830 1784 deducatur.

42 1799 133 1853 Pertinet
143 1809 224 1854 numm
236 1806 264 1854 ad
279 1806 380 1855 divinam
391 1806 554 1871 prouidentiam
565 1810 590 1855 ut
601 1804 723 1869 uuicuique
735 1806 769 1855 rei
779 1816 830 1869 pro·
901 1840 904 1853 .

41 1872 246 1926 udmtseeundbm
257 1878 347 1926 modum
359 1878 560 1929 suaconditionis.
572 1878 600 1928 Et
611 1878 662 1928 ideo
672 1876 832 1928 conuenienter

40 1943 109 1994 tiana
121 1948 238 2011 sapientia
253 1948 341 1998 bomini
354 1949 437 1999 auxilia
451 1948 529 2001 salutis
542 1949 629 2000 confert
642 1950 684 1999 sub
697 1948 831 2012 quibusdam

41 2019 188 2080 corporalibus
200 2024 225 2069 et
239 2020 384 2071 sensibilibus
396 2021 476 2083 signis,
488 2034 539 2085 qum
550 2023 707 2071 sacramenia
719 2020 830 2071 dicuutur.

40 2085 135 2140 Seruum
146 2091 206 2141 ratio
219 2093 330 2141 sumenda
341 2096 375 2142 est
385 2107 415 2143 ex
430 2097 491 2143 statu
504 2093 619 2156 bominis,
631 2092 669 2157 qui
682 2092 794 2157 peccando
809 2104 833 2141 se

42 2160 133 2211 saboim
145 2176 190 2227 per
202 2163 311 2212 allectum
321 2165 476 2228 corporabbus
489 2166 565 2215 rebus.
578 2165 611 2214 lbi
625 2168 698 2215 autem
710 2164 777 2214 debet
785 2176 833 2213 me·
912 2164 918 2173 “

44 2230 127 2285 &thule
142 2234 273 2285 remedium
290 2236 378 2284 bomini
392 2236 507 2300 adbiberi,
522 2237 562 2287 ubi
575 2238 657 2301 patitur
680 2236 790 2286 morbum.
805 2235 835 2285 Et

46 2302 237 2357 namureniens
250 2307 294 2356 luit
305 2311 332 2357 ut
340 2308 398 2357 licus
410 2322 451 2372 per
464 2310 567 2373 quadam
579 2308 702 2373 corporalia
715 2308 780 2371 sigua
793 2306 835 2356 ho-

51 2374 92 2424 nim
106 2379 255 2443 spiritualem
273 2379 408 2429 medicinam
431 2380 561 2445 adbiberet3
580 2395 645 2444 naun,
667 2382 686 2432 si
708 2377 834 2443 spiritualia

48 2447 95 2497 rub
103 2453 125 2500 ei
141 2454 340 2515 proponerentm,
351 2452 386 2501 eis
397 2451 486 2502 animus
498 2453 604 2517 applicari
615 2466 660 2503 nou
673 2454 767 2517 posset,
783 2464 843 2500 cor-1

45 2522 147 2577 bulbus
163 2522 267 2571 deditus.
282 2522 358 2572 Tertia
374 2528 449 2573 autem
469 2524 526 2574 ratio
543 2526 651 2576 sumenda
665 2528 702 2575 est
715 2536 743 2573 ex
761 2522 835 2573 studio

46 2592 130 2643 latioms
139 2596 268 2656 bumana,
283 2608 334 2657 quae
346 2594 460 2659 precipue
473 2595 532 2645 circa
544 2595 666 2661 corporalia
679 2598 788 2645 uersalm.
800 2594 834 2643 Nc

44 2672 89 2724 ergo
99 2671 159 2717 met
169 2665 262 2715 bomini
271 2667 351 2717 (lurum
365 2666 386 2716 si
395 2665 492 2716 totalim
501 2667 514 2717 a
524 2668 673 2731 corporalibus
683 2667 768 2717 actibus
780 2666 832 2715 abs·

44 2736 178 2801 traheretur,
198 2738 315 2801 proposita
336 2742 390 2788 suut
407 2737 430 2787 ei
449 2738 571 2801 corporalia
591 2738 698 2789 exercitia
716 2738 740 2787 in
758 2750 836 2787 saera-

16 2863 17 2872 *
44 2809 133 2873 meum,
144 2809 233 2874 quibus
244 2810 363 2861 salubriter
375 2813 509 2861 exerceatur
521 2811 549 2860 ad
564 2810 669 2861 evitanda
682 2807 836 2873 superstitiosa

16 2877 17 2935 l
44 2885 154 2946 exeritu,
163 2871 357 2948 quabomlstum
365 2882 392 2933 iu
400 2881 464 2931 cultu
472 2883 614 2945 damonum,
625 2883 662 2933 uel
674 2882 836 2946 qualitercum-
