1942 3284
275 211 305 248 un
319 211 482 252 eunsnsntonrs
497 211 606 250 nurnero·
794 208 840 255 573

339 421 504 494 QUAESTIO
521 424 559 490 11.

103 561 140 611 Do
153 563 311 609 contritionis
322 561 427 620 objecto,
441 563 471 608 tu
482 575 527 608 reo
538 564 657 610 articulos
669 566 760 611 diuiso.

75 709 159 761 Deinde
171 709 359 760 considerandum
369 709 405 758 est
415 707 443 758 de
455 707 546 770 objectu
554 709 706 762 contritionis.

75 778 141 832 Circa
152 781 217 846 qnod
229 783 360 842 quaeruntur
376 791 417 830 sex
429 795 434 829 :
447 781 475 828 1⁰
483 778 562 829 Utrirur
578 779 658 832 doben
672 781 740 833 homo
752 783 835 834 conteri

48 850 74 901 ie
90 850 173 914 poenis.
187 853 216 900 2⁰
228 847 306 900 Utrum
326 851 354 902 de
368 853 461 913 peccato
473 849 586 913 originali.
604 854 630 900 3⁰
640 850 718 901 nunu
736 852 765 904 do
774 854 835 903 omni

49 920 127 973 ustuali
140 919 271 973 commisso.
287 923 313 971 4ο
326 919 404 971 Uirium
416 919 444 971 ds
457 921 519 971 omni
531 925 625 984 peccato
639 921 721 972 actuali
734 922 837 974 commit·

49 991 111 1042 sudo.
125 996 152 1042 5⁰
166 989 286 1043 Utrumne
302 995 396 1054 peccato
408 989 492 1040 alieno.
504 987 619 1040 sonuum
633 991 661 1042 de
675 990 830 1058 singulispeu·

47 1063 99 1116 sais
110 1062 253 1122 monialibus.

341 1166 501 1218 nunlcunus
509 1167 529 1216 1.

47 1291 136 1354 ‚utrum
143 1291 215 1338 homo
224 1289 305 1336 ueneat
314 1288 404 1334 conteri
412 1287 441 1333 do
452 1289 536 1346 posius,
546 1293 570 1334 et
578 1301 626 1334 uon
634 1289 712 1335 solum
720 1290 750 1336 ue
762 1293 837 1348 cotgro

76 1415 108 1466 Ad
123 1415 223 1479 pomum
239 1411 273 1463 siu
287 1409 421 1477 proceditur.
432 1410 527 1462 Videtur
539 1410 600 1475 quiri
613 1412 682 1462 homo
692 1411 773 1463 debeat
782 1427 834 1466 son-

48 1483 89 1534 tsri
104 1485 131 1536 tle
148 1483 241 1550 punis,
253 1485 277 1532 ot
295 1494 340 1533 uun
359 1481 432 1531 suiuus
451 1480 480 1531 de
494 1481 568 1544 culpa.
583 1483 722 1544 Augustinus
735 1484 796 1534 onim
811 1487 835 1535 in

48 1553 139 1605 liniis
158 1553 327 1608 Poeuiteutio,
341 1550 396 1602 dicit
411 1565 418 1599 ι
435 1565 450 1598 o
467 1552 538 1602 Nemo
556 1550 626 1600 ritum
643 1556 750 1603 nuruum
773 1553 835 1604 iesi-

48 1624 116 1686 dsrut‚
131 1625 179 1675 nisi
196 1637 248 1676 nunu
258 1622 327 1686 hunius
339 1621 394 1672 vito
404 1620 506 1672 mortuiis
515 1620 634 1684 poeniteat.
651 1636 666 1667 o
681 1620 726 1672 Seri
735 1623 836 1672 mortalis

47 1691 96 1746 ritu
108 1696 212 1760 quodam
229 1704 295 1758 pruno
309 1695 353 1742 est.
363 1690 422 1754 Ergo
431 1689 497 1741 debet
513 1689 627 1753 pusitius
640 1688 708 1740 etium
720 1689 749 1741 de
762 1692 836 1755 pronis

48 1765 140 1816 conteri.

77 1833 297 1897 u.1>raetereo,nioit
309 1831 414 1896 Magister
425 1829 456 1882 IV
470 1831 590 1886 sentent,
601 1828 655 1880 dist.
666 1831 706 1892 1⁷,
719 1841 749 1880 ox
762 1828 837 1883 verbis

49 1903 166 1967 Augustini
177 1903 218 1955 tib.
230 1903 267 1953 Do
277 1903 340 1952 Vero
351 1905 377 1952 et
386 1899 461 1951 Falso
469 1900 558 1950 Poem't.
569 1899 620 1964 (rap
630 1898 681 1962 tt),
691 1898 752 1962 quot
764 1913 837 1964 opo·

48 1972 122 2025 nitens
141 1975 211 2027 debut
228 1971 303 2023 dolere
316 1985 345 2024 ex
357 1973 414 2031 hou,
428 1970 489 2034 quod
507 1969 589 2020 virtute
606 1968 778 2032 soporavit.»
792 1968 836 2020 Sed

46 2043 143 2108 unvano
158 2043 251 2096 virtutis
265 2042 367 2108 quodam
382 2053 451 2107 poena
470 2043 515 2092 est.
530 2039 589 2103 Ergo
605 2038 709 2091 contritio
725 2044 761 2090 est
772 2040 836 2102 dolor

49 2113 117 2165 stiam
131 2113 160 2166 de
173 2111 257 2179 nonis.

77 2181 122 2235 Sed
140 2186 240 2246 contra,
254 2181 330 2233 nullus
347 2183 411 2232 tenui
428 2180 481 2232 iilud
505 2181 533 2232 ds
549 2192 594 2245 quo
607 2179 675 2231 dolet.
696 2178 740 2230 Sei
762 2180 836 2244 poeni·

48 2251 326 2318 tens‚ssouudi1msuum
340 2262 436 2314 nomon,
450 2262 542 2316 prunam
557 2254 629 2300 unet.
643 2250 703 2312 Ergo
716 2263 762 2302 nun
774 2251 835 2302 dolet

49 2323 77 2374 ris
89 2335 170 2388 noenn3
178 2326 202 2374 et
211 2321 244 2374 sio
256 2319 370 2384 munitio,
378 2333 428 2384 qno
437 2325 473 2372 est
482 2321 546 2372 dolor
558 2318 733 2384 ponitentialis,
741 2333 787 2372 non
800 2326 835 2372 est

50 2393 165 2458 depoena.

81 2462 238 2525 (Cuncnnsru.
254 2489 286 2501 -
298 2460 353 2512 Cium
368 2459 428 2510 nulla
447 2457 567 2510 uoluntatis
578 2456 682 2522 durities,
692 2461 759 2524 cujus
770 2475 834 2512 conr·

50 2531 197 2585 minutionem
215 2531 326 2595 significat
342 2529 467 2594 contritio,
480 2531 507 2580 in
526 2530 592 2580 maiis
607 2542 681 2593 punto
697 2531 835 2592 inveniatur,

51 2613 97 2652 nun
112 2603 156 2653 nisi
171 2604 199 2652 do
214 2602 287 2666 culpis
306 2600 413 2650 contritio
428 2611 479 2650 esso
498 2603 588 2664 potest,
600 2600 705 2664 quumvis
722 2601 752 2650 do
770 2599 836 2649 maiis

51 2683 123 2733 prono
138 2673 213 2724 dolero
226 2669 365 2742 possimus.)
603 2724 611 2739 „

81 2741 213 2806 Respondeu
233 2741 364 2800 dicendum,
376 2735 436 2802 quid
452 2736 557 2790 contritio
570 2737 694 2803 importat,
706 2742 733 2788 ut
751 2739 835 2789 dictum

52 2811 99 2872 est,
109 2810 204 2874 aiicujus
212 2810 262 2860 duri
272 2813 295 2858 et
307 2809 387 2872 integri
400 2807 608 2859 comminutionem.
620 2807 672 2858 flur,
688 2812 763 2858 autern
776 2807 837 2857 iute-

52 2877 119 2940 unus
127 2883 153 2931 st
164 2879 245 2930 duritia
256 2878 370 2928 invenitur
380 2877 405 2930 in
416 2877 475 2929 mulo
485 2878 557 2942 cutpae
566 2893 574 2941 3
584 2877 638 2941 quia
649 2877 771 2938 voluntas,
784 2891 837 2926 ono
