1942 3284
435 171 496 207 ns
532 170 815 206 nemissionn
845 169 1110 206 venusium
1143 170 1473 209 accaronem.
1653 153 1751 207 325

220 245 298 296 Ad
326 243 521 309 primum
547 257 654 308 ergo
681 243 919 295 dicendum
936 282 949 306 ,
975 243 1094 306 quod
1118 243 1307 296 effectus
1332 246 1485 309 gratiae
1516 250 1742 312 operantis

150 321 224 365 est
247 313 516 380 justificatio
538 314 685 379 impii,
706 315 822 364 utin
847 314 892 363 11
915 317 1033 378 part.
1054 313 1226 364 dictum
1246 320 1319 366 est
1345 316 1403 381 (1
1428 321 1477 380 2,
1498 332 1575 381 qu.
1604 320 1739 384 112),

151 387 202 434 in
231 399 354 449 qua,
378 388 430 434 ιιι
447 384 616 436 ibidem
641 385 811 435 dictum
832 387 918 444 est,
948 397 1040 435 non
1062 383 1208 435 solnm
1234 390 1304 436 εει
1321 387 1475 448 gratiae
1500 387 1667 440 infusio
1695 396 1741 442 et

149 457 367 506 remissio
396 456 560 520 culpae,
591 457 668 506 sed
703 456 841 506 etiam
863 458 1014 505 motus
1037 454 1169 505 liberi
1196 456 1368 507 arbitrii
1389 458 1435 507 in
1463 459 1633 522 Deum,
1660 461 1740 524 qni

148 530 224 576 est
245 530 376 577 actus
405 526 509 577 fidei
537 527 766 587 formatae,
796 529 843 576 et
876 529 1027 576 motus
1050 524 1181 576 liberi
1206 527 1378 578 arbitrii
1396 528 1447 578 in
1488 534 1739 594 peccatum,

151 598 234 660 qui
255 601 328 647 εει
347 600 474 648 actus
505 596 801 660 poenitentiae.
821 596 880 645 Hi
909 599 1060 646 tamen
1090 600 1217 647 actus
1247 599 1434 649 humani
1455 604 1563 651 sunt
1581 600 1663 661 ibi,
1690 605 1741 650 ut

153 669 350 718 effectus
367 667 522 730 gratiae
540 667 773 731 operantis
795 666 932 716 simul
949 665 1159 730 producti
1176 679 1277 718 cum
1294 669 1555 722 remissione
1570 670 1738 735 culpae:

153 739 279 788 unde
317 738 527 788 remissio
567 739 708 801 culpae
738 751 831 788 non
865 737 916 787 fit
960 736 1061 789 sine
1093 741 1199 788 actu
1223 738 1504 802 poenitentiae
1538 740 1738 805 virtutis,

153 807 272 859 licet
296 808 358 858 sit
380 809 567 859 effectus
593 808 750 872 gratiae
773 809 1023 873 operantis.

219 880 288 930 Ad
313 880 558 930 secundum
599 880 869 940 dicendum,
894 878 1018 943 quod
1049 879 1099 928 in
1129 878 1455 944 justificatione
1482 879 1611 944 impii
1646 895 1740 932 non

157 951 310 1001 solnm
343 953 415 1001 cst
450 953 576 1000 actus
602 950 901 1014 poenitentiae,
933 951 1013 1001 sed
1043 950 1179 1000 etiam
1206 953 1333 1000 actus
1360 950 1482 1012 fidei,
1505 956 1557 1002 ιιι
1580 951 1745 1003 dictum

155 1027 250 1072 est.
277 1021 336 1070 Et
368 1020 470 1072 ideo
508 1021 714 1071 remissio
741 1023 883 1085 culpae
908 1034 1000 1071 non
1020 1021 1204 1084 ponitur
1218 1021 1405 1072 effectus
1431 1020 1575 1072 soliim
1600 1023 1746 1086 poeni·

155 1091 318 1142 tentiae
349 1090 548 1151 virtutiS,
577 1093 656 1142 sed
683 1090 978 1156 principaliiis
1012 1090 1116 1140 fidei
1144 1094 1191 1141 et
1216 1089 1467 1142 charitatis

225 1162 296 1212 Ad
327 1162 510 1212 tertium
531 1162 768 1212 dicendum
783 1201 798 1224 ‚
823 1162 944 1226 quod
964 1163 1022 1212 ad
1047 1163 1299 1226 passionem
1328 1161 1497 1213 Christi
1518 1163 1749 1214 ordinatur

157 1237 292 1283 actus
317 1232 597 1296 poenitentiae
641 1233 852 1294 virtutiS,
879 1235 926 1282 et
960 1246 1043 1296 per
1080 1232 1214 1282 fidem
1230 1268 1249 1295 ,
1279 1235 1327 1282 et
1354 1245 1435 1296 per
1458 1232 1663 1283 ordinem
1691 1233 1748 1284 ad

159 1305 319 1353 claves
346 1302 594 1353 Ecclesiae:
625 1307 672 1353 et
704 1303 806 1354 ideo
843 1307 1035 1366 utroque
1072 1304 1204 1354 modo
1247 1306 1401 1353 causat
1437 1302 1749 1354 remissionem

160 1375 314 1436 culpae
343 1371 508 1423 virtute
535 1373 755 1437 passionis
777 1372 961 1424 Christi.

227 1445 300 1494 Ad
333 1443 382 1493 id
411 1448 561 1494 autem
595 1443 713 1507 quod
753 1442 805 1494 in
837 1443 1108 1494 contrarium
1152 1442 1381 1507 objicitur,
1408 1441 1648 1493 dicendum
1679 1447 1749 1495 est

138 1515 290 1579 ‘quod
331 1517 458 1564 actus
499 1514 778 1578 poenitentiae
817 1514 999 1564 virtutis
1048 1513 1209 1577 habet,
1249 1513 1372 1577 quod
1414 1513 1515 1563 sine
1559 1527 1614 1564 eo
1658 1527 1751 1564 non

163 1586 317 1652 possit
335 1586 435 1636 fleri
449 1586 650 1637 remissio
671 1584 834 1650 culpae,
855 1585 903 1635 in
916 1587 1133 1648 quantum
1149 1589 1218 1635 est
1230 1584 1542 1647 inseparabilis
1559 1584 1751 1635 effectus

166 1659 356 1722 gratiae,
390 1671 472 1722 per
511 1670 645 1720 quam
681 1657 991 1722 principaliter
1030 1657 1159 1720 culpa
1191 1655 1455 1715 remittitur,
1484 1669 1588 1718 quae*
1616 1655 1752 1706 etiam

167 1733 389 1793 operatur
413 1729 461 1777 in
494 1728 700 1780 omnibus
736 1727 1045 1778 sacramentis.
1073 1728 1127 1776 Et
1154 1726 1257 1777 ideo
1282 1738 1364 1789 per
1380 1727 1466 1775 hoc
1486 1739 1578 1775 non
1605 1729 1754 1788 potest

168 1798 384 1850 concludi
415 1798 505 1849 nisi
540 1798 661 1862 quod
703 1798 846 1861 gralia
875 1801 946 1848 est
983 1795 1271 1861 principalior
1306 1809 1442 1845 causa
1474 1796 1753 1846 remissionis

170 1871 341 1934 culpae,
371 1869 504 1933 quam
525 1868 803 1932 poenitentiae
825 1869 1169 1918 sacramentum.
1191 1866 1435 1918 Sciendum
1453 1870 1605 1916 tamen
1632 1866 1753 1929 quod

168 1942 311 1990 etiam
337 1939 388 1988 in
416 1939 556 1989 veteri
587 1938 685 2001 lege
711 1942 758 1989 et
785 1940 835 1989 in
865 1939 964 2002 lege
992 1943 1180 1998 naturae,
1204 1941 1300 1987 erat
1322 1937 1573 2001 aliqualiter
1606 1950 1755 1987 sacra-

171 2015 376 2062 mentum
416 2010 718 2074 poenitentiae,
747 2014 797 2060 ιιι
834 2009 969 2074 supra
1012 2009 1179 2058 dictum
1216 2009 1417 2072 est(qu.
1458 2012 1547 2072 85,
1574 2012 1660 2058 art.
1704 2013 1751 2070 7,

171 2085 228 2133 ad
257 2082 325 2145 2).

605 2349 934 2420 QUAESTIO
965 2348 1336 2414 LXXXVII.

178 2500 244 2545 Dc
266 2497 546 2544 remissione
561 2495 833 2540 venialium
859 2499 1190 2550 peccatorum,
1211 2495 1269 2538 in
1294 2497 1504 2551 quatuor
1520 2498 1753 2542 nfficnfrir

877 2565 1056 2609 divisa.

240 2717 411 2769 Deinde
446 2714 819 2766 considerandum
859 2719 930 2764 εει
956 2716 1011 2765 de
1045 2713 1309 2767 remissione
1335 2714 1576 2766 venialium
1604 2730 1757 2778 [iera-:z-

178 2797 347 2843 torum.

244 2863 301 2912 Ει
324 2859 447 2908 circa
475 2856 561 2905 hoc
588 2861 846 2919 quaeruntur
863 2861 1085 2920 quatuor:
1117 2859 1173 2905 1⁰
1202 2855 1354 2905 Uti-iim
1377 2855 1473 2908 sine
1496 2858 1757 2918 prr-nitmilin
