1942 3284
129 181 176 234 144
304 191 364 230 aras
378 192 420 240 an,
436 191 531 238 onmrn.
546 191 634 244 amri,
652 191 708 232 raa.
726 193 755 232 n.

129 271 235 320 44444444
250 267 275 318 in
288 271 370 330 utero,
383 281 478 320 4444444
485 273 547 320 asset
556 281 598 320 eos
610 269 736 334 baptisari,
749 271 775 320 nt
786 281 827 334 per
835 281 931 334 snseep

128 339 215 393 tionem
226 339 363 392 4444444444
379 339 431 392 nbis
443 340 551 394 membris
565 341 648 393 Christi
661 341 871 394 conformarentur.

427 521 588 574 ARTICULUS
603 522 633 573 11.

255 645 341 691 1144444
351 644 403 690 aine
410 646 527 702 baptimo
536 645 625 704 altonis
630 645 706 704 possit
715 647 816 694 salvari.
853 707 858 714 ι

164 771 332 823 1444444444]
346 773 380 822 sio
390 771 520 836 proceditur
527 771 574 837 (1).
583 773 678 824 Videtur
690 774 752 836 quon
763 772 813 824 sine
821 773 936 839 baptismo

132 844 210 894 nnlins
224 843 296 908 possit
309 843 402 895 saivari.
414 843 474 894 bieit
488 843 549 894 enirn
565 844 683 908 Dominus,
695 845 778 904 toan„
798 845 845 896 lii:
866 845 936 897 «Nisi

133 915 186 979 onis
202 919 295 965 renatas
311 914 382 966 inerit
394 929 424 966 ex
437 928 497 980 aqna
508 919 532 966 et
545 915 630 980 Spiritu
642 920 736 979 saneto,
751 929 799 967 non
815 922 896 982 potest
906 919 937 967 in·

133 987 204 1038 troiro
216 986 243 1036 in
258 1000 355 1050 regnum
368 988 418 1039 bei.
436 1004 451 1034 o
469 988 515 1038 sed
532 987 566 1038 iili
581 987 624 1038 soli
639 989 767 1052 salvantur,
786 989 828 1054 qui
843 1003 937 1054 regnum

133 1058 175 1109 bei
188 1059 283 1110 mbant.
297 1060 356 1122 Ergo
368 1061 444 1110 nuilus
453 1062 531 1124 potest
539 1059 621 1110 saivari
634 1060 684 1111 sine
696 1059 820 1126 baptismo,
835 1076 886 1126 qno
899 1061 936 1112 ali·

133 1131 185 1195 onis
195 1135 378 1192 regeneratnrer
392 1135 488 1196 annaei
502 1131 589 1194 Spiritu
601 1137 690 1183 saneto.

164 1207 190 1252 1.
204 1206 327 1265 Praeterea,
336 1201 360 1250 in
370 1202 410 1254 lib.
430 1204 467 1252 De
478 1202 615 1253 ecclesiast.
630 1203 748 1269 dopmni.
762 1204 828 1270 (cap.
844 1207 892 1270 14)
906 1206 936 1256 di·

133 1274 192 1326 eitnr
206 1290 212 1324 ε
226 1291 240 1322 a
252 1273 345 1324 Nullam
361 1275 567 1336 aerianorum,
584 1275 690 1338 quamvis
703 1275 728 1325 in
746 1274 814 1326 bonis
832 1277 938 1342 oper-ibin

132 1346 281 1407 defunctum,
294 1345 366 1394 vitam
380 1349 486 1396 murram
506 1346 590 1396 babere
603 1345 843 1411 monimus-excepto
853 1353 937 1413 marty·

133 1417 185 1480 rio,
199 1417 239 1468 nbi
256 1420 307 1468 tota
320 1416 393 1466 virtus
406 1417 541 1468 nocumenti
554 1417 662 1482 baptismi
674 1418 809 1484 completur.
822 1435 838 1467 o
855 1421 903 1472 Sed
920 1419 936 1470 si

134 1490 217 1553 aliquis
235 1489 285 1540 sine
303 1488 415 1552 baptismo
437 1490 634 1553 possessivum,
657 1490 754 1541 maxime
777 1492 822 1542 boc
846 1493 938 1543 baberet

135 1561 213 1612 locum
226 1561 252 1612 in
270 1558 440 1612 enteabnmenis
452 1560 512 1611 bona
528 1574 598 1626 opera
616 1561 765 1624 habentibus,
778 1561 817 1626 qni
835 1563 939 1615 vidorrtm

135 1633 220 1684 babere
238 1633 306 1684 iidem
322 1646 363 1697 per
380 1631 524 1684 dilectionem
537 1637 679 1698 operantem.
695 1635 789 1686 Videtur
805 1647 864 1698 orgo
885 1633 938 1701 quot
958 1675 959 1698 2

135 1705 185 1756 sine
202 1705 317 1770 baptismo
330 1703 406 1755 nullus
418 1704 593 1768 possitsalrari.
958 1719 959 1764 ς

168 1781 191 1828 it.
205 1778 335 1840 Praeterea,
350 1776 410 1828 sient
423 1777 492 1841 snprb
502 1776 587 1828 diotnnr
598 1779 701 1842 est(qn.
720 1782 760 1838 64,
774 1780 819 1828 art.
834 1781 849 1827 3
865 1783 892 1832 et
906 1781 935 1840 4),
958 1789 959 1836 1

136 1853 304 1899 sacramentnm
317 1847 425 1912 baptismi
435 1852 471 1898 est
488 1849 516 1898 de
527 1849 663 1900 necessitate
675 1849 761 1900 salutis.
778 1849 937 1902 Necessarium

136 1927 212 1971 444444
234 1923 285 1983 est,
301 1919 351 1970 sine
369 1932 415 1983 qno
428 1931 475 1970 non
493 1924 570 1984 potest
583 1920 668 1984 aliquid
685 1933 753 1984 esse,
768 1923 793 1970 nt
807 1919 898 1972 dicitnr
915 1921 937 1968 V.
958 1917 959 1948 1

136 1993 277 2055 netapbps.
293 1992 360 2055 (text.
373 1989 408 2054 6).
423 1992 483 2055 Ergo
494 1991 584 2043 4444444
600 1993 660 2057 qubd
673 1992 723 2044 sine
735 1991 852 2056 baptismo
866 1993 939 2045 nnlirn

136 2061 209 2126 possit
222 2061 332 2126 44444441
344 2061 452 2113 salntem.

168 2135 214 2185 sed
237 2137 314 2184 eontra
330 2138 379 2196 444,
393 2136 455 2197 qnod
475 2134 615 2198 bagnstinns
633 2135 688 2186 dieii
708 2151 785 2201 anper
799 2137 938 2188 leviticam

136 2206 192 2270 (qn.
208 2205 259 2269 44)
277 2221 284 2254 :
300 2222 315 2253 a
325 2205 464 2256 lnmsibiiem
478 2207 678 2258 amaricationem
693 2207 827 2270 pnibnsrlanr
849 2209 938 2260 arruisse

137 2280 161 2327 44
171 2277 283 2341 profuisse
294 2277 346 2328 sine
360 2277 490 2328 visibilibus
501 2279 663 2342 sacramentis3
675 2277 789 2330 visibilem
803 2279 860 2331 verb
874 2293 939 2331 sane·

136 2346 297 2413 tibeationem,
313 2362 363 2412 qno
375 2349 401 2397 44
417 2354 560 2401 sacramento
573 2349 668 2412 risibili,
682 2349 733 2402 sine
745 2349 858 2400 invisibili
871 2363 939 2416 posse

137 2419 233 2481 444444,
248 2421 289 2470 sei
301 2433 348 2470 non
358 2432 427 2484 posse
440 2421 559 2485 prodesse.
575 2437 589 2469 o
604 2420 661 2472 Cbm
680 2420 750 2485 igitur
771 2427 937 2474 sacramentnm

136 2490 245 2555 baptismi
255 2491 284 2542 44
298 2490 412 2542 visibilem
426 2493 628 2543 sanetiimtioaenn
643 2494 766 2558 pertineat,
776 2493 869 2545 videtur
881 2495 940 2560 qrbi

138 2559 188 2611 sine
201 2566 342 2612 memmento
359 2562 468 2627 baptismi
478 2563 563 2626 aliquis
573 2566 646 2628 possit
662 2566 758 2616 saintnn
774 2567 887 2630 wassqni
903 2579 939 2632 per

138 2629 276 2684 invisibilem
294 2632 509 2686 sanctificationem.

171 2796 205 2860 (1)
219 2801 252 2846 lie
273 2802 444 2859 arserimus,
465 2803 494 2862 1,
508 2816 549 2862 qu.
573 2803 633 2866 113,
648 2811 693 2854 art.
714 2805 743 2868 3,
759 2805 788 2852 44
804 2805 832 2862 1;
847 2812 872 2853 44
891 2807 938 2861 IV,

138 2861 217 2914 Sese..
228 2864 282 2910 4144.
291 2864 319 2924 4,
333 2878 373 2922 qn.
384 2866 413 2925 3,
432 2873 475 2913 art.
485 2867 515 2925 3,
527 2869 664 2926 quaestione.
676 2869 701 2927 1,
715 2881 779 2927 eorp.
791 2874 815 2915 ot
827 2869 855 2915 44
869 2869 901 2928 8,
918 2877 939 2916 et

138 2923 233 2975 044444
243 2928 374 2980 anons.
384 2931 428 2990 Π,
439 2942 494 2989 nep.
503 2931 548 2987 13,
561 2933 684 2983 otioso„
696 2933 740 2994 Ἦ,
751 2931 840 2994 14441,
853 2933 900 2980 eoi.
915 2933 936 2980 1.
