1942 3284
130 161 175 219 stt
261 167 461 230 surrentinorum,
478 169 573 225 οὐκετι
587 167 684 231 x'xxtrl,
697 174 758 218 snt.
782 184 810 220 v.

159 261 185 309 a.
198 257 329 320 Praeterea,
341 256 452 308 Dominus
470 256 532 307 dedit
544 256 664 320 discipulis
674 257 845 309 sacerdotalem
859 261 932 324 potos

130 335 199 382 tatem
219 331 309 394 quando
328 329 385 380 dixit
400 345 406 380 :
424 346 438 377 u
450 328 553 393 decipite
570 328 681 392 Spiritum
694 332 822 391 sanctum,
844 343 933 395 quorum

130 401 264 454 remiseritis
281 405 389 466 peccata,
407 404 453 451 etc.
470 401 583 455 oleon..
601 400 655 451 llll.
666 399 712 450 Sed
727 400 833 464 Spiritus
849 406 935 456 sanmus

132 473 199 525 detor
210 481 252 539 per
264 471 345 522 montis
355 471 533 537 impositionem.
548 471 608 534 Ergo
619 474 644 520 et
661 471 687 520 in
699 471 753 534 ipsa
768 473 856 523 mantis
868 473 936 537 impr

133 543 216 594 sitione
233 541 370 608 imprimitur
388 544 506 592 character
516 539 612 591 ordinis.

163 609 189 666 d.
203 615 330 677 Preterea,
345 614 405 664 sicut
416 623 580 664 consecrantur
591 612 706 676 ministri,
719 612 753 662 ita
768 616 792 664 et
809 622 893 666 uestes
903 615 940 664 mi-

134 687 265 738 nistrorum.
280 685 325 736 Sed
341 689 418 736 uestes
439 685 486 735 sola
502 683 632 734 benedictio
652 688 783 734 consecrat.
799 683 866 750 Ergo
884 686 940 737 etin

134 757 185 822 ipsa
201 757 360 808 benedictione
374 757 475 821 episcopi
489 755 630 806 consecratio
644 755 772 806 sacerdotis
784 757 899 807 eldmtnr.

166 827 189 879 l.
203 827 329 892 Preterea,
342 829 404 880 sieut
416 828 529 879 sacerdoti
543 827 687 889 datnrcalir,
696 826 730 877 ita
743 831 768 878 et
778 829 857 879 uestis
868 843 943 880 sacer-

138 901 228 953 dotalis.
242 902 267 952 Sl
277 915 330 966 ergo
339 902 364 951 in
373 901 465 951 datione
474 899 552 950 calicis
566 899 707 964 imprimitur
715 901 855 959 character,
867 903 942 953 eaden

136 973 223 1024 ratione
242 975 266 1024 et
286 973 311 1022 in
329 973 421 1024 datione
433 971 531 1034 casule3
547 975 571 1020 et
588 971 622 1020 sic
641 971 750 1021 sacerdos
767 972 870 1023 haheret
893 973 943 1023 dnm

136 1029 291 1106 characteres,
306 1045 365 1108 qnod
379 1044 461 1093 lahem
471 1045 515 1093 est.

164 1121 193 1166 e.
207 1116 331 1176 proterea,
345 1115 400 1165 ordo
413 1113 503 1164 diaconi
514 1111 651 1163 conformior
669 1118 706 1163 est
719 1114 798 1164 ordini
811 1117 942 1178 sacerdotia,

140 1189 207 1253 poam
223 1189 277 1240 ordo
289 1185 430 1250 suhdimoni.
450 1186 495 1236 Sed
508 1184 529 1235 si
543 1186 660 1233 character
680 1184 858 1248 imprimeretur
874 1201 943 1238 mem

140 1260 187 1312 doti
199 1261 286 1323 inipso
301 1258 378 1308 calicis
392 1255 551 1320 porrectione,
563 1255 717 1306 subdiaconus
731 1261 795 1308 esset
810 1259 944 1310 conformior

140 1331 253 1382 sacerdoti
271 1329 338 1394 quam
352 1328 474 1388 diaconus,
487 1329 540 1390 quia
555 1327 711 1378 subdiaconus
729 1330 894 1381 characterem
913 1343 943 1379 re·

140 1401 195 1465 cipit
212 1401 238 1450 in
251 1401 302 1466 ipsa
320 1399 398 1450 calicis
411 1399 570 1463 porrectione,
586 1411 633 1448 non
654 1403 732 1448 aomar
746 1401 873 1452 diaconus.
892 1404 944 1466 Ergo

140 1473 257 1524 character
271 1470 416 1524 sacerdotalis
432 1483 479 1523 non
493 1470 633 1535 imprimitur
650 1470 676 1519 iu
693 1471 747 1536 ipsa
760 1473 843 1524 cottus
855 1487 942 1538 porrec-

138 1545 210 1598 done.

174 1623 197 1668 6.
209 1619 333 1678 Praeterea,
346 1614 486 1680 acolytorum
501 1614 556 1664 ordo
565 1613 639 1677 magis
650 1614 825 1679 appropinquat
835 1617 865 1668 ad
874 1620 941 1666 mum

142 1689 266 1741 sacerdotis
282 1701 323 1753 per
336 1689 382 1738 hoc
396 1686 461 1751 ¹qudd
475 1685 545 1737 hahet
558 1690 635 1736 actum
646 1699 715 1750 snper
729 1688 868 1753 urceolum,
882 1688 941 1753 onim

141 1759 386 1824 perhocquddhabet
399 1761 472 1808 actum
486 1770 555 1820 snper
570 1755 741 1808 candelabrum.
754 1758 800 1809 Sed
816 1761 893 1822 magis
905 1760 940 1809 im

109 1873 111 1878 .
142 1831 250 1896 primitur
266 1833 381 1882 character
396 1829 421 1879 in
435 1829 531 1894 acolytis
540 1829 629 1892 quando
641 1828 759 1893 accipiunt
771 1832 939 1892 madentium,

143 1901 212 1965 dudm
227 1903 316 1966 quando
332 1901 449 1966 accipiunt
461 1901 594 1963 urceolum,
608 1901 662 1962 quia
674 1902 760 1950 nomen
772 1902 875 1966 acolyti
889 1904 941 1952 cori

142 1973 315 2036 portationem
341 1972 461 2035 significat.
479 1973 539 2034 Ergo
561 1972 586 2020 in
604 1971 722 2021 sacerdote
741 1983 790 2022 non
809 1973 942 2039 imprium

142 2045 259 2096 character
273 2043 362 2108 quaudo
375 2043 468 2093 calicem
482 2043 572 2107 accipit.

174 2115 218 2166 Sed
231 2121 325 2166 contra:
340 2115 476 2179 Principalis
490 2118 554 2164 actus
569 2113 657 2164 ordinis
669 2115 796 2165 sacerdotis
817 2120 857 2167 est
868 2129 942 2168 conae

144 2198 206 2239 crare
217 2198 300 2250 eorpus
312 2185 403 2238 Christi.
418 2186 463 2236 Sed
480 2186 565 2237 adhoc
579 2187 645 2236 datur
656 2184 691 2234 rlli
704 2191 813 2249 potestas
828 2188 856 2237 iu
871 2189 942 2238 talit'e

142 2256 293 2325 porrectione.
310 2260 369 2322 Ergo
382 2261 437 2308 tunc
450 2255 588 2320 imprimitur
599 2259 727 2307 character.

176 2327 443 2396 (contrusio-Cium
455 2326 589 2392 principalis
604 2332 669 2378 actus
683 2329 811 2380 sacerdotis
827 2329 942 2395 sitm

144 2406 167 2454 ct
180 2399 313 2463 murrinam
330 2399 418 2450 (lhristi
433 2411 575 2464 consecrare,
589 2403 654 2451 recte
665 2399 690 2448 in
698 2400 752 2465 ipsa
761 2400 848 2452 catims
857 2403 941 2454 maht

142 2473 186 2525 suh
200 2475 262 2523 certa
272 2471 393 2524 uerborum
408 2471 480 2522 torma
490 2469 630 2534 imprimitur
642 2472 790 2522 sacerdotalis
802 2474 942 2524 chamae.»

171 2543 308 2608 Respondeo
322 2541 450 2605 dicendum,
464 2541 525 2604 qu'od
534 2543 605 2603 (sicut
615 2543 702 2593 dimum
713 2546 757 2604 est,
771 2547 817 2594 art.
826 2548 842 2593 t
852 2545 874 2608 l,
885 2546 942 2608 ejas

141 2611 192 2667 d'erh
204 2618 240 2666 est
258 2615 355 2666 formam
372 2613 470 2677 aliquam
484 2613 608 2678 inducere,
622 2618 647 2664 ct
663 2615 782 2665 materiam
791 2615 827 2666 de
842 2618 941 2681 proxim

139 2685 306 2807 {repararem
321 2685 425 2735 formam,
438 2685 504 2735 llnde
519 2685 641 2750 episcopus
657 2685 685 2734 in
698 2685 823 2737 collatione
838 2689 940 2740 odim
957 2712 959 2743 ε

155 2763 185 2808 uo
196 2757 256 2808 *molt
271 2772 277 2808 r
293 2760 407 2822 preparat
424 2755 485 2808 enim
507 2758 644 2809 oldinandos
664 2758 693 2809 ad
710 2759 798 2810 ordinis
817 2761 940 2825 παῤ)
957 2752 959 2762 '

139 2830 209 2888 dem,
224 2833 247 2879 et
260 2829 344 2880 ordinis
361 2831 497 2892 potestatem
511 2829 589 2880 tradit.
604 2831 722 2895 'Properat
742 2831 857 2896 quidem,
873 2839 900 2883 et
911 2833 939 2882 in

139 2897 249 2950 struendo
260 2911 301 2950 eos
312 2901 340 2951 de
350 2900 441 2964 proprio
455 2899 547 2965 officio,
560 2905 584 2952 et
592 2901 678 2965 almuid
689 2903 751 2953 ciret
763 2915 805 2954 cos
816 2904 939 2969 operando.
