1942 3284
274 169 303 206 oc
318 171 473 208 sacurncuro
489 169 659 207 rocusrcnrrm.
824 166 868 211 iii

69 245 209 311 punitentia
222 249 274 296 suut
290 249 399 308 peccata,
415 258 460 295 nou
472 246 625 309 acceptanda,
639 248 677 296 sed
693 248 824 298 detestanda
838 257 861 300 et

68 317 215 368 destruenda.

98 388 132 437 ld
152 385 255 452 primum
276 398 331 448 crgo
345 385 482 446 dicendum,
500 383 560 448 qudd
582 385 640 437 ratio
654 385 693 436 illa
713 389 815 451 procedit
831 389 860 439 de

68 457 170 520 proxima
180 456 276 507 materia
288 456 430 506 sacramenti.

97 529 130 578 ld
142 527 272 577 secundum
281 525 410 588 dicendum,
424 525 483 589 qudd
493 530 560 576 retus
571 530 596 576 et
608 527 709 577 mendis
717 527 764 578 riia
774 534 810 580 est
820 531 860 582 olr-

66 601 152 663 jectum
171 597 332 663 poenitcntire,
351 610 397 648 non
415 599 604 662 rationemors,
619 598 661 648 sed
682 600 768 652 ratione
788 604 860 668 colpe

66 683 168 720 annerae.

97 741 130 791 ld
141 737 239 791 tertium
250 738 377 800 dicendum,
387 737 447 802 qndd
459 737 594 802 poenilemia
604 740 770 802 quodammodo
782 747 817 795 est
832 745 860 797 de

68 811 168 874 quolibet
189 812 332 874 peccalorum
350 819 449 870 genere,
462 819 510 857 non
522 811 598 857 umen
611 810 689 860 eodem
710 813 786 864 modo.
803 816 861 865 liam

67 883 94 931 de
107 884 205 946 peccato
216 879 299 928 actuali
312 879 401 930 mortali
413 883 449 928 est
459 878 593 942 penitentia
605 880 695 944 proprie
708 885 733 932 et
741 885 861 949 principa-

67 952 135 1002 liter:
150 949 245 1016 proprii
260 949 365 1012 quidem,
378 950 431 1012 quia
444 948 536 1013 proprii
547 948 643 999 dicimur
659 952 768 1014 paenitere
781 954 810 1005 de
825 955 861 1007 iris

67 1036 116 1086 que
128 1020 209 1072 nostri
227 1018 343 1070 uoluntate
356 1020 524 1082 commisimus3
537 1019 690 1083 principaliter
702 1026 793 1083 autem,
806 1027 862 1089 guia

68 1094 94 1142 ad
104 1092 245 1144 deletionem
258 1088 345 1153 peccati
357 1089 456 1139 mortalis
469 1091 514 1141 lroc
524 1094 688 1140 commentum
704 1094 861 1158 estprincipi-

67 1163 116 1214 liter
130 1161 271 1212 institutum.
283 1161 315 1211 lie
328 1160 427 1223 peccatis
439 1163 516 1210 cutem
529 1159 657 1211 venialibus
670 1165 805 1225 estquidam
813 1179 862 1228 pm·

67 1229 162 1283 nitentia
169 1229 272 1295 proprii,
281 1228 307 1278 in
321 1235 429 1292 quantum
444 1233 498 1280 cunt
511 1229 712 1282 nostriroluntate
724 1233 799 1296 lacm3
816 1247 861 1284 non

66 1306 141 1351 tamen
154 1303 238 1351 contra
249 1300 300 1350 hec
312 1298 466 1363 principaliter
483 1303 519 1350 est
532 1300 576 1350 ltoc
590 1305 755 1352 sacamentum
768 1303 860 1354 institu-

67 1376 122 1421 tum.
136 1372 170 1424 lie
186 1373 283 1435 peccalo
295 1367 350 1418 rerd
363 1369 466 1430 originali
477 1369 610 1433 paenitentia
620 1383 664 1421 nec
675 1373 804 1435 specialiter
814 1378 859 1438 est,

66 1442 117 1506 quia
132 1445 215 1492 contra
225 1440 301 1502 ipsum
311 1451 358 1490 non
368 1439 483 1490 ordinatur
494 1441 538 1490 troc
551 1445 728 1505 sacramentum,
738 1443 779 1493 sed
789 1443 861 1508 magis

66 1512 195 1578 baptismus
203 1527 211 1575 3
219 1521 263 1560 nec
271 1509 341 1559 etiarn
351 1508 450 1572 proprii,
459 1509 513 1572 quia
523 1515 640 1572 peccatum
649 1511 760 1574 originale
772 1525 818 1562 non
825 1518 861 1564 est

66 1581 142 1634 nostrl
158 1582 280 1632 voluntate
299 1583 429 1643 peractum3
444 1580 490 1629 nisi
505 1579 564 1630 rorte
584 1580 608 1628 in
627 1586 737 1643 qnantum
754 1583 861 1634 uoluntas

66 1653 119 1704 ldae
131 1655 254 1716 reputatur
262 1655 348 1710 nostra,
360 1650 483 1700 secunddrn
494 1650 585 1700 modum
594 1651 701 1713 loquendi
708 1666 754 1715 quo
764 1658 860 1717 Aposto-

66 1722 176 1786 laodicii,
187 1723 295 1781 liom.,i¹
310 1737 316 1771 z
334 1722 383 1772 clu
396 1734 441 1785 quo
454 1733 533 1771 omues
545 1725 706 1784 peecaverunt.
721 1737 735 1770 a
749 1725 776 1773 ln
791 1736 861 1786 quan-

67 1795 114 1842 tum
127 1797 209 1844 tamen
221 1790 282 1856 largi
296 1791 404 1856 accipitur
415 1791 550 1856 punitentia
561 1803 603 1854 pro
615 1804 756 1856 quacumque
765 1794 861 1844 deusa-

67 1862 128 1916 tione
139 1864 175 1916 rei
185 1863 315 1930 praeterite,
325 1867 401 1927 potest
409 1863 455 1912 dici
464 1862 633 1928 penitentiale
641 1867 737 1926 peccalo
745 1865 859 1930 originali,

68 1934 125 1984 sicut
134 1934 237 1998 loquitur
245 1934 412 1996 lugustiuusin
421 1933 462 1984 lib.
473 1935 510 1982 De
520 1935 668 1983 Pmritmlr'o
678 1935 739 1997 (uera
746 1939 770 1985 et
780 1935 859 2000 talea),

68 2005 277 2068 cap.o,tom.1x.

356 2108 517 2160 ARTICULUS
531 2110 570 2159 lll.

61 2245 63 2249 ’
106 2233 193 2277 Uirrim
202 2232 249 2276 hace
257 2232 289 2275 cil
296 2234 377 2286 formo
385 2232 457 2286 liujus
466 2233 608 2275 socroourrti
617 2249 625 2275 .-
635 2233 681 2286 Ego
693 2239 714 2276 te
722 2236 817 2280 ebroico.

98 2355 131 2406 ld
143 2355 236 2408 tertium
249 2356 282 2406 sic
292 2355 430 2419 proceditur.
446 2357 539 2406 Videtur
547 2355 607 2420 quid
621 2357 671 2406 hec
684 2369 730 2408 nou
743 2358 773 2407 sil
786 2358 858 2408 iorma

68 2423 136 2490 hujus
151 2426 287 2476 sacramenti
302 2441 308 2475 :
323 2425 378 2490 Epo
393 2429 417 2474 te
428 2425 535 2475 obsoleo.
549 2426 635 2475 Formo
653 2425 715 2476 enim
729 2440 859 2478 sacramen-

69 2501 140 2548 torum
156 2512 186 2549 ex
197 2498 338 2548 institutione
352 2497 436 2548 Christi
454 2504 478 2548 ct
494 2511 537 2547 usn
550 2497 655 2548 Ecclesia
675 2499 794 2549 habentur.
812 2501 857 2550 Sed

69 2565 169 2620 Cincius
181 2582 228 2619 non
240 2569 320 2632 legitur
333 2571 393 2618 hanc
405 2569 501 2618 formam
514 2567 655 2632 instituisse,
669 2583 744 2632 neque
754 2570 823 2620 eliam
833 2571 857 2619 iu

70 2638 181 2688 communi
189 2653 231 2689 usu
240 2640 342 2702 habetur,
353 2640 408 2702 quin
419 2638 466 2688 imd
478 2639 504 2687 in
517 2638 650 2702 quibusdam
663 2640 857 2697 absolutionibus.

70 2717 119 2768 quc
130 2708 155 2760 in
168 2709 270 2760 Ecclesia
283 2709 373 2774 publici
382 2710 439 2759 irunt
453 2709 529 2773 (sicut
539 2709 564 2758 in
574 2709 650 2759 Primi
661 2714 684 2759 el
695 2711 856 2772 Gomplelorio‚

70 2782 93 2826 ct
102 2779 126 2829 in
139 2779 333 2844 commemini),
345 2781 465 2830 absolvens
474 2791 521 2829 non
531 2779 712 2831 ulituroratione
724 2780 855 2842 indicativi,

71 2850 94 2896 ut
105 2851 163 2902 dicat
178 2865 185 2902 ε
201 2852 253 2914 Eoo
268 2865 310 2902 voa
329 2851 439 2908 absolvo,
454 2851 496 2901 sed
513 2849 613 2902 oratione
634 2851 857 2915 deprecalii·i,ci1m
943 2844 944 2857 ¹
