1942 3284
103 180 149 226 tto
266 187 324 224 nans
339 185 380 232 nr,
397 183 490 229 onnon.
507 181 627 230 urrunnu,
644 181 700 218 aar.
719 181 736 218 ι.

102 261 196 314 edoctus
205 260 298 327 ponitur
311 258 423 312 ahsolutd.
436 257 461 310 si
471 257 541 322 igitur
553 267 600 307 non
608 255 711 307 absolute
721 254 787 305 fleret
797 265 839 318 per
850 265 896 316 prr·

102 331 159 384 tiam
173 335 198 383 et
216 330 295 396 gratio
313 333 466 392 sauramenta,
482 332 626 392 pennatorum
646 325 766 385 remissio,
786 325 828 374 sed
847 337 896 373 eum

103 403 199 467 quadam
213 399 342 454 conditione
359 398 386 450 in
402 399 505 449 futurum
520 397 678 463 dependente,
692 399 829 459 sequeretur
839 393 897 460 quit

103 473 175 536 gratia
190 475 215 524 et
224 470 455 536 monumnenta
468 481 515 520 non
523 471 603 520 esseut
611 465 730 517 eundem
741 477 814 516 causa
824 463 898 516 remis

104 542 174 594 sionis
184 545 328 606 pennatorum
338 556 346 604 3
356 539 416 604 quod
425 542 462 590 est
471 551 600 600 erroneum,
609 541 689 602 utpote
698 538 814 599 derogans
823 535 899 598 gnte

103 613 199 664 uniret
216 611 268 662 ideo
285 611 348 662 nullo
366 610 432 661 modo
450 613 590 673 potestesse
609 607 670 672 quod
684 609 775 658 maenia
789 612 815 657 et
827 611 901 658 rmus

32 681 35 686 ’
103 680 280 746 precedentium
291 684 434 746 pennatorum
444 680 551 740 redeant,
562 677 687 730 seeouddrn
700 678 762 742 qudd
773 692 804 729 ex
818 678 900 728 talium

104 753 192 804 autibus
205 751 363 802 mutabantur.
376 749 495 813 contingit
503 754 580 800 autem
590 749 650 813 oudd
661 762 762 813 sequens
774 755 901 813 uotuspeo·

105 822 149 874 otti
165 820 291 872 virtualiter
306 820 408 872 eontinet
420 831 507 870 reatum
526 819 609 884 prioris
621 819 726 884 peceati,
742 820 768 869 in
787 825 900 884 qnantum

105 892 191 943 omlioet
201 891 285 955 aliquis
300 892 369 941 homo
381 889 480 941 secundo
498 903 614 962 pensans,
633 902 661 940 ex
675 892 722 940 hou
739 891 792 954 ipso
811 891 901 942 uidetur

106 960 197 1025 prouida
208 973 302 1025 pecuare
312 961 380 1024 quim
391 960 454 1026 poids
462 965 605 1024 peceaverat,
616 959 742 1011 secuudum
751 961 809 1010 iilud
820 962 900 1015 dom..

107 1033 142 1084 li:
158 1031 307 1082 rrSecundirm
321 1030 426 1081 duritiam
439 1035 536 1080 tuamet
552 1031 697 1094 impaenitens
710 1044 751 1082 eor
763 1033 903 1082 thesaurizas

106 1102 149 1152 tibi
161 1102 218 1152 iram
230 1103 255 1152 in
271 1102 308 1152 die
323 1101 377 1164 irae3
390 1117 404 1148 n
418 1102 501 1151 exhoo
512 1100 600 1151 sufficet
612 1102 661 1152 solo
672 1101 734 1164 qndd
747 1102 902 1152 oontemuitur

109 1173 261 1235 deibertus,
273 1172 359 1235 quaead
367 1171 526 1235 pmnitentium
539 1176 651 1236 expectat.
662 1171 820 1224 Multdautem
832 1175 903 1236 mrps
956 1174 958 1271 y

108 1242 261 1295 oontemnitur
273 1241 314 1292 liei
325 1241 426 1304 bonitas,
440 1243 530 1310 sipost
544 1243 698 1294 remissionem
709 1241 794 1306 prioris
800 1245 903 1306 peceati

110 1311 209 1364 secundo
220 1314 338 1376 peecatum
350 1311 456 1375 iteretur,
469 1311 555 1376 quantd
565 1313 639 1376 majus
652 1312 834 1364 estiteneiieinm
844 1327 902 1378 peo-
957 1284 959 1371 J

109 1388 184 1434 uatum
192 1382 380 1446 remitterequam
389 1387 530 1447 pacatiorem
539 1384 662 1434 sustinere.
670 1383 708 1434 Sia
716 1383 840 1448 igiturper
848 1398 903 1448 pec·
958 1392 960 1453 y

109 1464 184 1506 uatum
194 1465 292 1518 sequens
303 1453 475 1518 penitentium,
488 1454 550 1504 redit
561 1455 723 1518 quodammodo
732 1459 812 1505 reatus
819 1468 902 1519 peeor-
958 1458 959 1461 ’

109 1523 427 1588 torumpriiusdimissornm,
441 1537 489 1576 non
502 1524 648 1588 inquantum
661 1525 796 1575 causabatur
808 1539 839 1576 ex
854 1526 901 1575 illis
959 1502 961 1569 ἶ

110 1595 210 1662 peccatis
221 1593 285 1659 prius
295 1593 408 1658 dimissis,
419 1595 459 1646 sed
470 1595 613 1658 mouentum
624 1595 758 1645 sanabatur
767 1608 798 1646 ex
808 1600 901 1658 peumto
960 1618 961 1639 2

110 1666 192 1718 nitimd
203 1669 347 1730 perpetrato,
360 1667 420 1730 quod
436 1670 568 1729 aggravatur
580 1677 610 1715 ex
619 1666 718 1729 peoomis
733 1665 859 1730 priorious.
872 1669 901 1716 Et

44 1763 46 1770 =
111 1740 155 1790 hoo
170 1750 217 1789 non
226 1740 262 1788 est
272 1740 362 1802 pomata
371 1734 465 1786 dimissa
481 1735 555 1786 redire
566 1734 712 1800 simpliciter,
725 1737 766 1786 sed
777 1735 852 1787 redire
865 1751 900 1787 se·

112 1808 210 1860 eundum
222 1808 289 1872 quid,
304 1807 328 1858 iu
346 1811 454 1871 qnantum
473 1806 562 1857 seilicet
579 1807 704 1858 virtualiter
716 1808 742 1857 in
758 1812 853 1871 poomto
864 1821 899 1867 se

111 1880 191 1944 quenti
206 1879 357 1930 continentur.
540 1875 544 1882 ’

143 1951 177 2000 ad
188 1947 286 2014 priunum
301 1960 354 2010 ergo
372 1947 507 2011 dicendum,
522 1946 652 2010 quodiana
665 1947 762 1999 uerbum
781 1948 899 2013 Augustini

110 2021 262 2073 videturesse
277 2017 448 2082 intelligendum
461 2019 491 2070 de
507 2019 581 2069 reditu
595 2024 737 2082 peecatorum
750 2024 862 2083 qnantum
873 2022 898 2070 ad

111 2094 198 2142 reatum
210 2101 284 2152 poento
300 2093 390 2140 aurum
403 2090 427 2139 in
442 2103 468 2140 se
483 2089 665 2150 oonsideratum,
683 2089 736 2152 quia
751 2091 840 2142 suitioet
851 2097 899 2155 post

112 2161 268 2227 paenitentiam
282 2171 379 2222 peccans
392 2161 486 2211 incurrit
499 2165 586 2210 reatum
597 2173 670 2224 poenae
683 2165 788 2224 aterum,
802 2162 864 2212 siem
878 2176 900 2218 er

111 2229 188 2296 prius,
206 2242 252 2281 non
274 2232 350 2280 umen
363 2232 457 2281 omnino
477 2233 570 2294 propter
582 2231 685 2280 eamdem
702 2230 824 2281 rationem.
840 2233 900 2284 Unda

68 2361 73 2369 ι
113 2299 252 2364 Augustinus
267 2299 292 2350 in
307 2299 347 2350 tio.
369 2302 407 2350 De
427 2300 796 2364 nemorumnemorum
808 2302 901 2353 dixisset

112 2371 171 2435 pndd
189 2387 203 2418 u
210 2381 256 2420 uon
267 2369 293 2420 in
303 2370 327 2420 id
335 2371 394 2434 quod
409 2371 528 2421 remissum
537 2374 574 2421 est
587 2371 677 2434 recidit,
690 2383 733 2420 nee
742 2383 785 2434 pro
799 2372 900 2436 originali

112 2444 205 2506 peceato
218 2439 372 2502 damnabitur,
387 2457 401 2488 ιι
413 2441 505 2504 subdit,
520 2440 586 2504 oqui
596 2443 672 2490 tamen
684 2445 777 2504 propter
789 2448 899 2504 postrema

112 2511 206 2562 crimina
219 2509 246 2560 ea
258 2514 331 2562 morte
344 2507 466 2572 annotetur,
480 2523 532 2574 qno
544 2509 566 2560 ei
577 2514 670 2575 propter
684 2510 724 2559 iiia
742 2524 796 2573 quas
812 2511 899 2562 remise

113 2587 166 2632 sunt
178 2580 308 2642 debebatum
317 2596 330 2628 ιι
341 2581 393 2643 quia
403 2579 489 2632 scilieet
496 2580 591 2630 incurrit
598 2584 693 2630 mortem
705 2583 828 2645 eternam,
836 2594 900 2646 quan

115 2653 225 2703 meruerat
237 2656 380 2716 perpetuata
400 2650 523 2715 preterita.

145 2723 179 2773 nd
194 2722 316 2773 seeundum
333 2721 466 2784 dicendum,
480 2720 541 2786 quod
553 2721 579 2771 in
596 2722 643 2772 illis
656 2721 734 2772 uerbis
745 2735 792 2770 non
806 2721 901 2772 intendit

116 2793 190 2844 dicere
202 2793 271 2854 Beda,
282 2791 341 2855 quod
354 2792 421 2856 eulpa
430 2791 494 2855 prids
504 2790 599 2842 dimissa
611 2790 725 2842 homiuem
738 2793 853 2857 opprimat
866 2805 902 2856 per

116 2862 211 2912 reditum
230 2861 306 2913 reatris
317 2861 437 2925 praeteriti,
452 2863 493 2912 sed
505 2873 546 2924 per
558 2862 700 2913 iterationem
709 2864 780 2914 aotds
