1942 3284
295 132 325 167 nn
339 132 443 170 ernncuu
459 133 636 170 concessionis.
820 128 865 173 olo

364 314 524 400 eruiturus
538 320 567 371 V.

90 450 186 496 Utreim
204 448 316 506 consessio
333 451 452 507 generalia
467 451 570 507 sufficiat
585 452 618 496 od
629 451 729 497 delenda
741 455 838 507 peecata

363 513 478 558 mortalia
492 513 573 557 oblitu.

99 643 138 696 Ati
152 643 257 707 quintum
270 644 304 693 sic
314 640 449 706 proceditur.
459 641 554 693 Videtur
561 641 622 706 quid
631 643 745 695 confessio
753 643 864 707 generalis

48 724 116 769 'non
130 714 230 765 sufficiet
242 715 271 764 ad
289 713 408 765 delendum
422 717 516 777 peccate
528 712 632 764 mortalia
646 713 725 766 oblita.
739 716 863 765 Peccatum

55 786 132 838 enim
144 799 186 849 per
198 785 366 835 confessionem
381 784 493 845 deletum,
505 795 552 834 non
562 787 598 834 est
605 796 698 835 neeesse
710 784 793 835 iterium
805 797 861 836 con·

57 858 140 908 fiteri.
161 855 187 906 Si
199 868 253 920 ergo
268 859 360 921 peccata
375 855 445 907 oblita
457 867 499 919 per
510 854 675 905 contessionem
689 856 816 917 generalem
829 856 864 907 ii·

59 929 224 989 mitterentur,
235 938 281 978 non
298 930 360 977 eseet
370 924 522 976 neceesarium
533 922 593 989 queo
605 923 657 974 eim
669 926 698 975 ed
713 925 817 977 notitiam
826 939 863 978 re·

58 1000 156 1060 neunt,
175 997 257 1061 aliquis
266 1009 294 1048 ea
304 994 444 1047 confitentur.

100 1071 127 1119 2.
140 1067 267 1130 Praeterea,
276 1066 413 1131 quicumque
431 1068 525 1117 nonest
536 1065 641 1117 conscios
653 1066 698 1117 sihi
709 1066 808 1131 peccati,
826 1068 862 1118 vel

61 1151 117 1191 non
130 1136 200 1187 nabet
214 1140 330 1201 peccatum
341 1174 348 1201 ,
361 1135 399 1187 vel
412 1140 448 1186 est
465 1135 549 1187 oblitos
558 1135 594 1186 eni
607 1137 703 1201 peccati.
717 1136 741 1187 Si
755 1148 811 1200 ergo
821 1150 863 1200 per

61 1209 199 1275 generalem
212 1207 377 1259 contessionem
396 1210 490 1271 peecata
504 1207 606 1258 momtie
626 1206 694 1259 oblita
709 1208 861 1270 dimittuntur,

62 1281 208 1345 quicumque
225 1290 271 1329 non
291 1282 327 1329 est
338 1277 382 1329 sibi
401 1278 507 1329 conscios
523 1278 552 1330 dc
567 1277 643 1341 aliquo
654 1282 746 1342 peccato
762 1279 861 1341 memoli,

62 1349 257 1415 quandocumque
279 1348 408 1413 generalem
433 1347 601 1399 conlcesionem
625 1348 695 1411 tacit,
712 1352 788 1413 potest
810 1362 862 1401 esse

63 1416 219 1483 certue'quld
234 1418 266 1470 sit
279 1418 388 1469 immunis
400 1417 414 1468 t
425 1422 518 1481 peccato
531 1418 634 1483 mortali3
647 1420 709 1482 quot
724 1426 761 1471 est
781 1426 862 1472 eontra

65 1490 220 1555 Apostolum,
234 1491 254 1542 i.
275 1488 401 1547 Corinth„
411 1489 441 1539 ru
454 1503 461 1539 r
475 1504 490 1537 e
503 1488 566 1540 itroir
577 1490 635 1541 mihi
645 1490 862 1555 consciueeum,eeo

66 1574 118 1613 non
131 1562 157 1611 in
165 1561 210 1612 troc
222 1559 360 1626 justificatus
370 1572 454 1611 sum.»

102 1636 127 1683 t.
148 1632 275 1695 Praeterea,
287 1631 363 1682 nullus
387 1642 417 1681 er
435 1627 574 1693 negligentia
595 1633 694 1693 reportat
710 1634 861 1685 commodum.

67 1704 116 1754 Sed
130 1714 177 1753 non
192 1705 269 1767 potest
288 1714 341 1753 esse
351 1700 401 1751 eine
413 1700 565 1764 negligentia,
575 1698 636 1764 quod
649 1700 731 1763 aliquio
743 1708 860 1767 peccatum

68 1772 167 1824 monete
184 1770 331 1824 obteniatur
345 1775 467 1834 autequam
482 1768 616 1820 dimittatur.
629 1770 689 1832 Ergo
704 1783 751 1822 non
763 1779 863 1835 reportat

68 1856 101 1893 ex
114 1842 216 1892 nectale
232 1840 388 1904 commodum,
406 1837 467 1904 quod
479 1838 530 1889 eine
544 1838 637 1903 coccini
650 1838 794 1893 confessione
806 1854 864 1905 pee-

69 1917 148 1965 catum
159 1912 181 1964 ei
192 1911 326 1962 dimittatur.

104 1987 129 2033 t.
141 1983 266 2045 Praeterea,
279 1980 351 2045 magis
370 1984 405 2033 est
417 1981 547 2045 elongatum
563 1980 577 2032 t
590 1981 719 2047 cognitione
735 1982 864 2035 confitentis

70 2056 97 2107 id
108 2055 166 2118 queo
183 2053 276 2103 omnino
288 2052 389 2115 ignorat,
408 2052 476 2117 quem
489 2052 545 2103 iliud
563 2053 628 2116 cru'ns
642 2056 678 2103 eet
697 2052 802 2105 olriitm:
823 2056 863 2105 reo

70 2128 165 2191 querceta
173 2136 213 2188 qen
220 2122 369 2187 ignorantiam
376 2122 498 2174 commissa
504 2122 733 2185 generalieconteeuio
739 2136 786 2176 non
791 2124 861 2185 delet,

71 2193 182 2261 quiatirm
195 2194 296 2246 heretici
307 2192 347 2257 qni
360 2191 465 2243 nesciunt
476 2192 551 2255 aliqua
560 2197 662 2257 peccate,
671 2192 696 2244 in
705 2193 788 2259 quibus
800 2201 863 2257 eunt,

72 2278 125 2318 esse
139 2269 241 2329 peccate,
254 2268 294 2314 aut
307 2262 377 2313 etiam
389 2263 460 2327 aliqui
472 2262 599 2326 circuimus,
614 2276 653 2327 per
665 2265 795 2327 generalem
807 2260 864 2315 con·

73 2336 195 2387 lessionem
207 2334 389 2396 absolverentur;
399 2332 460 2396 quod
470 2332 553 2382 laisum
561 2337 605 2383 eet.
612 2333 673 2396 Ergo
684 2334 797 2395 generatio
809 2348 864 2385 ron·

73 2406 142 2458 lessio
153 2418 200 2457 non
216 2404 273 2455 tollit
288 2410 380 2468 peccata
397 2402 475 2454 oblita.

103 2476 148 2539 Sed
160 2479 255 2538 contra,
272 2472 367 2524 Peotm.
385 2472 572 2533 XXX,dicitor:
588 2473 717 2524 oecoeotte
730 2474 760 2523 ad
770 2486 823 2523 eum
840 2481 865 2523 et

74 2544 245 2607 illuminamini,
256 2547 281 2595 et
295 2542 367 2595 iacies
381 2546 463 2593 resne
478 2554 525 2595 non
542 2542 715 2593 confundentur.
729 2558 745 2589 u
759 2542 806 2593 Sed
825 2542 864 2595 ille

75 2618 115 2682 qui
135 2614 251 2667 confitetur
270 2613 346 2665 omnia
365 2617 458 2677 peccata
480 2625 538 2676 qne·
552 2612 613 2675 ecit,
635 2612 723 2663 ameiit
742 2612 771 2662 ad
792 2611 864 2663 ileum

76 2685 182 2753 qnautirm
200 2688 291 2749 potest,
304 2684 356 2749 plns
374 2687 451 2734 autem
465 2684 494 2733 alr
506 2696 535 2733 eo
549 2681 633 2745 requiri
650 2693 698 2732 non
710 2684 792 2745 potem
805 2683 865 2745 Ergo

74 2770 121 2809 non
138 2755 296 2815 contundetur,
310 2758 338 2804 ut
357 2754 469 2816 repulsam
491 2754 598 2812 uitiatur,
617 2752 659 2803 seul
672 2751 762 2802 ueniam
782 2763 867 2804 conee-

77 2832 165 2891 quetur.
280 2857 285 2865 ι

170 2920 212 2958 rur.
727 2900 756 2945 19
