1942 3284
116 190 162 240 lto
292 201 353 240 ress
365 201 404 250 ur,
419 200 516 246 cusas.
532 199 627 249 umr,
642 199 700 240 uss.
713 201 740 240 r.

113 277 205 331 cliunrsi¹
211 277 288 342 iustus
297 289 342 328 uou
352 276 390 328 sil.
405 277 434 326 lll
443 277 489 327 boc
499 276 528 326 arl
536 275 695 327 excellentiam
706 277 793 330 Christi
806 279 909 343 matut

114 349 161 408 cui,
170 349 230 400 sicut
243 361 297 399 vero
307 349 363 408 beo,
374 347 477 398 serviunt
487 360 533 399 uon
545 346 619 398 solim
632 348 838 411 bonacursum
850 350 908 411 urb,

114 434 164 483 qua
178 432 219 484 per
232 418 303 484 ipsius
314 418 483 482 prouidentiam
495 417 520 468 iu
530 419 582 482 ejus
591 418 686 482 gloriam
696 419 844 470 ordinantur.
852 421 909 471 llute

114 491 259 542 mamleslunr
270 494 306 540 est
318 488 378 554 quid
395 489 538 550 sacerdotes,
551 490 642 541 etiarnsi
656 503 705 542 nou
723 491 860 555 sibilasti,
873 492 908 541 sel

114 566 260 625 peccatores,
274 566 369 626 possunt
383 561 542 612 eucharistiam
552 574 696 613 wnsecrars.

146 635 180 686 llrl
193 635 292 699 priuuur
309 647 363 698 crgo
372 634 503 696 dicentum,
512 633 736 699 potuissemus
745 647 789 698 per
798 634 908 686 illuseris

114 705 226 769 improbat
243 719 341 756 suarem
358 706 499 757 sacerdotum
517 705 558 769 qui
576 706 702 756 credebaut
718 719 744 756 se
760 705 832 770 digne
850 720 908 772 posse

115 776 274 827 eucharistiam
291 789 438 838 consecrare,
453 789 482 828 ax
501 779 545 830 buc
556 778 605 828 solu
621 777 682 840 qubrl
702 781 757 826 suut
776 779 909 840 sacerdotes,

115 847 206 898 etiamsi
227 846 275 898 aut
285 851 425 911 peccatores.
440 848 506 908 Quod
520 848 634 912 improbat
647 847 802 912 Hieronymus
815 863 858 914 par
871 851 909 900 boc

116 918 176 984 quod
188 919 296 972 maculosi
308 921 336 971 ad
347 920 416 970 altare
427 920 535 972 secema
549 919 713 984 probibentur3
729 933 777 971 nou
786 924 865 972 buren
876 935 909 971 re

116 995 249 1053 moventur,
263 992 316 1055 quiu
338 991 358 1040 si
378 991 528 1053 accesserint,
544 991 574 1042 sil
594 1003 675 1041 rerum
699 990 837 1042 sacubciuur
854 993 909 1056 psol

115 1063 221 1114 offerunt.
494 1098 498 1103 ¹

147 1135 180 1185 ld
190 1135 313 1185 secuudum
332 1133 461 1196 dicentum,
471 1132 533 1197 quid
543 1137 596 1184 sula
606 1134 645 1183 illa
658 1134 729 1184 verba
743 1135 845 1186 Gelaslns
853 1137 908 1199 Papa

116 1205 250 1268 premittit:
264 1221 278 1254 n
289 1205 531 1268 sacrosanctarcligio‚
540 1218 592 1269 que
605 1205 741 1257 catholicam
757 1207 858 1257 coum
866 1207 909 1258 ‹lis-

116 1275 232 1340 ciprinum,
244 1276 289 1326 sibi
302 1280 388 1326 lanum
398 1277 549 1327 reverentiam
557 1278 668 1341 uindicat,
683 1279 748 1328 ulad
758 1291 811 1329 saur
823 1278 907 1343 pullirel

116 1348 161 1400 uisi
175 1347 233 1412 pura
243 1345 385 1398 conscientie
401 1361 448 1398 non
461 1349 543 1400 audeat
559 1348 686 1412 pervenire.
700 1366 716 1396 n
728 1350 764 1399 Ex
780 1363 826 1414 que
844 1349 908 1400 uani·

117 1417 176 1470 lesit
194 1423 287 1482 apparel
300 1420 351 1483 ejus
366 1419 516 1470 intentionem
533 1433 597 1480 esse,
611 1419 671 1483 quod
689 1424 796 1485 peccato
812 1422 907 1474 uoerlos

117 1503 163 1542 non
179 1490 258 1542 debeat
267 1491 295 1541 ad
305 1491 349 1540 boc
357 1494 523 1540 sacramentum
533 1491 658 1553 uectem
673 1493 735 1543 uude
748 1496 844 1557 perboc
855 1492 906 1556 qood

117 1562 193 1614 subdit
211 1578 217 1612 :
239 1563 380 1623 «Quomodo
398 1563 498 1614 celestis
514 1563 612 1626 Spiritus
628 1564 753 1615 invocatus
768 1564 905 1616 uiuus»

117 1634 215 1698 intelligi
232 1638 322 1699 oportet
340 1633 401 1698 qubd
413 1646 459 1684 uon
475 1634 567 1684 advenit
580 1648 609 1685 ex
622 1635 704 1686 mento
722 1636 863 1700 uwdobs,
874 1634 905 1686 sel

118 1721 147 1758 cx
163 1707 246 1758 virtute
260 1705 357 1765 Christi,
367 1707 436 1772 cujus
449 1706 519 1756 rerba
532 1707 620 1770 protest
630 1707 746 1758 sacellos.

140 1774 183 1834 'ad
196 1778 288 1828 tertium
301 1778 430 1836 dicendum,
438 1776 498 1841 qubrl
514 1776 573 1828 sicut
586 1777 666 1829 eadem
678 1777 749 1839 actio,
763 1778 790 1829 in
805 1782 901 1842 uuaulu

118 1850 144 1900 lll
156 1863 186 1900 ex
194 1862 264 1914 prava
277 1848 403 1900 intentione
414 1848 528 1910 ministri,
543 1851 678 1912 potestesse
688 1850 758 1912 suala,
771 1851 832 1902 bona
841 1854 903 1900 anun

117 1920 142 1970 iu
155 1924 265 1984 quantun
280 1920 306 1970 lu
322 1933 351 1970 cx
364 1920 423 1970 boue
433 1919 560 1972 iuleutlona
573 1921 674 1983 domiui3
687 1921 719 1971 ita
735 1922 864 1974 naeuus
873 1932 905 1970 sa-

118 1991 216 2044 cerdotis
227 1991 369 2054 peccatoris,
388 1991 411 2042 in
426 1997 535 2056 quantuor
548 1993 577 2044 ab
590 1993 640 2055 ipsc
653 1992 749 2057 indigue
762 1993 805 2054 iil,
819 1997 904 2044 ulm-

118 2062 239 2116 lediolione
256 2061 338 2124 ligur,
353 2066 376 2120 el
391 2062 456 2126 quasi
475 2063 570 2114 iufamia
590 2065 639 2116 sive
656 2064 815 2129 blasphemia,
828 2071 852 2116 el
867 2073 903 2114 scr

118 2133 189 2186 oratio
213 2137 342 2197 reputatur;
361 2133 387 2186 in
409 2140 520 2198 paulum
543 2139 620 2186 aulam
636 2136 750 2201 protenus
767 2151 798 2188 ex
819 2143 903 2200 pm

118 2203 214 2267 ebriati,
227 2208 264 2256 est
271 2208 348 2256 sancta
359 2209 383 2256 el
391 2206 472 2258 ellicus
483 2207 511 2256 ad
521 2206 717 2271 sanctificandum
727 2208 788 2258 unos
800 2207 902 2270 &mnus

119 2274 217 2332 tulus:
232 2277 386 2332 callaicam
400 2277 598 2332 benedictionibus
612 2278 702 2330 nesab
719 2295 733 2326 r
