1942 3284
108 152 159 215 'itti
251 160 452 213 supernum,
467 160 562 205 nonen.
576 162 650 211 uun,
663 160 720 199 nnn.
738 162 776 198 un.

139 237 278 302 Respondeo
291 236 426 299 dicendum,
440 235 502 301 quid
514 235 607 300 quidam
623 236 718 299 dieunt,
732 236 794 300 quil
807 238 917 299 omolo-

109 322 208 375 oumque
219 308 302 372 aliquis
314 308 435 373 participat
448 308 656 371 excommunicato,
668 308 706 359 rel
717 310 796 372 verbo,
806 308 852 359 rel
864 322 919 372 qno

107 393 205 445 eumque
224 380 337 431 dictorum
351 380 482 443 modorum,
494 376 620 429 secundini
633 391 692 441 quos
711 380 732 429 ei
746 378 920 429 communione

109 452 238 513 nonlicet,
252 454 332 516 peccat
346 447 479 511 mortaliter,
497 449 544 499 nisi
560 450 585 499 in
601 449 694 500 casibus
709 449 722 499 l
734 450 789 514 jure
803 449 921 501 concessis

109 524 147 589 (ut
154 525 204 589 jam
215 522 301 586 suprl).
316 523 360 572 Sed
374 522 427 585 quia
438 522 484 571 hoe
495 520 583 571 videtur
597 520 664 571 radi
678 534 758 583 grave,
771 520 840 584 quod
854 522 919 572 leont

108 608 151 659 pro
165 606 211 644 uno
222 593 292 643 uerbo
302 592 350 643 leui
360 606 407 656 ouo
417 590 636 643 excommunicatum
646 591 784 655 alloquitur,
795 592 921 643 mortaliter

108 669 206 729 peurel,
221 668 245 713 et
261 663 339 713 multia
354 662 576 715 excommunicantes
588 662 697 726 laqueum
710 662 879 714 damnationis
890 664 921 713 n·

106 736 218 800 jieerent,
233 735 294 797 quod
313 734 338 783 iu
354 747 393 786 eos
406 737 585 798 retorqueretnr3
595 733 647 783 ideo
659 734 712 784 aliis
722 735 877 797 probabilius
889 734 920 785 π’·

110 808 184 867 delur,
198 805 261 869 quod
276 818 324 855 non
337 819 427 869 semper
439 809 520 869 peccet
531 804 665 867 mortaliter,
677 806 720 855 sed
734 804 815 857 solium
834 806 918 871 quale

109 878 135 929 in
151 877 246 927 erimine
258 878 294 927 illi
307 878 445 943 participat,
461 878 500 927 rel
513 877 538 927 in
551 876 651 941 diuinis,
666 878 704 929 ael
720 878 748 929 in
761 882 919 944 oonwmphn

109 948 227 999 lieeleeiae.

143 1020 178 1069 llll
191 1019 290 1082 primum
303 1033 356 1083 ergo
366 1020 502 1081 (licendum,
512 1019 572 1084 quod
586 1018 709 1071 Decretalis
720 1018 763 1069 illa
783 1020 918 1084 loquutur&

110 1090 284 1156 participatione
303 1092 328 1141 in
350 1090 442 1141 diuinis.
462 1090 506 1142 Vel
520 1091 657 1152 dicendum,
672 1089 738 1154 qaod
757 1092 851 1145 similis
871 1092 916 1143 retii

110 1167 150 1214 eet
167 1163 195 1213 (le
208 1168 301 1227 peceato
319 1162 409 1213 mortali
425 1166 449 1213 et
466 1163 495 1213 de
512 1162 596 1213 veniali
609 1162 723 1225 quantlm
743 1165 776 1215 ad
791 1166 858 1226 hoo,
873 1166 917 1229 qnia

110 1235 171 1285 naut
186 1240 304 1299 peecatum
314 1235 408 1286 mortale
420 1247 466 1284 noa
478 1234 619 1298 potestbene
632 1234 697 1296 lieri,
710 1233 747 1285 ita
761 1250 812 1287 nee
825 1236 917 1299 veniale

110 1308 136 1356 et
145 1306 196 1355 ideo
209 1306 267 1355 sieut
279 1306 347 1355 homo
358 1306 425 1356 debet
436 1304 499 1369 priirs
512 1305 623 1355 sustinere
635 1309 744 1365 mortem,
754 1307 833 1370 quam
847 1312 918 1373 mmet

107 1376 244 1437 mortaliter,
257 1376 289 1426 ita
303 1378 372 1426 etiam
383 1376 452 1440 quim
464 1376 682 1440 perpetrarentur,
699 1376 743 1429 illo
756 1382 834 1433 modo
844 1381 917 1441 delii,

110 1460 156 1511 quo
167 1448 235 1499 debet
248 1448 337 1499 veniale
351 1448 434 1499 uitare.

40 1540 45 1549 ·
142 1519 178 1569 ld
188 1520 312 1569 secundom
330 1519 466 1582 dicendum,
475 1518 537 1583 quod
550 1521 691 1583 preceptum
706 1520 829 1575 Ecclesia
842 1522 919 1574 dieii

110 1591 205 1655 respicit
216 1591 352 1656 spiritualia,
367 1594 391 1641 et
403 1605 432 1641 ex
440 1590 590 1653 consequenti
600 1589 715 1653 legitimos
732 1597 823 1658 aetus3
839 1598 864 1645 et
876 1596 918 1645 ileo

111 1663 153 1726 qui
166 1662 321 1713 eommunicet
332 1662 353 1713 ei
362 1662 386 1713 in
395 1661 495 1723 diuinis,
506 1660 561 1711 iacit
570 1664 649 1711 oonlra
658 1668 823 1727 preceptum,
835 1671 861 1716 et
869 1678 918 1715 nat·

110 1734 189 1785 taliter
201 1737 296 1797 peooal;
315 1734 355 1797 qul
368 1737 444 1783 autem
460 1731 583 1797 participat
601 1732 622 1782 ei
639 1732 665 1781 in
679 1732 751 1795 aliis,
765 1735 829 1787 lauit
846 1742 918 1802 putu

110 1810 261 1869 preceptum,
270 1811 293 1857 el
305 1810 387 1869 peceat
399 1803 528 1854 venialiter.

143 1878 178 1927 Ad
190 1877 280 1927 tertium
290 1877 426 1940 dicendum,
439 1874 501 1940 quod
515 1874 598 1939 aliquis
610 1874 680 1925 etiarn
694 1875 748 1927 siue
763 1878 848 1943 aliqua
860 1880 918 1945 calpa

109 1949 249 2012 quaquue
260 1948 289 1998 ab
304 1947 447 1997 Eucharistia
463 1950 552 1997 arcetur
566 1962 572 1996 z
588 1946 646 1997 sicut
659 1950 727 2010 patet
741 1948 770 1999 in
783 1952 918 2016 suspensis,

111 2019 150 2069 rel
165 2017 304 2081 interdictis3
319 2019 374 2081 quia
391 2019 447 2069 tales
460 2032 534 2083 poenae
552 2018 687 2082 quandoque
702 2020 778 2071 alicui
801 2036 847 2087 pro
860 2024 919 2089 culpi

110 2091 218 2154 ulterius,
232 2103 284 2153 qua
297 2090 370 2142 ineis
383 2091 484 2155 punitur,
496 2090 633 2141 inieruntur.

142 2161 177 2211 ld
195 2165 301 2224 quartum
316 2161 453 2223 dicendum,
467 2160 528 2225 quid
542 2162 646 2225 quanvis
667 2162 814 2227 participare
831 2181 919 2220 eroon·

111 2230 244 2292 momento,
259 2232 289 2282 sit
304 2237 422 2297 peecatum
440 2232 545 2296 veniale;
560 2237 636 2283 tamen
657 2234 802 2299 participare
819 2239 843 2289 ei
855 2242 919 2305 peri

112 2300 198 2352 nacitn
210 2307 247 2352 est
264 2308 382 2367 peecatum
399 2304 507 2365 mortale;
523 2308 547 2353 et
563 2308 656 2369 propter
679 2306 725 2355 hoc
744 2312 828 2370 potest
844 2312 918 2377 ssipen

109 2373 302 2426 excommunicari
313 2374 495 2439 seeundimjura
511 2378 572 2439 (que
585 2374 692 2440 superius
706 2379 783 2430 relata
803 2383 877 2447 aaut.)
