1942 3284
123 205 156 242 ns
171 200 280 242 nursam
294 201 461 241 mensuremus
475 203 593 248 ussurus
610 203 768 244 insenuisse.
801 197 848 246 ltb

76 282 241 346 (Cosmusso.
253 279 441 330 -couveuiens
453 281 549 331 mutem
560 281 693 331 sacramenti
704 282 848 336 eucharistia

44 352 160 405 tebnisto
172 351 280 402 instituta
297 355 348 411 est,
363 363 410 402 non
428 352 496 416 panis
516 355 539 402 et
556 365 648 415 omens,
663 365 706 404 nee
725 353 849 406 inluntium

44 425 138 488 unguis
150 425 231 474 iamne
244 423 379 486 permixtus,
393 437 439 474 nee
449 435 524 488 aquu3
537 425 575 474 seu
587 424 655 488 punis
669 428 692 474 et
702 425 796 488 sinum,
811 437 849 478 sss

43 496 149 546 nimirum
161 497 190 545 ael
200 507 269 546 usum
278 494 415 545 saemmmti
430 495 569 559 aptissimae‚
582 499 605 546 et
619 497 646 546 ad
659 496 745 546 Christi
759 497 849 562 passio-

42 579 92 617 nem
109 567 284 631 significandam
297 568 321 615 et
333 565 477 618 euenartsttae
493 565 598 618 etinctum
612 567 778 631 designandum
792 581 847 620 uon·

44 638 245 698 obscurissime.)

73 711 214 776 ltssponrleo
228 708 364 773 dimotum,
382 709 443 774 qubd
462 709 525 760 eirea
542 709 661 760 materiam
679 709 748 774 hujus
767 721 848 762 morn-

46 780 195 843 mentialipui
206 780 360 844 multiplieiter
374 785 518 831 erraverunt.
532 780 626 840 Quidam
634 781 706 844 eninr,
717 782 757 846 qui
768 783 848 832 dieun-

42 854 78 902 tur
93 854 259 917 artotyritoe,
277 855 303 901 ut
322 851 463 915 Augustinus
483 852 539 902 dicit
560 851 585 902 iu
604 853 645 902 lib.
660 855 695 902 De
712 855 848 906 terminus

45 923 104 989 (sap.
122 929 177 988 28),
192 924 292 974 offerunt
305 936 389 988 panem
402 927 532 975 stesseum
545 923 569 972 in
579 926 624 974 nou
638 928 796 986 sacramento,
814 926 848 977 uli·
892 971 894 976 .

42 998 115 1046 sentes
123 995 229 1058 aprinis
237 995 366 1045 bominibus
374 994 501 1045 oblationes
509 994 536 1044 de
546 994 656 1045 fructibus
663 999 728 1046 terrm
737 1000 761 1046 et
769 996 848 1048 osium

43 1065 108 1118 luisse
123 1068 263 1118 celebratas.
276 1065 320 1116 ulit
328 1065 384 1116 verb
391 1101 400 1128 ,
415 1065 504 1116 scilieet
516 1067 661 1130 cataphryge
677 1070 701 1116 et
714 1067 847 1131 pepuziani,

42 1135 66 1188 rle
88 1138 188 1188 inlantis
212 1137 339 1201 sangnine,
361 1149 430 1200 quem
448 1137 477 1186 de
501 1139 551 1188 toto
573 1137 624 1202 ejus
642 1149 736 1202 corpore
752 1137 847 1190 minutis

42 1209 193 1271 punctionum
207 1208 340 1258 uulneribus
356 1209 503 1271 extorquent,
518 1206 584 1271 qussi
597 1208 758 1259 eucharistiam
781 1221 847 1262 suam

44 1280 155 1332 onnam
168 1280 332 1344 perhibentur,
345 1278 468 1329 miscentes
481 1291 536 1330 enus
546 1277 634 1344 larino,
650 1291 779 1344 panemque
791 1279 848 1332 iuris

44 1348 160 1402 facientes.
176 1351 273 1410 Quidam
288 1349 359 1413 verb,
372 1350 412 1413 qui
427 1349 534 1400 dicuntur
545 1351 664 1414 aquarii,
680 1363 761 1414 aquom
775 1350 848 1402 solam

43 1422 79 1472 sub
91 1423 175 1487 speeie
188 1422 318 1473 sobrietatis
332 1422 357 1470 'sn
370 1423 416 1471 boe
430 1424 575 1472 saemmento
589 1421 689 1472 olierunt
704 1422 747 1485 (lt.
762 1422 847 1474 Omnes

44 1496 117 1545 sutem
128 1493 154 1546 bi
167 1507 257 1544 errores
269 1497 293 1544 et
301 1492 389 1543 similes
399 1492 550 1543 exeluduntur
562 1505 605 1557 per
616 1493 659 1544 boo
667 1491 728 1556 qubrl
740 1492 847 1543 Christus

42 1562 81 1614 bos
100 1568 271 1616 aeramentum
288 1564 331 1614 snb
342 1564 419 1628 speeie
431 1563 499 1628 panis
513 1567 537 1614 et
554 1564 604 1614 uini
615 1563 731 1626 instituit,
744 1567 771 1613 ut
783 1567 847 1628 patet

43 1636 147 1696 Kottis,
156 1638 238 1688 xxvi.
249 1637 314 1686 Unde
326 1636 393 1700 panis
402 1639 428 1686 et
441 1635 521 1686 uinum
536 1640 590 1686 suut
600 1635 694 1685 materia
708 1634 848 1685 conueniens

44 1705 109 1770 brjns
120 1707 268 1771 sacramenti;
280 1710 304 1756 et
317 1708 362 1758 boe
374 1705 554 1757 rationabiliter:
566 1705 644 1756 Primb
652 1705 759 1769 quidem,
772 1717 847 1768 quan·

44 1777 85 1830 bn
105 1780 136 1830 ad
151 1794 221 1830 usum
242 1780 315 1844 hujus
335 1778 486 1842 sacrementi,
501 1779 540 1842 qui
557 1782 592 1828 est
612 1777 766 1830 manducatio.
783 1775 848 1828 Siout

46 1853 101 1904 enirn
110 1865 171 1917 aqna
178 1852 304 1903 assumitur
310 1852 335 1902 in
343 1857 486 1904 sacramento
494 1851 602 1917 baptismi
611 1851 639 1900 ad
648 1865 714 1902 usum
722 1848 848 1914 spiritualis

49 1923 181 1987 ablutionis,
192 1924 247 1988 quia
262 1924 386 1988 corporalis
399 1923 484 1974 ablutio
498 1922 650 1974 cummuniter
662 1924 687 1972 lit
700 1921 724 1972 in
734 1934 800 1986 aqua,
812 1921 846 1972 ita

46 1995 107 2057 punis
115 1999 141 2046 et
149 1996 246 2058 vinum,
256 1996 340 2059 quibus
349 1993 494 2047 communitis
504 1994 610 2046 homines
621 1993 766 2056 reficiuntur,
781 2005 846 2047 assu·

47 2069 133 2116 suuntur
147 2067 172 2115 in
186 2067 231 2115 boo
243 2069 385 2118 sacramente
395 2066 424 2116 sd
438 2079 506 2116 usum
518 2064 641 2130 spiritualis
653 2063 845 2115 manducationis.

48 2134 165 2198 sunnio,
181 2136 292 2201 quantum
305 2137 334 2187 ad
347 2136 480 2200 passionem
493 2137 594 2200 Christi,
606 2135 631 2184 in
647 2149 691 2199 qua
704 2137 800 2199 sanguis
810 2135 847 2186 est

48 2204 158 2273 leorpore
167 2211 295 2272 separatus.
311 2208 343 2257 nt
356 2207 409 2258 ideo
422 2206 448 2258 iu
460 2209 506 2258 hou
519 2211 667 2270 monumento,
678 2208 738 2271 quod
751 2213 787 2257 est
799 2218 845 2257 ms·

48 2280 133 2331 moniale
143 2279 268 2331 dominicae
280 2277 410 2343 pensionis,
423 2291 524 2329 seorsum
541 2277 638 2330 sumitur
648 2279 724 2342 pasis
734 2281 760 2327 ut
771 2289 846 2328 sucru-

49 2355 142 2402 nentnm
152 2351 265 2416 eorporis,
276 2356 299 2400 et
309 2350 390 2400 sinum
402 2352 427 2399 ut
436 2354 603 2402 sauamentum
617 2349 744 2414 sanguinis.
757 2349 844 2413 Tertio,

49 2423 151 2487 partum
163 2423 194 2473 ad
207 2423 316 2473 ellectum
327 2421 497 2474 consideratum
509 2423 534 2472 in
547 2434 683 2486 unoquoque
695 2421 844 2483 sumentium,

48 2493 102 2561 us,
114 2499 141 2549 ut
152 2493 287 2546 Ambrosius
299 2493 335 2560 (2)
345 2493 401 2544 dicit
413 2507 482 2558 super
496 2495 582 2560 Epist.
594 2492 629 2544 ud
644 2493 704 2544 Cor·
721 2495 782 2558 (cup.
793 2489 844 2559 tl),

77 2666 108 2730 (l)
122 2668 186 2716 Aridi
200 2671 300 2725 possunt
313 2672 337 2712 et
353 2667 471 2725 poorte‘et,
486 2665 526 2722 qui
543 2663 709 2711 rotundissimo
722 2661 844 2719 saerilegtn

43 2739 126 2840 mus
144 2730 232 2778 cunrat
245 2730 270 2774 ln
288 2741 349 2788 pane
368 2730 457 2775 semine
470 2730 573 2776 numano
590 2737 716 2785 consperso
730 2722 845 2802 confinie-

76 2828 108 2926 (ὶῇ
121 2865 170 2912 Vel
180 2863 286 2910 Hilarius
297 2863 412 2911 ltiaoonns
421 2863 493 2920 punto
503 2863 584 2910 ulitur:
599 2859 704 2908 callem
714 2857 844 2915 messurum

47 2928 173 2987 metues
185 2925 220 2973 ao
231 2926 359 2974 tuitionem
372 2927 483 2986 eorporis
497 2931 518 2974 et
529 2924 616 2974 enimus
629 2927 718 2971 nostre
729 2919 842 2982 percipl-
