1942 3284
209 176 241 218 01
256 173 415 218 “mmm
430 172 641 216 menandrum.
781 163 828 214 m

319 365 478 418 submittis
496 365 535 418 xl.

52 495 140 542 dms»
148 497 215 541 solue
223 495 343 552 opimus
358 493 400 538 eor
410 497 590 539 commercium
599 494 707 550 conserve
719 495 800 550 possit.

59 625 92 676 td
106 622 254 675 unbeinrnrn
267 621 301 672 sic
313 619 441 684 proceditis
458 619 501 682 (1).
517 619 612 670 Videtur
626 619 688 682 subd
701 635 747 672 non
768 622 831 676 solut

28 695 148 758 episcopus
168 695 211 744 boo
231 695 398 744 sacramentnm
418 691 521 742 rentem
534 691 616 754 possit.
630 693 749 755 Gregorius
768 693 830 744 enim

30 765 128 817 scribem
140 763 248 815 lennatio
260 765 374 828 Episcopo
389 762 439 827 (lib.
451 763 491 825 lll,
506 763 632 828 epieteti),
648 762 703 814 dicit
721 780 727 812 z
744 781 758 812 «
775 765 830 814 Per·

30 836 88 886 venit
99 836 130 886 sd
144 849 205 898 nos,
219 835 329 898 qoosdm
342 834 504 885 scandalizatos
516 833 602 894 fnisse,
615 833 674 897 quod
684 835 829 900 presbyteros

30 908 149 958 cbnsmete
162 911 258 970 engere
272 920 312 958 eos
329 906 371 970 oni
383 905 492 968 baptisati
502 909 556 956 sunt
568 905 732 969 prohibuimus.
748 907 777 956 Et
791 919 832 958 nos

30 979 122 1041 quidem
135 978 260 1030 seenndbrn
272 981 372 1028 veterem
386 991 452 1027 nsum
463 982 548 1028 nostroe
558 977 667 1032 ilrelesiae
677 977 781 1042 lecimus
793 979 832 1029 sed

32 1050 51 1099 si
62 1048 158 1100 omnino
170 1051 215 1100 bec
227 1051 256 1100 dc
270 1062 295 1098 re
308 1047 378 1112 elion
389 1048 561 1113 muniebantur,
575 1049 615 1098 ubi
628 1049 730 1114 episcopi
739 1051 832 1111 desunt,

32 1125 57 1170 nt
72 1120 204 1186 presbyteri
216 1120 285 1171 etiem
304 1119 329 1170 in
342 1119 456 1170 frontibus
469 1120 597 1185 baptizatos
607 1120 728 1172 chrismato
742 1125 833 1184 tangere

35 1193 138 1253 deberem,
154 1191 308 1244 concedimus.
323 1207 337 1238 n
357 1191 401 1242 Sed
414 1191 470 1241 illud
483 1191 545 1255 quod
555 1189 655 1254 pertinet
670 1192 697 1241 ad
711 1191 835 1242 necessita·

34 1266 77 1313 tem
90 1266 295 1323 sacramentorum,
312 1276 359 1314 non
369 1266 406 1312 est
415 1265 507 1326 propter
517 1261 634 1314 vitandum
648 1263 779 1314 scandalum
793 1263 835 1314 lno-

37 1336 175 1386 nntendom.
190 1335 250 1397 Ergo
271 1334 361 1384 ridetur
373 1331 434 1396 quod
454 1346 502 1384 non
521 1333 551 1384 sit
568 1335 596 1386 de
612 1333 749 1384 necessitate
765 1334 835 1398 hujus

36 1405 167 1456 sacramenti
181 1404 244 1468 qnbd
257 1405 285 1456 eb
299 1405 408 1469 episcopo
420 1404 557 1457 conteretur.

66 1481 88 1527 Ξ.
103 1479 231 1540 miesco,
246 1481 412 1528 sacramentum
423 1475 532 1539 baptismi
545 1475 636 1528 ridetur
649 1475 743 1541 majoris
753 1475 836 1526 eldce·

38 1547 76 1599 oie
89 1548 156 1612 ondin
177 1553 344 1600 enementum
361 1547 553 1610 confirmationis,
571 1548 624 1611 quin
637 1560 679 1612 per
699 1547 837 1611 baptismum

39 1619 62 1668 lit
72 1621 139 1682 plene
149 1619 254 1672 remissio
264 1624 417 1684 peecatorum,
428 1623 452 1672 et
460 1618 572 1683 qnantlrrn
580 1619 608 1670 ed
620 1619 720 1683 culpam,
731 1623 755 1669 et
762 1631 835 1682 quen·

41 1690 84 1740 tim
97 1693 125 1744 ed
139 1705 246 1755 peenam3
257 1693 316 1754 qnod
329 1704 376 1741 non
387 1691 412 1742 tlt
426 1691 450 1740 in
460 1693 506 1740 boc
522 1693 671 1742 sacramente.
686 1689 730 1740 Sed
741 1689 839 1753 simplex

43 1763 141 1814 sacerdos
154 1776 185 1814 ex
197 1776 239 1813 sno
253 1761 329 1814 olticio
341 1765 416 1826 potest
429 1763 520 1812 tiedere
529 1764 702 1811 sacramentnm
716 1761 838 1825 baptismi,

43 1834 95 1885 etin
106 1834 244 1886 necessitato
256 1835 353 1899 quilibet
365 1835 434 1886 etiem
448 1847 495 1886 non
504 1834 620 1886 ordinatus
628 1836 705 1897 potest
713 1833 838 1898 baptisare.

46 1906 99 1968 llrgo
117 1910 216 1958 nonest
232 1907 260 1956 de
277 1907 412 1958 necessitate
428 1906 499 1970 hujus
517 1905 653 1958 sacrementi
672 1905 732 1969 quod
746 1906 774 1956 eb
788 1905 839 1971 epi·

48 1991 111 2042 scopo
123 1979 264 2031 contemtor.

74 2050 230 2109 el’rreteree,
244 2049 362 2100 summitas
378 2047 663 2114 «splendescentes
678 2049 787 2110 medicos,
802 2051 841 2102 est

49 2120 203 2174 merbiis
213 2124 258 2183 (1),
272 2120 357 2172 scilicet
366 2120 509 2184 preterieris
522 2121 588 2186 (quse
601 2122 683 2172 dicitnr
695 2121 770 2171 virtus
779 2118 842 2183 cogi·

48 2194 135 2258 obre),
150 2198 188 2246 est
198 2193 296 2247 nobilior
306 2194 396 2255 trente,
406 2193 446 2244 nbi
454 2198 491 2245 est
499 2193 563 2244 locus
574 2192 727 2256 imaginabile
739 2192 841 2244 virtutis.

49 2263 85 2314 Sed
102 2266 199 2334 simplex
212 2265 318 2317 sacerdos
336 2268 413 2328 potest
425 2265 552 2328 baptizatos
566 2277 652 2328 ungere
671 2264 793 2316 cbrismete
817 2262 844 2316 in

51 2337 134 2389 retice.
154 2339 212 2400 Ergo
227 2335 299 2388 mnllb
317 2335 391 2400 magis
412 2339 488 2400 potest
508 2347 547 2386 ees
566 2335 686 2388 chrismate
706 2334 796 2398 signare
817 2332 844 2384 in

51 2406 131 2474 bonb3
143 2409 207 2474 qnod
219 2407 318 2473 pertinet
331 2409 360 2460 ed
369 2409 414 2461 boc
425 2409 603 2461 scansurum.

80 2520 108 2582 (1)
120 2523 153 2568 lte
166 2522 203 2567 lris
219 2521 289 2566 etiem
299 2521 344 2579 Π,
357 2519 436 2570 sies,
448 2521 503 2566 dist.
526 2521 549 2580 7,
565 2533 604 2578 qu.
625 2519 650 2579 3,
663 2524 706 2566 ert.
722 2517 750 2578 1,
763 2531 841 2576 qnes-

54 2582 153 2640 tlnnc.¹;
169 2590 194 2630 st
207 2585 262 2630 dist.
273 2583 314 2641 13,
328 2596 368 2640 qu.
380 2582 408 2641 1,
421 2589 465 2629 ert.
476 2583 500 2642 1,
514 2585 595 2640 (μὴ
611 2587 634 2628 et
644 2583 698 2628 dist.
709 2581 750 2639 et,
764 2594 805 2640 qu.
816 2580 841 2642 1,

54 2647 127 2755 31111,
141 2653 166 2693 et
179 2646 273 2694 Contra
284 2647 366 2698 Geel„
379 2647 422 2693 lib.
438 2647 481 2706 Ν,
491 2657 545 2704 dep.
558 2644 605 2700 ⁶⁰5
620 2650 644 2690 et
655 2643 782 2704 Quodlib„
795 2645 841 2704 xl,

82 2778 114 2842 (t)
125 2784 177 2832 lton
187 2780 252 2842 qndd
267 2781 339 2828 etiem
351 2779 416 2828 locus
431 2781 529 2830 rationis
549 2781 694 2828 inrelrsoove
707 2779 741 2828 ibi
754 2789 801 2826 non
815 2779 846 2824 sit

56 2843 276 2973 Ἑξὲιοῶιέἰοὲἶῶζᾱ
293 2845 349 2905 quin
359 2845 408 2893 boe
425 2845 486 2894 redo
498 2843 639 2892 intellectiva
651 2855 699 2892 nen
712 2839 805 2903 proprio
817 2841 847 2888 r'e
