1942 3284
124 230 157 268 nn
170 225 361 267 mnmnumus
377 227 409 266 uo
426 225 604 279 andnumans
619 227 740 270 sirmam.
789 222 835 270 Iol

69 306 95 356 ld
108 306 205 357 mutium
219 305 354 369 dicendum,
365 303 425 368 uudd
437 317 466 356 ex
476 305 546 357 latere
556 305 641 358 Christi
653 307 719 358 fluuit
728 320 787 372 aqua
800 310 836 360 ud

42 375 202 436 diluendum,
223 377 317 440 sauguiS
337 380 413 427 autem
433 377 469 426 od
488 377 718 444 recla'mcndum(1).
740 381 769 432 Et
784 382 835 434 idco

41 449 120 512 sanguis
131 448 247 513 competit
264 449 405 500 sacramento
425 448 579 511 eucharistie,
593 463 652 514 aqua
671 453 747 502 autem
761 464 835 503 suera-

40 524 106 572 mcnlo
121 519 249 585 baptismi,
266 519 307 584 qui
319 523 396 571 tamen
410 520 480 571 habet
498 520 546 570 uim
568 522 690 574 ablutiuam
706 536 735 574 eu
751 523 835 575 uirtute

37 591 144 656 sanguinis
155 593 252 642 Christi.

65 664 95 713 ld
109 666 218 728 quartum
230 663 366 727 dicendum,
380 665 442 730 qnod
454 665 526 716 uirtus
540 665 624 716 Christi
638 665 737 718 derivata
751 671 786 718 est
805 670 834 720 ad

40 745 119 785 omnem
129 749 228 800 aquam,
243 749 290 786 uon
308 740 399 801 propter
414 738 600 789 communitatem
613 736 673 800 loci,
688 739 729 789 sed
740 742 833 804 propter

39 805 203 858 similitudinem
218 807 312 871 specict
328 809 391 860 Unde
403 809 459 860 dicit
472 809 614 872 Augustinus
629 809 655 860 in
668 811 766 874 quodam
784 825 832 862 sen-

37 890 97 928 mone
109 879 282 943 Epiphaniae:
294 880 371 938 «Quae
380 882 409 932 de
419 880 543 932 Salvatoris
553 881 689 946 baptismate
701 883 830 935 benedictio

38 949 107 1012 luxit,
121 954 233 1014 tanquam
247 950 331 1002 fluvius
340 951 476 1016 spiritualis,
489 951 589 1003 omnium
604 953 718 1018 gurgitum
734 958 828 1019 tractus,

36 1021 185 1072 uniuersorum
198 1021 296 1072 fontium
308 1035 378 1074 uenas
389 1023 527 1089 Implevit.»

60 1093 91 1141 Id
106 1093 213 1156 quintum
227 1093 364 1156 dicendum,
375 1094 437 1158 qubd
450 1095 488 1144 ilia
500 1095 629 1148 benedictio
640 1109 692 1161 qua
711 1097 831 1148 adhibetur

37 1174 91 1226 uquae
100 1203 108 1226 ,
117 1178 165 1216 uon
180 1167 218 1215 est
232 1165 260 1216 de
272 1164 407 1216 necessitate
420 1165 542 1231 baptismi;
552 1168 592 1218 sed
606 1167 704 1232 pertinet
714 1169 742 1218 ad
751 1181 830 1232 quam-

38 1234 78 1284 dam
94 1237 279 1300 solemnitatem,
299 1249 342 1300 per
354 1250 422 1301 quam
439 1237 551 1288 excitatur
566 1239 655 1290 deuotio
677 1237 791 1303 fidelium,
807 1243 831 1290 et

37 1304 148 1371 impedItur
163 1308 250 1360 astutia
268 1308 394 1374 demonis,
411 1323 440 1360 ue
460 1309 570 1374 impediat
589 1309 695 1375 baptismi
713 1310 829 1362 ellectum.

325 1487 488 1540 fflTlCULUS
504 1488 543 1540 IV.

108 1603 198 1660 'Utrum
212 1615 246 1660 ud
261 1614 403 1671 baptimate
416 1615 560 1674 requiratur
573 1627 636 1674 apua
651 1614 758 1674 simplex.

64 1741 93 1791 ld
100 1746 205 1807 quartum
217 1740 252 1792 sic
264 1741 393 1806 proceditur
407 1740 453 1806 (t).
467 1741 562 1812 uidetur
571 1740 631 1806 qubd
649 1741 678 1791 ad
691 1740 830 1806 baptinmum

36 1825 76 1862 nou
91 1814 218 1878 requitatur
237 1824 297 1877 aqua
310 1812 417 1876 simplex.
433 1815 497 1877 Ioue
508 1812 570 1863 euim
583 1825 634 1876 quat
650 1813 709 1878 apud
721 1827 766 1864 nos
781 1819 825 1879 est,

36 1896 76 1934 nou
87 1890 119 1936 est
129 1899 189 1951 aqua
203 1898 278 1950 pura3
290 1885 351 1949 quod
364 1883 478 1948 precipue
491 1887 585 1950 apparet
594 1885 622 1935 de
633 1897 692 1949 aqua
705 1885 788 1946 maris,
804 1885 829 1936 in

37 1969 75 2018 qun
87 1957 208 2021 plurinum
226 1955 363 2006 admiscelm
374 1957 404 2006 de
419 1955 534 2020 terrestri,
550 1959 575 2008 ut
589 1959 652 2021 patet
666 1969 707 2020 per
719 1956 830 2009 Pbiloso-

36 2027 132 2088 pbumin
146 2029 189 2079 lib.
204 2029 310 2078 Meteor.
322 2027 378 2092 (lib.
390 2028 419 2091 ll,
429 2040 481 2092 cap.
495 2027 536 2092 3);
551 2030 573 2078 el
586 2030 663 2078 tumen
676 2026 701 2077 in
714 2027 755 2078 tali
769 2041 828 2092 aqua

37 2103 103 2159 potest
118 2101 167 2152 fieri
186 2099 395 2165 baptismus.'ltrgo
414 2112 461 2151 uon
482 2099 604 2164 requiritur
617 2112 677 2164 aqua
693 2098 791 2164 simplex
806 2102 831 2150 et

39 2182 86 2232 puna
98 2173 123 2222 od
134 2171 286 2237 baptismum.

65 2243 87 2291 2.
101 2245 232 2306 Praeureu,
251 2243 276 2293 iu
291 2243 386 2294 solemni
402 2241 554 2294 celebratione
571 2243 691 2308 baptismi,
711 2256 776 2308 aque
794 2241 831 2293 iu·

39 2311 129 2365 tunditur
142 2315 251 2366 chrisme.
267 2315 315 2365 Sed
325 2316 370 2366 boc
378 2313 469 2366 uidetur
482 2314 594 2379 impedire
605 2315 728 2378 purItatem
741 2318 765 2365 et
777 2313 832 2365 sim·

40 2383 152 2446 plicitatcm
171 2399 246 2452 aquae.
259 2387 319 2450 Ergo
336 2399 395 2451 aqua
412 2398 469 2451 pura
490 2387 515 2437 et
531 2385 629 2451 simplex
647 2399 693 2438 nou
708 2385 832 2450 requiritur

42 2455 66 2503 ad
76 2455 220 2521 baptismum.

69 2531 88 2576 ³.
103 2529 230 2592 Praeterea,
246 2542 306 2594 aque
328 2529 401 2581 tlueus
421 2530 450 2580 de
468 2531 540 2580 latero
562 2529 647 2581 Christi
668 2527 833 2594 pendentium

43 2608 99 2649 muca
114 2599 157 2650 luit
173 2600 267 2665 siguum
281 2599 405 2666 baptismi,
425 2604 451 2651 ut
464 2600 594 2652 dictumest
611 2601 664 2666 (qu.
679 2604 725 2664 62,
740 2603 783 2652 art.
793 2600 831 2664 o).

70 2761 97 2823 (l)
106 2765 159 2824 Vel,
169 2767 230 2812 siem
237 2767 375 2827 Ambrosius¹
382 2767 496 2828 quuitur,
507 2767 663 2827 superduc„
672 2777 726 2823 cup.
735 2765 809 2812 XXIII
822 2781 828 2808 ι

42 2823 143 2886 illapsae
156 2829 253 2880 diluat,
263 2831 310 2896 tate
322 2832 366 2889 poe*
377 2830 494 2876 redimat.

69 2895 98 2960 (1)
110 2903 143 2947 Ite
153 2901 269 2948 bisetium
281 2902 325 2961 tv,
333 2901 411 2952 stuc„
421 2901 476 2949 dist.
488 2901 512 2964 3,
523 2906 567 2949 art.
577 2901 602 2961 3,
615 2901 752 2960 quostiuuc.
763 2895 793 2952 ῖς
808 2899 832 2940 et

45 2962 123 3009 dorma
135 2965 216 3016 dest,
229 2965 274 3013 lib.
289 2967 334 3026 IV,
350 2977 404 3024 oop.
422 2963 463 3012 59.
