1942 3284
108 146 154 194 tat
291 151 351 192 rans
366 152 409 202 un,
421 152 516 198 cuasa.
530 153 608 204 unu,
622 151 679 192 ann.
697 152 720 190 x.

140 227 482 297 (concussu-Quicumque
504 229 532 280 at
548 227 726 280 confirmationis
741 233 910 280 sacramentun

108 303 234 362 accedunt,
243 300 345 364 indigent
353 298 429 363 aliquo
440 313 486 364 quc
498 303 653 352 sustententur
661 303 685 350 et
695 299 815 364 leuentur,
826 314 856 352 ac
868 305 912 352 tan·

108 387 175 438 quam
188 374 262 424 adbuc
275 371 301 421 in
314 371 427 436 spirituali
441 385 518 438 pugna
531 371 656 424 imbecilles
670 375 694 422 ct
712 371 795 436 pueri,
813 373 846 423 ad
862 386 912 437 per·

107 447 229 498 lectionem
242 443 399 508 deducantur.)

140 517 275 582 Respondes
284 516 413 577 dicendum,
423 514 481 579 qubd
491 515 551 566 sicut
560 515 645 566 dictum
656 518 692 566 est
702 517 754 577 (art.
766 513 803 580 l),
822 517 871 568 boc
882 529 914 566 sn-

109 593 249 639 manentum
258 587 378 638 exhibetur
386 586 474 638 bomini
482 587 512 636 acl
526 587 593 638 subur
602 599 685 651 pugna
694 586 837 650 spiritualis.
854 587 914 638 Sicut
961 600 962 634 r

107 665 183 712 antem
197 659 278 724 aliquis
294 659 322 708 de
336 672 396 710 ncnc
415 661 482 708 natus
496 657 584 722 indiget
601 660 736 709 instructore
757 657 783 708 in
802 659 847 709 bis
867 672 914 722 qne
961 675 962 706 r

109 731 224 796 pertinent
236 730 264 780 ad
273 729 471 781 conversationem
479 728 542 790 uitae,
554 728 677 780 secundine
687 727 742 779 illud
753 730 847 790 liebr„
858 729 913 780 llll:
961 743 962 778 r

110 804 218 853 «Patres
237 800 328 866 quidem
346 801 421 852 carnis
436 804 521 852 nestrae
536 801 657 850 habuimus
671 801 818 861 eruditores,
837 805 864 852 et
881 814 915 850 re·
961 801 962 848 l

109 873 241 924 verebamur
258 887 313 937 ecs3
328 891 342 922 u
357 873 391 925 ita
408 872 441 923 illi
453 873 494 936 qui
507 875 650 923 assumuntur
668 873 697 922 al
714 885 838 936 pugnam,
856 872 914 922 indi·
954 883 962 920 t

110 948 164 1008 gent
177 944 327 996 emdituribns
345 945 456 1009 liquibus
474 944 616 994 instruantur
637 944 664 993 de
680 943 717 992 bis
730 957 782 1006 quae
795 944 917 1008 pertinent
956 957 962 990 u

111 1015 139 1064 ad
158 1016 249 1065 modum
266 1015 411 1078 certaminis5
426 1019 449 1066 et
461 1015 515 1064 ideo
536 1013 640 1064 inbellis
657 1013 817 1065 materialibus
833 1014 918 1065 conui-
959 1027 962 1062 r

111 1089 206 1137 tuuntur
219 1088 289 1138 luces
303 1091 327 1138 et
344 1088 502 1150 centuriones,
517 1099 559 1150 pen
576 1098 633 1150 quos
654 1084 692 1134 alii
705 1086 877 1148 gubementnr.
892 1086 918 1134 nt
958 1099 962 1136 r

111 1163 203 1222 propter
215 1160 259 1210 hcc
275 1159 344 1209 etiam
358 1159 396 1210 ille
415 1158 455 1222 qni
470 1157 552 1222 accipit
570 1159 614 1208 hcc
631 1160 815 1220 sacramentum,
830 1159 863 1208 ab
876 1157 917 1207 aliu
959 1171 960 1176 ¹

111 1235 212 1295 tenetur,
222 1231 287 1294 quasi
297 1231 414 1296 penatium
427 1231 453 1281 in
467 1243 545 1295 pugna
554 1229 666 1294 spirituali
677 1229 827 1280 erudiendus.
845 1229 918 1280 Simi-
959 1239 962 1276 r

111 1302 172 1366 liter,
186 1302 239 1367 quia
257 1316 297 1367 uer
313 1304 358 1354 boc
374 1305 542 1354 sacramentum
558 1301 673 1353 censentur
692 1301 781 1352 bomini
801 1301 916 1366 perfectio
958 1314 962 1350 t

111 1375 236 1439 spiritualis
247 1375 337 1436 atatis,
355 1375 415 1425 sicut
426 1374 512 1425 (lictum
523 1378 558 1425 est
573 1373 625 1440 (art.
638 1378 654 1422 i
661 1411 670 1437 ,
686 1375 700 1422 t
714 1376 738 1424 st
753 1375 792 1436 5),
809 1373 868 1425 ideo
881 1372 916 1422 itte
959 1383 962 1416 t

110 1446 151 1509 uui
164 1448 193 1497 ad
202 1447 246 1498 bcc
260 1450 426 1497 sacramentum
442 1446 541 1510 accedit,
557 1449 705 1507 sustentatur,
721 1445 787 1510 quasi
802 1445 916 1510 spintur-
946 1443 962 1497 ,i

112 1516 164 1568 liter
173 1517 291 1569 imbecillis
304 1521 327 1568 ct
340 1530 406 1582 puer.
946 1526 962 1562 =r

142 1590 177 1642 td
188 1590 286 1654 primum
297 1603 351 1655 erge
361 1589 499 1652 dicendum,
515 1589 577 1654 qubd
593 1587 647 1640 baar
661 1587 700 1639 ille
713 1586 754 1652 qui
767 1588 916 1640 confirmatur
960 1599 962 1632 r

112 1659 143 1712 sit
159 1662 250 1714 adultus
264 1662 419 1728 corporaliter,
435 1663 536 1714 nundum
549 1665 627 1712 tamen
646 1663 680 1712 est
696 1659 787 1710 adultus
803 1660 916 1725 spiritua·
953 1685 962 1704 -i

111 1733 191 1784 litem·
961 1741 962 1774 t

145 1805 179 1854 bd
197 1806 321 1856 secundum
334 1804 471 1866 mcendum,
482 1803 543 1866 qubn
557 1801 611 1854 iicet
627 1802 760 1866 baptizatus
774 1802 804 1852 sit
820 1802 915 1853 allectus
961 1811 962 1846 t

113 1876 238 1924 membrum
259 1875 380 1938 Ecclesiae,
397 1875 499 1924 nendum
518 1878 595 1924 tamen
617 1877 653 1924 est
676 1872 805 1937 adscriptus
828 1872 914 1924 militie
959 1883 962 1920 l

114 1944 252 1995 christiana.
272 1945 300 1994 Et
315 1943 366 1995 ideo
388 1945 513 2009 episcope,
530 1948 638 2009 tanquam
660 1943 711 1996 duci
731 1943 862 2009 exercitiis,
876 1957 915 2010 per
961 1957 962 1986 r

114 2015 184 2067 ubam
197 2015 318 2067 exhibetur
331 2016 380 2079 jam
390 2017 478 2068 militie
490 2016 619 2068 christiana
631 2015 786 2080 adscriptum
797 2029 846 2066 nun
856 2013 916 2066 eninr
961 2017 962 2060 l

113 2088 183 2208 gabei
197 2087 268 2137 alium
279 2088 308 2138 ad
322 2087 515 2142 confirmationem
531 2093 628 2152 tencre,
643 2085 682 2153 qui
695 2087 796 2139 nundum
806 2091 846 2138 est
858 2099 914 2138 ccu-

142 2161 225 2209 matus.

115 2260 117 2262 -
148 2229 181 2281 ud
193 2229 284 2280 tertium
300 2228 434 2297 dicendum,
450 2233 511 2297 qubrl
529 2232 588 2284 sicut
607 2232 689 2284 dicitur
701 2231 798 2292 Galat,
809 2232 850 2294 111,
868 2230 914 2279 «in

115 2301 204 2354 curum
217 2302 271 2352 lesu
280 2314 327 2352 nun
336 2308 371 2354 est
379 2305 491 2358 mmcnlus
505 2308 528 2356 et
536 2304 662 2356 immina.»
672 2305 702 2354 lit
713 2305 765 2356 ideo
780 2317 827 2354 nun
839 2303 914 2354 differt

115 2371 190 2423 uuum
207 2373 324 2426 masculus
335 2375 373 2426 nel
389 2374 481 2429 laemina
491 2379 571 2428 teneat
584 2375 683 2442 aliquem
694 2376 719 2426 in
733 2374 911 2428 cuntirman'cne.
