1942 3284
145 212 176 247 DE
188 211 228 247 nus
241 212 268 248 nt
280 210 343 255 QUOS
357 211 417 250 USUS
431 211 539 251 CLAVIU!
551 212 669 250 exuscitet
682 212 779 250 POTRST.
813 205 861 251 ‘m

90 290 205 338 Praeterea
212 323 222 349 ,
233 286 305 349 pretia
317 299 383 337 omne
396 288 516 351 peceatum
531 287 599 351 tollit,
611 292 819 353 quantumcumque
831 290 864 341 sit

56 371 138 425 parua.
150 358 196 408 Sed
209 358 314 412 sacerdos
322 360 462 408 sacramente
471 358 596 423 dispensat,
607 359 690 422 ouibus
699 360 771 423 gretia
780 362 858 413 datur.

55 432 119 494 Ergo
132 428 240 493 ouantium
252 432 287 479 est
303 428 331 479 de
345 433 457 494 potestate
470 430 568 480 olevium
575 468 583 494 ,
599 432 627 481 de
640 432 745 483 omnibus
759 431 861 497 peccetis

58 501 177 553 absoluere
190 504 274 564 potest.

91 572 253 636 (Cosmusuo.
274 599 305 607 -
320 572 401 621 Potest
413 572 512 636 simplex
538 574 641 624 sacerdos
655 578 767 639 potestate
780 577 867 631 ordinis
914 566 917 575 ¹

53 643 173 696 remittere
185 642 261 692 omnia
280 653 389 706 peccem
404 643 481 706 atique
497 647 574 695 temen
588 650 683 707 peccata
694 660 734 711 per
748 646 862 699 defectum

51 714 229 783 jurisdictionis,
242 728 309 779 quem
320 714 354 765 illi
368 716 472 779 superior
483 728 529 765 nou
543 716 672 781 committit,
686 718 864 771 remitteremus

57 789 149 854 potest.

90 858 226 921 Respondeo
242 858 380 919 dicendum,
394 857 454 921 qudd
472 862 577 922 potestas
599 858 684 909 ordinis
701 860 812 923 quautdm
826 865 862 913 est

56 935 90 986 de
103 945 139 993 se,
150 930 252 979 extendit
265 943 290 980 se
301 932 329 979 ud
343 931 421 981 onruie
437 934 532 995 peccata
548 931 684 980 remittenda
695 933 757 991 ,sed
771 934 825 996 quin
838 935 868 985 ed

54 1016 125 1054 usum
141 1002 271 1065 hujusmodi
285 1001 403 1066 potestatis
411 1003 447 1065 (ut
459 1001 546 1051 dictum
561 1001 607 1065 est)
623 1000 863 1065 requiriturjurisdic-

55 1076 104 1137 tio,
118 1088 168 1138 quae
181 1073 194 1123 ι
207 1073 330 1137 majoribus
344 1074 370 1123 in
387 1074 508 1123 interiores
523 1072 659 1137 descendit,
672 1074 723 1123 ideo
736 1079 812 1138 potest
825 1091 864 1127 su·

57 1146 137 1213 perior
149 1145 193 1195 sibi
206 1144 281 1208 eliqua
298 1158 428 1209 reservare,
440 1146 464 1196 iu
474 1146 557 1209 quitus
567 1145 680 1209 judicium
695 1145 798 1197 interiori
815 1162 863 1201 nou

56 1217 204 1279 committat3
216 1216 272 1267 eliis
282 1218 311 1267 de
327 1217 427 1281 quolibet
440 1221 516 1282 potest
533 1218 630 1281 simplex
657 1219 764 1270 sacerdos
778 1220 865 1273 ueiens

51 1288 239 1357 jurisdictionem
249 1289 376 1341 absoluere.
387 1290 446 1339 Sunt
458 1292 535 1339 autem
549 1288 649 1353 quinque
660 1302 734 1351 casus,
747 1288 864 1355 inquibus

55 1366 150 1428 oportet
164 1362 223 1424 qudd
239 1361 454 1424 simpieu'secerdos
467 1362 619 1426 penitentem
633 1362 661 1411 ed
675 1362 814 1426 superiorem
828 1374 867 1415 re·

55 1434 147 1487 mittat.
166 1432 255 1485 Primus
274 1438 322 1494 est,
336 1434 427 1497 quaudo
446 1433 555 1485 solemnis
577 1434 714 1497 penitentia
733 1440 769 1485 est
787 1435 865 1500 impo-

53 1503 151 1567 ucude,
170 1504 224 1568 quie
237 1504 288 1569 ejus
302 1504 405 1555 minister
417 1504 523 1569 proprius
540 1509 577 1555 est
591 1506 726 1569 Episcopus.
741 1508 863 1559 Secundus

54 1581 97 1631 est
115 1579 144 1628 de
161 1578 372 1639 excommunicatis,
391 1577 481 1639 quando
493 1576 586 1627 interior
604 1578 710 1627 sacerdos
724 1590 769 1627 non
785 1582 864 1642 potest

55 1650 197 1711 absoisere,
210 1653 289 1713 utpote
308 1650 398 1712 quaudo
423 1652 460 1697 est
476 1647 490 1697 d
507 1648 619 1711 superiori
639 1648 861 1701 excommunicatus.

56 1720 161 1780 Tertius,
170 1721 261 1783 otiando
269 1719 358 1770 inuenit
370 1718 562 1783 irregularitatem
574 1722 727 1781 contractem,
741 1732 782 1783 pro
799 1721 866 1785 cnjus

55 1790 233 1855 ddspeusetioue
248 1791 315 1842 dehet
328 1792 356 1841 ad
372 1790 512 1855 superiorem
523 1790 649 1840 remittere.
667 1790 773 1853 Quartus,
792 1791 820 1841 de
830 1790 866 1841 iu·

53 1863 189 1916 cendieriis.
206 1863 319 1923 Quintus,
334 1863 425 1925 quando
438 1865 475 1911 est
488 1862 626 1913 consuetudo
639 1861 665 1910 in
680 1860 755 1925 atiquo
769 1861 865 1925 Episco-

53 1939 127 2003 patu,
135 1933 198 1997 qudd
206 1934 309 1984 enormis
319 1934 415 1983 erimina
424 1934 453 1983 ed
467 1936 575 1983 terrorem
588 1935 732 1983 reserventur
740 1932 865 1997 Episcopo,

53 2008 117 2073 quia
137 2007 276 2056 cousuetudo
292 2006 331 2056 dut
345 2007 383 2056 sei
399 2005 473 2055 autent
486 2006 511 2054 in
521 2004 605 2054 teiibus
620 2008 768 2067 potestatem.

92 2080 129 2129 Ad
143 2078 240 2141 primum
252 2090 305 2139 ergo
318 2077 452 2138 dicendum,
465 2077 525 2140 quudd
539 2076 563 2126 iu
575 2076 616 2127 teti
631 2089 695 2139 essu,
707 2088 750 2126 uec
759 2075 868 2127 sacerdos

53 2151 132 2204 debet
146 2150 224 2199 audire
236 2149 406 2199 contessionem
424 2149 527 2199 mulieris
540 2162 592 2198 cum
604 2161 649 2211 que
658 2146 770 2211 peceant,
784 2146 812 2196 de
825 2146 865 2196 ilio

55 2225 170 2289 peceato,
187 2221 229 2271 sed
243 2221 311 2270 debet
322 2220 352 2269 ed
365 2219 433 2270 atinum
448 2220 552 2281 mittere;
566 2232 609 2269 nee
626 2218 664 2267 itin
678 2218 745 2268 debet
759 2218 781 2269 ei
794 2215 867 2267 confi-

53 2295 115 2356 teri,
129 2294 172 2343 sed
185 2292 252 2343 debet
265 2296 343 2356 uetere
353 2290 467 2341 licentiam
479 2292 509 2341 ad
525 2290 594 2341 olium
608 2290 685 2351 eundi,
703 2290 740 2339 uel
756 2289 784 2341 ad
798 2300 870 2353 supe·

52 2366 148 2417 liorem
167 2376 300 2423 recurrere,
317 2363 337 2412 si
354 2361 392 2412 ille
410 2361 526 2411 licentium
548 2360 685 2424 denegeret3
709 2364 758 2410 tum
774 2362 868 2425 propter

50 2436 207 2505 periculum,
223 2437 271 2484 tum
282 2434 336 2499 quin
347 2436 383 2484 est
397 2433 471 2483 minor
480 2432 641 2495 verecundie}
655 2433 675 2483 si
696 2436 772 2483 tamen
792 2428 868 2483 absol·

53 2509 140 2569 voret,
155 2506 257 2555 absolute
273 2509 343 2556 esset.
359 2505 424 2564 Quod
438 2504 500 2553 enim
512 2504 652 2566 Augustinus
671 2503 736 2565 dicit,
750 2502 811 2566 qudd
825 2512 871 2553 uon

54 2580 149 2633 debeat
165 2577 256 2628 esseio
274 2577 353 2628 eodem
371 2574 482 2637 crimine,
496 2574 670 2637 intelligendum
687 2577 723 2624 est
744 2572 871 2624 secundum

52 2648 239 2714 congruitatem,
250 2662 297 2699 uon
309 2647 435 2699 socuuddm
455 2646 614 2698 necessitatem
629 2642 776 2695 sacramenti.

91 2723 130 2773 Ad
140 2721 266 2771 secuudum
275 2721 407 2781 dicendum,
421 2718 483 2783 qudd
494 2718 629 2783 poenitentia
639 2716 667 2767 eb
678 2714 785 2766 omnibus
794 2715 875 2767 deiec-

51 2794 124 2846 tibuc
139 2791 211 2854 culpe
224 2792 305 2842 liberet
315 2831 322 2853 ,
334 2806 380 2843 uon
396 2796 474 2845 eutem
488 2792 516 2841 ab
525 2789 630 2842 omnibus
642 2787 769 2839 defectibus
782 2798 867 2849 poeuae,
884 2799 890 2808 ’

50 2864 119 2931 quia
131 2863 209 2913 adhuc
222 2866 273 2926 post
283 2867 398 2927 pernetam
413 2861 573 2926 penitentium
587 2861 616 2911 de
634 2857 774 2919 homicidio,
786 2855 868 2919 uliquis

54 2935 171 2988 manet
182 2931 327 2998 urcgniaris3
342 2934 403 2985 uude
423 2934 527 2985 smerdes
539 2934 616 2997 potest
632 2931 661 2981 de
681 2927 777 2981 erimine
790 2926 870 2981 aust-
