1942 3284
222 209 255 246 ur
270 207 467 250 susctrtmtm
480 209 626 250 nmium.
780 203 827 252 tst

24 289 123 343 diuiti„
140 286 183 344 ut,
199 284 261 348 quieti
272 301 286 334 a
297 284 322 336 iu
340 285 452 350 baptismo
465 286 558 337 deauuis
576 287 707 351 exemptum
729 287 828 340 dabatur

23 359 167 425 baptizandis
186 355 310 412 murteum
333 360 426 421 pemati
446 360 470 408 et
491 356 637 422 promittendi
658 359 760 412 urdiere.
775 376 789 407 s
803 361 828 412 Si

25 434 60 498 qui
69 438 147 484 tamem
161 429 295 493 baptizandi
312 442 342 480 ex
361 429 483 481 dormiere
497 441 538 480 sua
557 433 647 495 peccate
662 431 766 483 torturi
776 432 826 483 uei-

28 507 81 564 teut,
92 507 157 559 esset
166 516 247 554 eurum
256 501 372 555 confessio
387 502 509 564 audienda,
519 515 565 552 neu
577 502 605 552 ad
616 504 660 554 true
674 502 735 568 qudi
745 504 779 554 eis
791 517 827 556 ea-

29 576 121 628 tisiactiu
130 575 300 638 imponeretur,
312 573 352 623 sed
361 574 390 623 ati
400 574 443 624 true
452 573 513 636 qudd
524 577 604 625 eontra
614 579 707 638 peeeata
716 577 827 628 consueta

29 648 60 698 eis
70 644 258 712 spiritualissime
268 644 399 695 informatio
408 646 543 696 traderetur.

62 720 93 769 dd
104 721 204 784 primum
218 730 273 781 ergo
284 717 419 780 dicendum,
432 716 494 781 quid
508 717 532 767 iu
544 717 658 782 baptismo
671 719 767 770 ioannis
780 733 827 772 meu

32 792 197 842 remittebantur
220 793 331 853 peemm,
347 790 386 840 sed
409 793 459 840 erat
479 789 606 854 baptismus
628 789 783 854 poeuitentiae3
801 797 827 842 et

29 863 77 914 idee
89 862 255 915 conuenienter
272 861 407 912 aecedentes
421 861 449 911 ud
463 860 517 910 iiiud
533 859 647 926 baptisma
661 862 827 914 confitebantur

31 939 127 997 pecuum,
137 937 176 993 ut,
187 932 312 986 meuudirm
326 931 457 996 qualitatem
471 937 629 995 peecatorum,
643 931 677 982 eis
691 933 827 997 paenitentia

31 1006 220 1055 determinaretur.
236 1004 281 1054 Sed
294 1004 422 1067 baptismus
435 1003 519 1055 Christi
532 1007 568 1054 est
582 1004 631 1054 sine
645 1004 751 1056 exterieri
773 1019 826 1070 poe-

29 1076 131 1140 nitentia,
147 1081 176 1130 ut
186 1076 321 1128 umbrosius
331 1074 388 1126 dicit
402 1076 449 1139 (uhi
462 1074 550 1140 supri).
559 1077 624 1128 Unde
634 1089 680 1127 uun
695 1081 731 1127 est
743 1077 826 1128 similis

30 1150 88 1200 ratio.

55 1222 85 1270 dd
97 1220 223 1271 seminium
245 1219 384 1279 diremtum,
398 1218 459 1283 quaid
472 1219 593 1284 baptizatis
612 1219 696 1272 suitieit
708 1220 827 1272 euniessio

35 1289 120 1342 iuterier
132 1293 182 1344 lieu
195 1292 271 1353 taeta,
286 1293 310 1339 et
330 1288 399 1341 etiam
409 1289 508 1342 exterior
520 1290 646 1354 generatis,
667 1291 696 1342 ad
709 1293 754 1342 true
767 1290 828 1354 quud

31 1363 147 1425 uirgarum
158 1367 184 1415 et
199 1359 377 1416 miserirordirm
393 1367 570 1426 consequentum
580 1375 623 1413 ree
636 1361 759 1427 requiritur
772 1375 828 1412 eou-

33 1435 92 1485 iessie
105 1434 216 1499 specialis
233 1433 340 1495 esuum,
353 1433 412 1484 sieut
427 1433 511 1484 dictum
532 1437 566 1484 est
578 1435 588 1500 (
599 1434 624 1484 iu
634 1433 722 1500 corp).

60 1507 89 1557 td
103 1506 195 1559 tertium
209 1505 339 1568 dicendum,
357 1504 419 1568 qudt
433 1506 548 1556 cemessio
567 1509 603 1556 est
617 1519 670 1570 pars
683 1504 826 1570 poeuiteutim

38 1577 204 1639 summeutatis,
219 1590 271 1640 qum
285 1590 331 1628 uon
348 1575 468 1640 requiritur
482 1580 535 1627 autu
549 1577 695 1642 baptismum,
707 1583 733 1628 ut
744 1576 827 1628 dietum

38 1652 75 1708 est,
85 1652 120 1702 ted
132 1650 264 1715 requiritur
277 1647 394 1701 interioris
411 1648 553 1712 paenitentia
567 1649 647 1699 uirtus.

315 1827 471 1880 intruditis
486 1829 536 1882 VH.

39 1953 114 2001 duim
131 1969 162 2001 ee
182 1958 253 2012 perte
270 1954 385 2011 mptizatt
405 1954 544 2010 reprimatur
565 1952 669 1998 intentio
686 1951 830 2010 mmeipiemdi

270 2019 447 2065 momentum
459 2016 579 2077 baptismi.

63 2148 95 2198 td
116 2147 241 2212 septimum
264 2145 298 2196 sie
314 2144 442 2210 proceditur
459 2145 513 2209 (¹i·.
526 2144 621 2196 Videtur
635 2143 695 2208 qudd
716 2157 745 2195 er
765 2145 831 2208 parte

40 2216 136 2282 baptizati
146 2233 194 2271 uou
204 2217 331 2281 requiratur
341 2216 439 2268 intentio
449 2214 589 2279 suscipiendi
598 2219 764 2268 sacramentum
776 2217 831 2280 hrp-

40 2287 101 2338 tismi.
116 2291 250 2354 Baptismus
260 2290 324 2343 euim
337 2289 443 2340 sehabet
460 2288 520 2346 sieut
533 2287 622 2352 patiens
636 2287 662 2340 iu
675 2293 829 2340 suurameutu.

39 2360 216 2414 timueramus
229 2375 277 2412 neu
286 2361 406 2425 requiritur
419 2373 449 2410 ex
461 2365 525 2424 parte
536 2359 656 2424 patieutis,
667 2361 706 2412 sed
721 2373 749 2413 ex
762 2363 830 2424 parte

42 2435 126 2492 agentis.
141 2436 201 2497 Ergo
222 2433 311 2484 ridetur
323 2431 382 2496 qudi
397 2444 426 2481 ex
439 2434 503 2495 parte
516 2429 625 2495 baptizati
643 2444 689 2482 mou
702 2429 832 2495 requiratur

43 2500 126 2556 utentis
139 2503 282 2570 urseipieudi
299 2503 445 2567 baptismum.

69 2579 90 2625 a.
98 2578 210 2632 Praeterea
218 2614 227 2640 ,
235 2575 257 2626 si
268 2574 450 2640 pretermittatur
464 2575 488 2628 iu
498 2575 559 2638 qued
570 2573 691 2639 requiritur
704 2575 732 2624 ud
742 2573 831 2636 baptis·

45 2658 104 2709 mum,
116 2651 183 2703 teme
196 2652 233 2701 est
243 2646 319 2702 uenus
334 2647 496 2711 baptizandus,
506 2647 567 2698 sieut
584 2645 636 2698 edm
649 2643 830 2711 pretermittitur

74 2816 100 2877 (ii
111 2823 186 2869 metris
194 2822 269 2868 etiam
278 2820 346 2877 iatri,
357 2833 399 2880 qu.
409 2819 455 2880 te,
466 2825 511 2868 art.
520 2819 544 2872 93
560 2823 584 2865 et
593 2819 635 2873 iv,
647 2815 725 2866 Serri„
736 2814 791 2859 dist.
802 2813 828 2882 ii,

46 2883 106 2992 2¹:¹³,
115 2891 163 2992 tri.
172 2887 203 2947 ἰ,
214 2885 351 2943 queastiuue.
362 2884 393 2938 ες
405 2892 430 2930 et
444 2885 500 2930 dist.
513 2883 553 2941 st,
564 2895 605 2948 qu.
619 2879 645 2938 i,
660 2884 704 2926 art.
715 2878 740 2936 2,
755 2885 830 2932 quos·
