<?xml version="1.0" encoding="UTF-8"?>
<!DOCTYPE html PUBLIC "-//W3C//DTD XHTML 1.0 Transitional//EN"
    "http://www.w3.org/TR/xhtml1/DTD/xhtml1-transitional.dtd">
<html xmlns="http://www.w3.org/1999/xhtml" xml:lang="en" lang="en">
 <head>
  <title>
</title>
<meta http-equiv="Content-Type" content="text/html;charset=utf-8" />
  <meta name='ocr-system' content='tesseract 3.04.00' />
  <meta name='ocr-capabilities' content='ocr_page ocr_carea ocr_par ocr_line ocrx_word'/>
</head>
<body>
  <div class='ocr_page' id='page_1' title='image "./summatheologica01nicogoog_0428.png"; bbox 0 0 1942 3284; ppageno 0'>
   <div class='ocr_carea' id='block_1_1' title="bbox 118 134 911 1213">
    <p class='ocr_par' dir='ltr' id='par_1_1' title="bbox 118 134 909 569">
     <span class='ocr_line' id='line_1_1' title="bbox 118 134 766 195; baseline 0 -13"><span class='ocrx_word' id='word_1_1' title='bbox 118 134 163 182; x_wconf 82' lang='lat' dir='ltr'><strong>ten</strong></span> <span class='ocrx_word' id='word_1_2' title='bbox 303 143 365 184; x_wconf 79' lang='lat' dir='ltr'><strong>rnna</strong></span> <span class='ocrx_word' id='word_1_3' title='bbox 380 145 420 194; x_wconf 87' lang='lat' dir='ltr'><strong>nn,</strong></span> <span class='ocrx_word' id='word_1_4' title='bbox 437 143 530 190; x_wconf 78' lang='lat' dir='ltr'><strong>punsr.</strong></span> <span class='ocrx_word' id='word_1_5' title='bbox 545 143 642 195; x_wconf 80' lang='grc' dir='ltr'>ιιιιιι,</span> <span class='ocrx_word' id='word_1_6' title='bbox 656 143 715 182; x_wconf 82' lang='grc' dir='ltr'>ιιι.</span> <span class='ocrx_word' id='word_1_7' title='bbox 726 143 766 183; x_wconf 86' lang='grc' dir='ltr'><strong>ιι.</strong></span> 
     </span>
     <span class='ocr_line' id='line_1_2' title="bbox 121 218 907 288; baseline -0.001 -18"><span class='ocrx_word' id='word_1_8' title='bbox 121 221 174 284; x_wconf 88' lang='lat' dir='ltr'><strong>quia</strong></span> <span class='ocrx_word' id='word_1_9' title='bbox 193 218 287 288; x_wconf 73' lang='lat' dir='ltr'><strong>sangnis</strong></span> <span class='ocrx_word' id='word_1_10' title='bbox 305 219 409 284; x_wconf 78' lang='lat' dir='ltr'><strong>designat</strong></span> <span class='ocrx_word' id='word_1_11' title='bbox 429 220 609 284; x_wconf 77' lang='lat' dir='ltr'><strong>redemptionem</strong></span> <span class='ocrx_word' id='word_1_12' title='bbox 629 219 643 270; x_wconf 80' lang='lat' dir='ltr'><strong>i</strong></span> <span class='ocrx_word' id='word_1_13' title='bbox 662 219 755 271; x_wconf 65' lang='lat' dir='ltr'><strong>edunto</strong></span> <span class='ocrx_word' id='word_1_14' title='bbox 770 219 797 270; x_wconf 93' lang='lat' dir='ltr'><strong>in</strong></span> <span class='ocrx_word' id='word_1_15' title='bbox 813 220 907 285; x_wconf 86' lang='lat' dir='ltr'><strong>popntnn</strong></span> 
     </span>
     <span class='ocr_line' id='line_1_3' title="bbox 122 290 909 356; baseline -0.004 -15"><span class='ocrx_word' id='word_1_16' title='bbox 122 291 260 354; x_wconf 78' lang='lat' dir='ltr'><strong>derivatam3</strong></span> <span class='ocrx_word' id='word_1_17' title='bbox 280 290 340 341; x_wconf 89' lang='lat' dir='ltr'><strong>unde</strong></span> <span class='ocrx_word' id='word_1_18' title='bbox 354 294 376 340; x_wconf 91' lang='lat' dir='ltr'><strong>et</strong></span> <span class='ocrx_word' id='word_1_19' title='bbox 395 291 502 354; x_wconf 79' lang='lat' dir='ltr'><strong>sarnguini</strong></span> <span class='ocrx_word' id='word_1_20' title='bbox 515 292 653 342; x_wconf 76' lang='lat' dir='ltr'><strong>admiscetur</strong></span> <span class='ocrx_word' id='word_1_21' title='bbox 662 305 734 356; x_wconf 83' lang='lat' dir='ltr'><strong>aqna,</strong></span> <span class='ocrx_word' id='word_1_22' title='bbox 746 305 798 355; x_wconf 77' lang='lat' dir='ltr'><strong>qum</strong></span> <span class='ocrx_word' id='word_1_23' title='bbox 811 290 909 354; x_wconf 73' lang='lat' dir='ltr'><strong>signitur</strong></span> 
     </span>
     <span class='ocr_line' id='line_1_4' title="bbox 122 363 906 428; baseline -0.005 -14"><span class='ocrx_word' id='word_1_24' title='bbox 122 363 242 428; x_wconf 86' lang='lat' dir='ltr'><strong>populum.</strong></span> <span class='ocrx_word' id='word_1_25' title='bbox 258 363 286 412; x_wconf 82' lang='lat' dir='ltr'><strong>Et</strong></span> <span class='ocrx_word' id='word_1_26' title='bbox 296 363 349 426; x_wconf 88' lang='lat' dir='ltr'><strong>qnia</strong></span> <span class='ocrx_word' id='word_1_27' title='bbox 365 363 455 414; x_wconf 73' lang='lat' dir='ltr'><strong>maroni</strong></span> <span class='ocrx_word' id='word_1_28' title='bbox 469 368 523 414; x_wconf 89' lang='lat' dir='ltr'><strong>sunt</strong></span> <span class='ocrx_word' id='word_1_29' title='bbox 537 364 597 414; x_wconf 84' lang='lat' dir='ltr'><strong>inter</strong></span> <span class='ocrx_word' id='word_1_30' title='bbox 614 365 758 415; x_wconf 67' lang='lat' dir='ltr'><strong>sacerdotem</strong></span> <span class='ocrx_word' id='word_1_31' title='bbox 769 368 793 414; x_wconf 91' lang='lat' dir='ltr'><strong>et</strong></span> <span class='ocrx_word' id='word_1_32' title='bbox 803 365 906 428; x_wconf 70' lang='lat' dir='ltr'><strong>poputum,</strong></span> 
     </span>
     <span class='ocr_line' id='line_1_5' title="bbox 123 433 909 499; baseline 0.004 -17"><span class='ocrx_word' id='word_1_33' title='bbox 123 433 197 497; x_wconf 83' lang='lat' dir='ltr'><strong>magis</strong></span> <span class='ocrx_word' id='word_1_34' title='bbox 213 434 321 485; x_wconf 89' lang='lat' dir='ltr'><strong>convenit</strong></span> <span class='ocrx_word' id='word_1_35' title='bbox 341 433 442 485; x_wconf 86' lang='lat' dir='ltr'><strong>diaconis</strong></span> <span class='ocrx_word' id='word_1_36' title='bbox 461 434 599 499; x_wconf 82' lang='lat' dir='ltr'><strong>dispensatio</strong></span> <span class='ocrx_word' id='word_1_37' title='bbox 612 435 731 499; x_wconf 73' lang='lat' dir='ltr'><strong>sanguinis</strong></span> <span class='ocrx_word' id='word_1_38' title='bbox 752 435 822 498; x_wconf 81' lang='lat' dir='ltr'><strong>quim</strong></span> <span class='ocrx_word' id='word_1_39' title='bbox 832 435 909 498; x_wconf 71' lang='lat' dir='ltr'><strong>dupen</strong></span> 
     </span>
     <span class='ocr_line' id='line_1_6' title="bbox 125 505 306 569; baseline 0 -14"><span class='ocrx_word' id='word_1_40' title='bbox 125 505 182 556; x_wconf 88' lang='lat' dir='ltr'><strong>satio</strong></span> <span class='ocrx_word' id='word_1_41' title='bbox 195 505 306 569; x_wconf 87' lang='lat' dir='ltr'><strong>eorporis.</strong></span> 
     </span>
    </p>

    <p class='ocr_par' dir='ltr' id='par_1_2' title="bbox 124 576 908 712">
     <span class='ocr_line' id='line_1_7' title="bbox 155 576 908 641; baseline 0.001 -15"><span class='ocrx_word' id='word_1_42' title='bbox 155 577 188 626; x_wconf 83' lang='lat' dir='ltr'><strong>nd</strong></span> <span class='ocrx_word' id='word_1_43' title='bbox 203 577 326 628; x_wconf 89' lang='lat' dir='ltr'><strong>seeundum</strong></span> <span class='ocrx_word' id='word_1_44' title='bbox 341 576 476 640; x_wconf 88' lang='lat' dir='ltr'><strong>dicendum,</strong></span> <span class='ocrx_word' id='word_1_45' title='bbox 488 577 549 641; x_wconf 88' lang='lat' dir='ltr'><strong>qndd</strong></span> <span class='ocrx_word' id='word_1_46' title='bbox 565 577 669 641; x_wconf 85' lang='lat' dir='ltr'><strong>ejusdem</strong></span> <span class='ocrx_word' id='word_1_47' title='bbox 682 581 719 629; x_wconf 90' lang='lat' dir='ltr'><strong>est</strong></span> <span class='ocrx_word' id='word_1_48' title='bbox 731 578 776 628; x_wconf 90' lang='lat' dir='ltr'><strong>troc</strong></span> <span class='ocrx_word' id='word_1_49' title='bbox 793 591 908 628; x_wconf 82' lang='lat' dir='ltr'><strong>sacramen·</strong></span> 
     </span>
     <span class='ocr_line' id='line_1_8' title="bbox 124 648 756 712; baseline 0.005 -16"><span class='ocrx_word' id='word_1_50' title='bbox 124 651 172 696; x_wconf 91' lang='lat' dir='ltr'><strong>tum</strong></span> <span class='ocrx_word' id='word_1_51' title='bbox 185 648 318 712; x_wconf 87' lang='lat' dir='ltr'><strong>dispensare</strong></span> <span class='ocrx_word' id='word_1_52' title='bbox 326 653 354 698; x_wconf 89' lang='lat' dir='ltr'><strong>et</strong></span> <span class='ocrx_word' id='word_1_53' title='bbox 376 661 515 709; x_wconf 82' lang='lat' dir='ltr'><strong>consecrare,</strong></span> <span class='ocrx_word' id='word_1_54' title='bbox 529 648 616 699; x_wconf 87' lang='lat' dir='ltr'><strong>ratione</strong></span> <span class='ocrx_word' id='word_1_55' title='bbox 625 649 673 712; x_wconf 84' lang='lat' dir='ltr'><strong>jam</strong></span> <span class='ocrx_word' id='word_1_56' title='bbox 685 648 756 700; x_wconf 77' lang='lat' dir='ltr'><strong>dieti.</strong></span> 
     </span>
    </p>

    <p class='ocr_par' dir='ltr' id='par_1_3' title="bbox 125 719 911 1213">
     <span class='ocr_line' id='line_1_9' title="bbox 157 719 908 785; baseline 0.004 -17"><span class='ocrx_word' id='word_1_57' title='bbox 157 720 190 770; x_wconf 82' lang='lat' dir='ltr'><strong>td</strong></span> <span class='ocrx_word' id='word_1_58' title='bbox 204 721 295 769; x_wconf 72' lang='lat' dir='ltr'><strong>tectim</strong></span> <span class='ocrx_word' id='word_1_59' title='bbox 305 719 442 782; x_wconf 88' lang='lat' dir='ltr'><strong>dicendum,</strong></span> <span class='ocrx_word' id='word_1_60' title='bbox 455 719 516 782; x_wconf 82' lang='lat' dir='ltr'><strong>quod</strong></span> <span class='ocrx_word' id='word_1_61' title='bbox 534 720 593 770; x_wconf 88' lang='lat' dir='ltr'><strong>sicut</strong></span> <span class='ocrx_word' id='word_1_62' title='bbox 604 722 715 771; x_wconf 82' lang='lat' dir='ltr'><strong>diaconus</strong></span> <span class='ocrx_word' id='word_1_63' title='bbox 727 721 751 770; x_wconf 92' lang='lat' dir='ltr'><strong>in</strong></span> <span class='ocrx_word' id='word_1_64' title='bbox 762 721 838 785; x_wconf 82' lang='lat' dir='ltr'><strong>atiquo</strong></span> <span class='ocrx_word' id='word_1_65' title='bbox 848 719 908 784; x_wconf 73' lang='lat' dir='ltr'><strong>parti</strong></span> 
     </span>
     <span class='ocr_line' id='line_1_10' title="bbox 125 791 909 857; baseline 0.003 -17"><span class='ocrx_word' id='word_1_66' title='bbox 125 791 186 854; x_wconf 85' lang='lat' dir='ltr'><strong>cipat</strong></span> <span class='ocrx_word' id='word_1_67' title='bbox 199 791 371 842; x_wconf 82' lang='lat' dir='ltr'><strong>illuminativam</strong></span> <span class='ocrx_word' id='word_1_68' title='bbox 385 792 490 842; x_wconf 85' lang='lat' dir='ltr'><strong>virtutem</strong></span> <span class='ocrx_word' id='word_1_69' title='bbox 503 791 641 854; x_wconf 82' lang='lat' dir='ltr'><strong>sucerdotis,</strong></span> <span class='ocrx_word' id='word_1_70' title='bbox 651 793 797 856; x_wconf 84' lang='lat' dir='ltr'><strong>inquantum</strong></span> <span class='ocrx_word' id='word_1_71' title='bbox 810 793 909 857; x_wconf 66' lang='lat' dir='ltr'><strong>dispem</strong></span> 
     </span>
     <span class='ocr_line' id='line_1_11' title="bbox 126 861 908 930; baseline 0.001 -20"><span class='ocrx_word' id='word_1_72' title='bbox 126 861 267 926; x_wconf 77' lang='lat' dir='ltr'><strong>sanguinem,</strong></span> <span class='ocrx_word' id='word_1_73' title='bbox 281 863 312 913; x_wconf 89' lang='lat' dir='ltr'><strong>ita</strong></span> <span class='ocrx_word' id='word_1_74' title='bbox 326 865 430 914; x_wconf 85' lang='lat' dir='ltr'><strong>sacerdos</strong></span> <span class='ocrx_word' id='word_1_75' title='bbox 443 863 563 929; x_wconf 88' lang='lat' dir='ltr'><strong>participat</strong></span> <span class='ocrx_word' id='word_1_76' title='bbox 575 863 723 928; x_wconf 77' lang='lat' dir='ltr'><strong>perfectivam</strong></span> <span class='ocrx_word' id='word_1_77' title='bbox 733 864 908 930; x_wconf 83' lang='lat' dir='ltr'><strong>dispensationem</strong></span> 
     </span>
     <span class='ocr_line' id='line_1_12' title="bbox 127 931 911 1000; baseline 0.001 -19"><span class='ocrx_word' id='word_1_78' title='bbox 127 931 242 997; x_wconf 85' lang='lat' dir='ltr'><strong>episcopi,</strong></span> <span class='ocrx_word' id='word_1_79' title='bbox 255 934 280 984; x_wconf 89' lang='lat' dir='ltr'><strong>in</strong></span> <span class='ocrx_word' id='word_1_80' title='bbox 294 939 404 998; x_wconf 82' lang='lat' dir='ltr'><strong>quantum</strong></span> <span class='ocrx_word' id='word_1_81' title='bbox 419 934 537 1000; x_wconf 84' lang='lat' dir='ltr'><strong>dispensat</strong></span> <span class='ocrx_word' id='word_1_82' title='bbox 550 937 592 986; x_wconf 89' lang='lat' dir='ltr'><strong>troc</strong></span> <span class='ocrx_word' id='word_1_83' title='bbox 605 940 789 1000; x_wconf 85' lang='lat' dir='ltr'><strong>sacramentum,</strong></span> <span class='ocrx_word' id='word_1_84' title='bbox 803 950 845 1000; x_wconf 80' lang='lat' dir='ltr'><strong>quo</strong></span> <span class='ocrx_word' id='word_1_85' title='bbox 856 934 911 999; x_wconf 88' lang='lat' dir='ltr'><strong>peri·</strong></span> 
     </span>
     <span class='ocr_line' id='line_1_13' title="bbox 127 1003 909 1071; baseline 0.005 -19"><span class='ocrx_word' id='word_1_86' title='bbox 127 1003 186 1053; x_wconf 86' lang='lat' dir='ltr'><strong>eitun</strong></span> <span class='ocrx_word' id='word_1_87' title='bbox 204 1005 271 1055; x_wconf 87' lang='lat' dir='ltr'><strong>homo</strong></span> <span class='ocrx_word' id='word_1_88' title='bbox 290 1004 469 1070; x_wconf 76' lang='lat' dir='ltr'><strong>secundinum,</strong></span> <span class='ocrx_word' id='word_1_89' title='bbox 487 1020 530 1070; x_wconf 87' lang='lat' dir='ltr'><strong>per</strong></span> <span class='ocrx_word' id='word_1_90' title='bbox 545 1007 738 1071; x_wconf 81' lang='lat' dir='ltr'><strong>comparationem</strong></span> <span class='ocrx_word' id='word_1_91' title='bbox 756 1011 787 1058; x_wconf 88' lang='lat' dir='ltr'><strong>ad</strong></span> <span class='ocrx_word' id='word_1_92' title='bbox 801 1007 909 1058; x_wconf 77' lang='lat' dir='ltr'><strong>Ctrridnn.</strong></span> 
     </span>
     <span class='ocr_line' id='line_1_14' title="bbox 128 1075 910 1144; baseline 0.01 -20"><span class='ocrx_word' id='word_1_93' title='bbox 128 1075 184 1126; x_wconf 79' lang='lat' dir='ltr'><strong>ntis</strong></span> <span class='ocrx_word' id='word_1_94' title='bbox 198 1078 273 1128; x_wconf 83' lang='lat' dir='ltr'><strong>nutem</strong></span> <span class='ocrx_word' id='word_1_95' title='bbox 287 1077 438 1141; x_wconf 85' lang='lat' dir='ltr'><strong>perfectiones</strong></span> <span class='ocrx_word' id='word_1_96' title='bbox 452 1079 534 1141; x_wconf 82' lang='lat' dir='ltr'><strong>quibus</strong></span> <span class='ocrx_word' id='word_1_97' title='bbox 551 1080 619 1129; x_wconf 89' lang='lat' dir='ltr'><strong>homo</strong></span> <span class='ocrx_word' id='word_1_98' title='bbox 631 1079 749 1143; x_wconf 83' lang='lat' dir='ltr'><strong>perficitur</strong></span> <span class='ocrx_word' id='word_1_99' title='bbox 761 1093 804 1144; x_wconf 90' lang='lat' dir='ltr'><strong>per</strong></span> <span class='ocrx_word' id='word_1_100' title='bbox 813 1089 910 1143; x_wconf 74' lang='lat' dir='ltr'><strong>monm-</strong></span> 
     </span>
     <span class='ocr_line' id='line_1_15' title="bbox 128 1147 619 1213; baseline 0.006 -16"><span class='ocrx_word' id='word_1_101' title='bbox 128 1147 214 1198; x_wconf 87' lang='lat' dir='ltr'><strong>tionem</strong></span> <span class='ocrx_word' id='word_1_102' title='bbox 226 1149 255 1198; x_wconf 88' lang='lat' dir='ltr'><strong>ad</strong></span> <span class='ocrx_word' id='word_1_103' title='bbox 264 1149 330 1212; x_wconf 85' lang='lat' dir='ltr'><strong>alios,</strong></span> <span class='ocrx_word' id='word_1_104' title='bbox 344 1148 452 1213; x_wconf 84' lang='lat' dir='ltr'><strong>episcopo</strong></span> <span class='ocrx_word' id='word_1_105' title='bbox 465 1155 619 1200; x_wconf 84' lang='lat' dir='ltr'><strong>reservantur.</strong></span> 
     </span>
    </p>
   </div>
   <div class='ocr_carea' id='block_1_2' title="bbox 422 1329 725 1380">
    <p class='ocr_par' dir='ltr' id='par_1_4' title="bbox 422 1329 725 1380">
     <span class='ocr_line' id='line_1_16' title="bbox 422 1329 725 1380; baseline 0.003 -1"><span class='ocrx_word' id='word_1_106' title='bbox 422 1329 582 1380; x_wconf 79' lang='lat' dir='ltr'><strong>nnvtcvttos</strong></span> <span class='ocrx_word' id='word_1_107' title='bbox 598 1330 636 1380; x_wconf 87' lang='lat' dir='ltr'><strong>tv.</strong></span> <span class='ocrx_word' id='word_1_108' title='bbox 722 1341 725 1348; x_wconf 89' lang='lat'>&#39;</span> 
     </span>
    </p>
   </div>
   <div class='ocr_carea' id='block_1_3' title="bbox 198 1453 867 1562">
    <p class='ocr_par' dir='ltr' id='par_1_5' title="bbox 198 1453 867 1562">
     <span class='ocr_line' id='line_1_17' title="bbox 198 1453 867 1502; baseline -0.003 0"><span class='ocrx_word' id='word_1_109' title='bbox 198 1453 284 1502; x_wconf 63' lang='lat' dir='ltr'><strong>Umr&#39;em</strong></span> <span class='ocrx_word' id='word_1_110' title='bbox 303 1454 410 1500; x_wconf 70' lang='lat' dir='ltr'><strong>saeuum</strong></span> <span class='ocrx_word' id='word_1_111' title='bbox 428 1466 568 1500; x_wconf 73' lang='lat' dir='ltr'><strong>emerecranc</strong></span> <span class='ocrx_word' id='word_1_112' title='bbox 586 1457 696 1500; x_wconf 73' lang='lat' dir='ltr'><strong>teneatur</strong></span> <span class='ocrx_word' id='word_1_113' title='bbox 715 1467 811 1500; x_wconf 75' lang='lat' dir='ltr'><strong>eumen</strong></span> <span class='ocrx_word' id='word_1_114' title='bbox 828 1456 867 1500; x_wconf 77' lang='lat' dir='ltr'><strong>doe</strong></span> 
     </span>
     <span class='ocr_line' id='line_1_18' title="bbox 438 1519 624 1562; baseline -0.005 0"><span class='ocrx_word' id='word_1_115' title='bbox 438 1519 624 1562; x_wconf 77' lang='lat' dir='ltr'><strong>odoramentum.</strong></span> 
     </span>
    </p>
   </div>
   <div class='ocr_carea' id='block_1_4' title="bbox 132 1643 939 2710">
    <p class='ocr_par' dir='ltr' id='par_1_6' title="bbox 135 1643 939 2136">
     <span class='ocr_line' id='line_1_19' title="bbox 167 1643 911 1710; baseline -0.007 -13"><span class='ocrx_word' id='word_1_116' title='bbox 167 1647 200 1697; x_wconf 83' lang='lat' dir='ltr'><strong>nd</strong></span> <span class='ocrx_word' id='word_1_117' title='bbox 213 1649 318 1710; x_wconf 82' lang='lat' dir='ltr'><strong>quartum</strong></span> <span class='ocrx_word' id='word_1_118' title='bbox 332 1644 366 1695; x_wconf 93' lang='lat' dir='ltr'><strong>sio</strong></span> <span class='ocrx_word' id='word_1_119' title='bbox 376 1644 504 1708; x_wconf 87' lang='lat' dir='ltr'><strong>proceditur</strong></span> <span class='ocrx_word' id='word_1_120' title='bbox 515 1644 559 1708; x_wconf 83' lang='lat' dir='ltr'><strong>(t).</strong></span> <span class='ocrx_word' id='word_1_121' title='bbox 573 1643 668 1694; x_wconf 88' lang='lat' dir='ltr'><strong>Videtur</strong></span> <span class='ocrx_word' id='word_1_122' title='bbox 681 1643 742 1706; x_wconf 84' lang='lat' dir='ltr'><strong>qndd</strong></span> <span class='ocrx_word' id='word_1_123' title='bbox 754 1645 859 1694; x_wconf 88' lang='lat' dir='ltr'><strong>sacerdos</strong></span> <span class='ocrx_word' id='word_1_124' title='bbox 873 1653 911 1692; x_wconf 79' lang='lat' dir='ltr'><strong>oon</strong></span> 
     </span>
     <span class='ocr_line' id='line_1_20' title="bbox 136 1711 939 1769; baseline -0.005 0"><span class='ocrx_word' id='word_1_125' title='bbox 136 1731 228 1769; x_wconf 87' lang='lat' dir='ltr'><strong>secrans</strong></span> <span class='ocrx_word' id='word_1_126' title='bbox 240 1730 287 1769; x_wconf 88' lang='lat' dir='ltr'><strong>non</strong></span> <span class='ocrx_word' id='word_1_127' title='bbox 298 1720 402 1767; x_wconf 86' lang='lat' dir='ltr'><strong>teneatur</strong></span> <span class='ocrx_word' id='word_1_128' title='bbox 416 1728 506 1766; x_wconf 84' lang='lat' dir='ltr'><strong>sumere</strong></span> <span class='ocrx_word' id='word_1_129' title='bbox 521 1717 565 1766; x_wconf 89' lang='lat' dir='ltr'><strong>hoc</strong></span> <span class='ocrx_word' id='word_1_130' title='bbox 579 1717 754 1764; x_wconf 87' lang='lat' dir='ltr'><strong>sacramentum.</strong></span> <span class='ocrx_word' id='word_1_131' title='bbox 772 1716 799 1764; x_wconf 91' lang='lat' dir='ltr'><strong>in</strong></span> <span class='ocrx_word' id='word_1_132' title='bbox 810 1711 912 1765; x_wconf 86' lang='lat' dir='ltr'><strong>atiisenin</strong></span> <span class='ocrx_word' id='word_1_133' title='bbox 937 1726 939 1765; x_wconf 88' lang='lat' dir='ltr'><strong>t</strong></span> 
     </span>
     <span class='ocr_line' id='line_1_21' title="bbox 136 1779 913 1849; baseline -0.004 -8"><span class='ocrx_word' id='word_1_134' title='bbox 136 1787 357 1848; x_wconf 81' lang='lat' dir='ltr'><strong>consecrationibus,</strong></span> <span class='ocrx_word' id='word_1_135' title='bbox 374 1786 413 1836; x_wconf 91' lang='lat' dir='ltr'><strong>iile</strong></span> <span class='ocrx_word' id='word_1_136' title='bbox 429 1786 468 1849; x_wconf 85' lang='lat' dir='ltr'><strong>qui</strong></span> <span class='ocrx_word' id='word_1_137' title='bbox 479 1790 595 1836; x_wconf 85' lang='lat' dir='ltr'><strong>consecrat</strong></span> <span class='ocrx_word' id='word_1_138' title='bbox 613 1785 739 1846; x_wconf 63' lang='lat' dir='ltr'><strong>maurium,</strong></span> <span class='ocrx_word' id='word_1_139' title='bbox 750 1798 798 1836; x_wconf 92' lang='lat' dir='ltr'><strong>non</strong></span> <span class='ocrx_word' id='word_1_140' title='bbox 812 1785 876 1835; x_wconf 87' lang='lat' dir='ltr'><strong>utitur</strong></span> <span class='ocrx_word' id='word_1_141' title='bbox 888 1779 913 1837; x_wconf 80' lang='lat' dir='ltr'><strong>ri,</strong></span> 
     </span>
     <span class='ocr_line' id='line_1_22' title="bbox 135 1851 913 1925; baseline -0.005 -15"><span class='ocrx_word' id='word_1_142' title='bbox 135 1859 194 1910; x_wconf 86' lang='lat' dir='ltr'><strong>sient</strong></span> <span class='ocrx_word' id='word_1_143' title='bbox 210 1861 328 1925; x_wconf 89' lang='lat' dir='ltr'><strong>episcopus</strong></span> <span class='ocrx_word' id='word_1_144' title='bbox 349 1870 482 1908; x_wconf 84' lang='lat' dir='ltr'><strong>consecrans</strong></span> <span class='ocrx_word' id='word_1_145' title='bbox 498 1856 610 1918; x_wconf 88' lang='lat' dir='ltr'><strong>chrisma,</strong></span> <span class='ocrx_word' id='word_1_146' title='bbox 628 1870 674 1909; x_wconf 88' lang='lat' dir='ltr'><strong>non</strong></span> <span class='ocrx_word' id='word_1_147' title='bbox 694 1856 774 1906; x_wconf 80' lang='lat' dir='ltr'><strong>linitur</strong></span> <span class='ocrx_word' id='word_1_148' title='bbox 786 1857 871 1907; x_wconf 90' lang='lat' dir='ltr'><strong>eodem.</strong></span> <span class='ocrx_word' id='word_1_149' title='bbox 882 1851 913 1900; x_wconf 70' lang='lat' dir='ltr'><strong>Sti</strong></span> 
     </span>
     <span class='ocr_line' id='line_1_23' title="bbox 137 1918 939 1990; baseline -0.005 -10"><span class='ocrx_word' id='word_1_150' title='bbox 137 1933 181 1982; x_wconf 86' lang='lat' dir='ltr'><strong>hoc</strong></span> <span class='ocrx_word' id='word_1_151' title='bbox 193 1933 357 1982; x_wconf 87' lang='lat' dir='ltr'><strong>sacramentum</strong></span> <span class='ocrx_word' id='word_1_152' title='bbox 371 1929 474 1979; x_wconf 78' lang='lat' dir='ltr'><strong>consistit</strong></span> <span class='ocrx_word' id='word_1_153' title='bbox 487 1929 511 1979; x_wconf 93' lang='lat' dir='ltr'><strong>in</strong></span> <span class='ocrx_word' id='word_1_154' title='bbox 522 1929 691 1980; x_wconf 87' lang='lat' dir='ltr'><strong>consecratione</strong></span> <span class='ocrx_word' id='word_1_155' title='bbox 700 1928 810 1980; x_wconf 80' lang='lat' dir='ltr'><strong>materiae.</strong></span> <span class='ocrx_word' id='word_1_156' title='bbox 825 1929 878 1990; x_wconf 79' lang='lat' dir='ltr'><strong>Ergo</strong></span> <span class='ocrx_word' id='word_1_157' title='bbox 888 1935 913 1972; x_wconf 82' lang='lat' dir='ltr'><strong>st·</strong></span> <span class='ocrx_word' id='word_1_158' title='bbox 937 1918 939 1963; x_wconf 66' lang='grc' dir='ltr'>Ι</span> 
     </span>
     <span class='ocr_line' id='line_1_24' title="bbox 136 1997 939 2065; baseline -0.009 -13"><span class='ocrx_word' id='word_1_159' title='bbox 136 2003 215 2054; x_wconf 80' lang='lat' dir='ltr'><strong>cordos</strong></span> <span class='ocrx_word' id='word_1_160' title='bbox 235 2000 357 2065; x_wconf 80' lang='lat' dir='ltr'><strong>perficiens</strong></span> <span class='ocrx_word' id='word_1_161' title='bbox 376 2001 420 2050; x_wconf 87' lang='lat' dir='ltr'><strong>hoc</strong></span> <span class='ocrx_word' id='word_1_162' title='bbox 438 2006 620 2064; x_wconf 85' lang='lat' dir='ltr'><strong>sacramentum,</strong></span> <span class='ocrx_word' id='word_1_163' title='bbox 640 2013 686 2050; x_wconf 93' lang='lat' dir='ltr'><strong>non</strong></span> <span class='ocrx_word' id='word_1_164' title='bbox 701 2013 797 2050; x_wconf 89' lang='lat' dir='ltr'><strong>necesse</strong></span> <span class='ocrx_word' id='word_1_165' title='bbox 817 1997 912 2049; x_wconf 75' lang='lat' dir='ltr'><strong>trudeim</strong></span> <span class='ocrx_word' id='word_1_166' title='bbox 937 2034 939 2037; x_wconf 90' lang='lat'>.</span> 
     </span>
     <span class='ocr_line' id='line_1_25' title="bbox 136 2070 809 2136; baseline -0.004 -12"><span class='ocrx_word' id='word_1_167' title='bbox 136 2074 231 2136; x_wconf 83' lang='lat' dir='ltr'><strong>eodem,</strong></span> <span class='ocrx_word' id='word_1_168' title='bbox 245 2073 284 2122; x_wconf 90' lang='lat' dir='ltr'><strong>sed</strong></span> <span class='ocrx_word' id='word_1_169' title='bbox 297 2075 371 2136; x_wconf 90' lang='lat' dir='ltr'><strong>potest</strong></span> <span class='ocrx_word' id='word_1_170' title='bbox 384 2070 445 2123; x_wconf 78' lang='lat' dir='ltr'><strong>licite</strong></span> <span class='ocrx_word' id='word_1_171' title='bbox 457 2071 470 2122; x_wconf 77' lang='lat' dir='ltr'><strong>i</strong></span> <span class='ocrx_word' id='word_1_172' title='bbox 480 2072 609 2136; x_wconf 87' lang='lat' dir='ltr'><strong>sumptione</strong></span> <span class='ocrx_word' id='word_1_173' title='bbox 621 2071 673 2135; x_wconf 83' lang='lat' dir='ltr'><strong>ejus</strong></span> <span class='ocrx_word' id='word_1_174' title='bbox 687 2072 809 2124; x_wconf 87' lang='lat' dir='ltr'><strong>abstinere.</strong></span> 
     </span>
    </p>

    <p class='ocr_par' dir='ltr' id='par_1_7' title="bbox 134 2143 912 2496">
     <span class='ocr_line' id='line_1_26' title="bbox 169 2143 912 2210; baseline -0.004 -16"><span class='ocrx_word' id='word_1_175' title='bbox 169 2148 192 2197; x_wconf 81' lang='lat'><strong>2.</strong></span> <span class='ocrx_word' id='word_1_176' title='bbox 212 2147 338 2207; x_wconf 79' lang='lat' dir='ltr'><strong>Praetema,</strong></span> <span class='ocrx_word' id='word_1_177' title='bbox 354 2143 378 2194; x_wconf 90' lang='lat' dir='ltr'><strong>in</strong></span> <span class='ocrx_word' id='word_1_178' title='bbox 391 2143 442 2194; x_wconf 83' lang='lat' dir='ltr'><strong>attis</strong></span> <span class='ocrx_word' id='word_1_179' title='bbox 458 2146 606 2196; x_wconf 85' lang='lat' dir='ltr'><strong>sacramentis</strong></span> <span class='ocrx_word' id='word_1_180' title='bbox 619 2144 723 2196; x_wconf 88' lang='lat' dir='ltr'><strong>minister</strong></span> <span class='ocrx_word' id='word_1_181' title='bbox 736 2158 782 2196; x_wconf 92' lang='lat' dir='ltr'><strong>non</strong></span> <span class='ocrx_word' id='word_1_182' title='bbox 795 2145 877 2210; x_wconf 79' lang='lat' dir='ltr'><strong>prabet</strong></span> <span class='ocrx_word' id='word_1_183' title='bbox 888 2153 912 2191; x_wconf 73' lang='lat' dir='ltr'><strong>m·</strong></span> 
     </span>
     <span class='ocr_line' id='line_1_27' title="bbox 136 2215 910 2283; baseline 0.003 -15"><span class='ocrx_word' id='word_1_184' title='bbox 136 2221 277 2268; x_wconf 85' lang='lat' dir='ltr'><strong>crumentum</strong></span> <span class='ocrx_word' id='word_1_185' title='bbox 296 2215 339 2266; x_wconf 86' lang='lat' dir='ltr'><strong>siti</strong></span> <span class='ocrx_word' id='word_1_186' title='bbox 352 2215 415 2280; x_wconf 90' lang='lat' dir='ltr'><strong>ipsi;</strong></span> <span class='ocrx_word' id='word_1_187' title='bbox 431 2217 505 2268; x_wconf 87' lang='lat' dir='ltr'><strong>nulius</strong></span> <span class='ocrx_word' id='word_1_188' title='bbox 521 2217 583 2268; x_wconf 89' lang='lat' dir='ltr'><strong>enim</strong></span> <span class='ocrx_word' id='word_1_189' title='bbox 601 2218 716 2283; x_wconf 86' lang='lat' dir='ltr'><strong>baptizare</strong></span> <span class='ocrx_word' id='word_1_190' title='bbox 729 2221 805 2281; x_wconf 87' lang='lat' dir='ltr'><strong>potest</strong></span> <span class='ocrx_word' id='word_1_191' title='bbox 818 2216 910 2280; x_wconf 73' lang='lat' dir='ltr'><strong>seipsum,</strong></span> 
     </span>
     <span class='ocr_line' id='line_1_28' title="bbox 135 2287 910 2352; baseline -0.009 -14"><span class='ocrx_word' id='word_1_192' title='bbox 135 2293 161 2338; x_wconf 89' lang='lat' dir='ltr'><strong>ut</strong></span> <span class='ocrx_word' id='word_1_193' title='bbox 176 2287 244 2352; x_wconf 77' lang='lat' dir='ltr'><strong>sopri</strong></span> <span class='ocrx_word' id='word_1_194' title='bbox 257 2287 386 2339; x_wconf 86' lang='lat' dir='ltr'><strong>dictumest</strong></span> <span class='ocrx_word' id='word_1_195' title='bbox 396 2290 444 2352; x_wconf 84' lang='lat' dir='ltr'><strong>(qu.</strong></span> <span class='ocrx_word' id='word_1_196' title='bbox 456 2293 495 2351; x_wconf 82' lang='grc'><strong>66,</strong></span> <span class='ocrx_word' id='word_1_197' title='bbox 508 2294 550 2338; x_wconf 86' lang='lat' dir='ltr'><strong>art.</strong></span> <span class='ocrx_word' id='word_1_198' title='bbox 561 2292 584 2351; x_wconf 83' lang='lat' dir='ltr'><strong>t,</strong></span> <span class='ocrx_word' id='word_1_199' title='bbox 595 2290 624 2339; x_wconf 91' lang='lat' dir='ltr'><strong>ad</strong></span> <span class='ocrx_word' id='word_1_200' title='bbox 635 2291 669 2350; x_wconf 85' lang='lat' dir='ltr'><strong>t).</strong></span> <span class='ocrx_word' id='word_1_201' title='bbox 679 2289 726 2340; x_wconf 86' lang='lat' dir='ltr'><strong>Sed</strong></span> <span class='ocrx_word' id='word_1_202' title='bbox 735 2289 795 2339; x_wconf 88' lang='lat' dir='ltr'><strong>sicut</strong></span> <span class='ocrx_word' id='word_1_203' title='bbox 807 2288 910 2352; x_wconf 77' lang='lat' dir='ltr'><strong>tapdrnu</strong></span> 
     </span>
     <span class='ocr_line' id='line_1_29' title="bbox 134 2355 910 2423; baseline -0.01 -13"><span class='ocrx_word' id='word_1_204' title='bbox 134 2359 237 2411; x_wconf 79' lang='lat' dir='ltr'><strong>ordinate</strong></span> <span class='ocrx_word' id='word_1_205' title='bbox 253 2359 405 2422; x_wconf 86' lang='lat' dir='ltr'><strong>dispensatur,</strong></span> <span class='ocrx_word' id='word_1_206' title='bbox 417 2359 449 2408; x_wconf 84' lang='lat' dir='ltr'><strong>itu</strong></span> <span class='ocrx_word' id='word_1_207' title='bbox 463 2363 488 2410; x_wconf 90' lang='lat' dir='ltr'><strong>et</strong></span> <span class='ocrx_word' id='word_1_208' title='bbox 498 2360 542 2410; x_wconf 84' lang='lat' dir='ltr'><strong>doc</strong></span> <span class='ocrx_word' id='word_1_209' title='bbox 558 2364 735 2410; x_wconf 87' lang='lat' dir='ltr'><strong>sacramentum.</strong></span> <span class='ocrx_word' id='word_1_210' title='bbox 752 2361 813 2423; x_wconf 79' lang='lat' dir='ltr'><strong>Ergo</strong></span> <span class='ocrx_word' id='word_1_211' title='bbox 828 2355 910 2407; x_wconf 81' lang='lat' dir='ltr'><strong>sacerdos</strong></span> 
     </span>
     <span class='ocr_line' id='line_1_30' title="bbox 134 2427 909 2496; baseline -0.006 -14"><span class='ocrx_word' id='word_1_212' title='bbox 134 2430 254 2496; x_wconf 85' lang='lat' dir='ltr'><strong>perficiens</strong></span> <span class='ocrx_word' id='word_1_213' title='bbox 266 2432 310 2482; x_wconf 85' lang='lat' dir='ltr'><strong>troc</strong></span> <span class='ocrx_word' id='word_1_214' title='bbox 321 2431 495 2493; x_wconf 81' lang='lat' dir='ltr'><strong>sacramentnm,</strong></span> <span class='ocrx_word' id='word_1_215' title='bbox 507 2443 552 2481; x_wconf 86' lang='lat' dir='ltr'><strong>non</strong></span> <span class='ocrx_word' id='word_1_216' title='bbox 561 2431 627 2482; x_wconf 88' lang='lat' dir='ltr'><strong>debet</strong></span> <span class='ocrx_word' id='word_1_217' title='bbox 639 2430 715 2495; x_wconf 88' lang='lat' dir='ltr'><strong>ipsum</strong></span> <span class='ocrx_word' id='word_1_218' title='bbox 725 2442 814 2482; x_wconf 86' lang='lat' dir='ltr'><strong>sumere</strong></span> <span class='ocrx_word' id='word_1_219' title='bbox 824 2427 909 2490; x_wconf 72' lang='lat' dir='ltr'><strong>teipso.</strong></span> 
     </span>
    </p>

    <p class='ocr_par' dir='ltr' id='par_1_8' title="bbox 132 2499 910 2710">
     <span class='ocr_line' id='line_1_31' title="bbox 165 2499 910 2566; baseline -0.007 -14"><span class='ocrx_word' id='word_1_220' title='bbox 165 2507 188 2553; x_wconf 76' lang='grc'><strong>3.</strong></span> <span class='ocrx_word' id='word_1_221' title='bbox 202 2503 329 2565; x_wconf 77' lang='lat' dir='ltr'><strong>Praeterea,</strong></span> <span class='ocrx_word' id='word_1_222' title='bbox 344 2501 456 2564; x_wconf 83' lang='lat' dir='ltr'><strong>contingit</strong></span> <span class='ocrx_word' id='word_1_223' title='bbox 468 2503 604 2566; x_wconf 86' lang='lat' dir='ltr'><strong>quandoque</strong></span> <span class='ocrx_word' id='word_1_224' title='bbox 622 2503 682 2566; x_wconf 80' lang='lat' dir='ltr'><strong>qudd</strong></span> <span class='ocrx_word' id='word_1_225' title='bbox 702 2499 832 2554; x_wconf 77' lang='lat' dir='ltr'><strong>muccutoso</strong></span> <span class='ocrx_word' id='word_1_226' title='bbox 845 2507 910 2560; x_wconf 74' lang='lat' dir='ltr'><strong>corpvs</strong></span> 
     </span>
     <span class='ocr_line' id='line_1_32' title="bbox 132 2566 908 2645; baseline -0.004 -21"><span class='ocrx_word' id='word_1_227' title='bbox 132 2573 248 2624; x_wconf 77' lang='lat' dir='ltr'><strong>christiin</strong></span> <span class='ocrx_word' id='word_1_228' title='bbox 258 2573 322 2624; x_wconf 85' lang='lat' dir='ltr'><strong>altari</strong></span> <span class='ocrx_word' id='word_1_229' title='bbox 335 2579 428 2639; x_wconf 83' lang='lat' dir='ltr'><strong>apparet</strong></span> <span class='ocrx_word' id='word_1_230' title='bbox 438 2574 480 2622; x_wconf 88' lang='lat' dir='ltr'><strong>sub</strong></span> <span class='ocrx_word' id='word_1_231' title='bbox 488 2573 563 2637; x_wconf 90' lang='lat' dir='ltr'><strong>speeie</strong></span> <span class='ocrx_word' id='word_1_232' title='bbox 571 2574 653 2635; x_wconf 87' lang='lat' dir='ltr'><strong>earnis,</strong></span> <span class='ocrx_word' id='word_1_233' title='bbox 664 2577 687 2624; x_wconf 90' lang='lat' dir='ltr'><strong>et</strong></span> <span class='ocrx_word' id='word_1_234' title='bbox 697 2573 790 2637; x_wconf 79' lang='lat' dir='ltr'><strong>sangnis</strong></span> <span class='ocrx_word' id='word_1_235' title='bbox 803 2566 908 2645; x_wconf 65' lang='lat' dir='ltr'><strong>snhspeo&#39;t</strong></span> 
     </span>
     <span class='ocr_line' id='line_1_33' title="bbox 132 2644 910 2710; baseline -0.008 -14"><span class='ocrx_word' id='word_1_236' title='bbox 132 2646 261 2710; x_wconf 78' lang='lat' dir='ltr'><strong>sauguinis3</strong></span> <span class='ocrx_word' id='word_1_237' title='bbox 273 2659 323 2709; x_wconf 86' lang='lat' dir='ltr'><strong>qnae</strong></span> <span class='ocrx_word' id='word_1_238' title='bbox 337 2658 383 2695; x_wconf 91' lang='lat' dir='ltr'><strong>uon</strong></span> <span class='ocrx_word' id='word_1_239' title='bbox 393 2649 445 2696; x_wconf 90' lang='lat' dir='ltr'><strong>sunt</strong></span> <span class='ocrx_word' id='word_1_240' title='bbox 459 2648 513 2710; x_wconf 86' lang='lat' dir='ltr'><strong>apta</strong></span> <span class='ocrx_word' id='word_1_241' title='bbox 527 2645 578 2697; x_wconf 91' lang='lat' dir='ltr'><strong>cibo</strong></span> <span class='ocrx_word' id='word_1_242' title='bbox 591 2649 614 2696; x_wconf 93' lang='lat' dir='ltr'><strong>et</strong></span> <span class='ocrx_word' id='word_1_243' title='bbox 628 2645 699 2710; x_wconf 89' lang='lat' dir='ltr'><strong>potui.</strong></span> <span class='ocrx_word' id='word_1_244' title='bbox 708 2645 787 2708; x_wconf 89' lang='lat' dir='ltr'><strong>Unde,</strong></span> <span class='ocrx_word' id='word_1_245' title='bbox 797 2644 910 2704; x_wconf 68' lang='lat' dir='ltr'><strong>serenus</strong></span> 
     </span>
    </p>
   </div>
   <div class='ocr_carea' id='block_1_5' title="bbox 136 2808 909 2933">
    <p class='ocr_par' dir='ltr' id='par_1_9' title="bbox 136 2808 909 2933">
     <span class='ocr_line' id='line_1_34' title="bbox 167 2808 909 2870; baseline 0.001 -15"><span class='ocrx_word' id='word_1_246' title='bbox 167 2808 198 2870; x_wconf 84' lang='lat'><strong>(1)</strong></span> <span class='ocrx_word' id='word_1_247' title='bbox 213 2812 246 2856; x_wconf 86' lang='lat' dir='ltr'><strong>lte</strong></span> <span class='ocrx_word' id='word_1_248' title='bbox 263 2809 299 2856; x_wconf 86' lang='lat' dir='ltr'><strong>iris</strong></span> <span class='ocrx_word' id='word_1_249' title='bbox 318 2809 388 2855; x_wconf 87' lang='lat' dir='ltr'><strong>etiam</strong></span> <span class='ocrx_word' id='word_1_250' title='bbox 407 2809 494 2867; x_wconf 80' lang='lat' dir='ltr'><strong>sopri,</strong></span> <span class='ocrx_word' id='word_1_251' title='bbox 508 2822 549 2867; x_wconf 85' lang='lat' dir='ltr'><strong>qn.</strong></span> <span class='ocrx_word' id='word_1_252' title='bbox 565 2810 610 2869; x_wconf 81' lang='lat'><strong>80,</strong></span> <span class='ocrx_word' id='word_1_253' title='bbox 623 2818 667 2859; x_wconf 89' lang='lat' dir='ltr'><strong>art.</strong></span> <span class='ocrx_word' id='word_1_254' title='bbox 686 2810 731 2865; x_wconf 65' lang='lat'><strong>123</strong></span> <span class='ocrx_word' id='word_1_255' title='bbox 746 2818 771 2860; x_wconf 88' lang='lat' dir='ltr'><strong>ct</strong></span> <span class='ocrx_word' id='word_1_256' title='bbox 784 2815 830 2869; x_wconf 78' lang='lat' dir='ltr'><strong>lv,</strong></span> <span class='ocrx_word' id='word_1_257' title='bbox 842 2810 909 2860; x_wconf 68' lang='lat' dir='ltr'><strong>dut.</strong></span> 
     </span>
     <span class='ocr_line' id='line_1_35' title="bbox 136 2871 632 2933; baseline -0.004 -13"><span class='ocrx_word' id='word_1_258' title='bbox 136 2872 188 2920; x_wconf 81' lang='lat' dir='ltr'><strong>dire.</strong></span> <span class='ocrx_word' id='word_1_259' title='bbox 201 2872 240 2932; x_wconf 78' lang='lat' dir='ltr'><strong>tn,</strong></span> <span class='ocrx_word' id='word_1_260' title='bbox 255 2885 295 2929; x_wconf 83' lang='lat' dir='ltr'><strong>qn.</strong></span> <span class='ocrx_word' id='word_1_261' title='bbox 306 2871 330 2933; x_wconf 80' lang='lat'><strong>³,</strong></span> <span class='ocrx_word' id='word_1_262' title='bbox 345 2879 390 2918; x_wconf 80' lang='lat' dir='ltr'><strong>ert.</strong></span> <span class='ocrx_word' id='word_1_263' title='bbox 402 2872 427 2931; x_wconf 70' lang='lat' dir='ltr'><strong>ss,</strong></span> <span class='ocrx_word' id='word_1_264' title='bbox 437 2872 575 2929; x_wconf 71' lang='lat' dir='ltr'><strong>questione.</strong></span> <span class='ocrx_word' id='word_1_265' title='bbox 585 2872 609 2918; x_wconf 73' lang='lat' dir='ltr'><strong>t.</strong></span> <span class='ocrx_word' id='word_1_266' title='bbox 627 2913 632 2927; x_wconf 74' lang='grc'>,</span> 
     </span>
    </p>
   </div>
   <div class='ocr_carea' id='block_1_6' title="bbox 0 0 985 3284">
    <p class='ocr_par' dir='ltr' id='par_1_10' title="bbox 0 0 985 3284">
     <span class='ocr_line' id='line_1_36' title="bbox 0 0 985 3284; baseline 0 0"><span class='ocrx_word' id='word_1_267' title='bbox 0 0 985 3284; x_wconf 95' lang='lat' dir='ltr'><strong> </strong></span> 
     </span>
    </p>
   </div>
  </div>
 </body>
</html>
