<?xml version="1.0" encoding="UTF-8"?>
<!DOCTYPE html PUBLIC "-//W3C//DTD XHTML 1.0 Transitional//EN"
    "http://www.w3.org/TR/xhtml1/DTD/xhtml1-transitional.dtd">
<html xmlns="http://www.w3.org/1999/xhtml" xml:lang="en" lang="en">
 <head>
  <title>
</title>
<meta http-equiv="Content-Type" content="text/html;charset=utf-8" />
  <meta name='ocr-system' content='tesseract 3.04.00' />
  <meta name='ocr-capabilities' content='ocr_page ocr_carea ocr_par ocr_line ocrx_word'/>
</head>
<body>
  <div class='ocr_page' id='page_1' title='image "./summatheologica01nicogoog_0854.png"; bbox 0 0 1942 3284; ppageno 0'>
   <div class='ocr_carea' id='block_1_1' title="bbox 130 145 798 206">
    <p class='ocr_par' dir='ltr' id='par_1_1' title="bbox 130 145 798 206">
     <span class='ocr_line' id='line_1_1' title="bbox 130 145 798 206; baseline -0.001 -16"><span class='ocrx_word' id='word_1_1' title='bbox 130 145 177 193; x_wconf 73' lang='lat' dir='ltr'>8ti</span> <span class='ocrx_word' id='word_1_2' title='bbox 266 153 577 206; x_wconf 58' lang='lat' dir='ltr'>suecssunnrunponmsn.</span> <span class='ocrx_word' id='word_1_3' title='bbox 593 155 694 201; x_wconf 80' lang='lat' dir='ltr'>uuum,</span> <span class='ocrx_word' id='word_1_4' title='bbox 708 153 766 190; x_wconf 73' lang='lat' dir='ltr'>aar.</span> <span class='ocrx_word' id='word_1_5' title='bbox 780 154 798 189; x_wconf 90' lang='lat' dir='ltr'>r.</span> 
     </span>
    </p>
   </div>
   <div class='ocr_carea' id='block_1_2' title="bbox 72 228 931 720">
    <p class='ocr_par' dir='ltr' id='par_1_2' title="bbox 72 228 931 720">
     <span class='ocr_line' id='line_1_2' title="bbox 128 228 927 294; baseline -0.004 -12"><span class='ocrx_word' id='word_1_6' title='bbox 128 231 220 282; x_wconf 85' lang='lat' dir='ltr'>mundis</span> <span class='ocrx_word' id='word_1_7' title='bbox 232 243 274 282; x_wconf 88' lang='lat' dir='ltr'>uec</span> <span class='ocrx_word' id='word_1_8' title='bbox 286 229 394 294; x_wconf 70' lang='lat' dir='ltr'>symbola,</span> <span class='ocrx_word' id='word_1_9' title='bbox 409 245 423 276; x_wconf 82' lang='lat' dir='ltr'>n</span> <span class='ocrx_word' id='word_1_10' title='bbox 441 229 464 279; x_wconf 93' lang='lat' dir='ltr'>id</span> <span class='ocrx_word' id='word_1_11' title='bbox 475 232 520 290; x_wconf 84' lang='lat' dir='ltr'>est,</span> <span class='ocrx_word' id='word_1_12' title='bbox 534 229 711 279; x_wconf 77' lang='lat' dir='ltr'>sacramentalia</span> <span class='ocrx_word' id='word_1_13' title='bbox 725 228 799 291; x_wconf 83' lang='lat' dir='ltr'>signa,</span> <span class='ocrx_word' id='word_1_14' title='bbox 812 233 927 293; x_wconf 72' lang='lat' dir='ltr'>clangere</span> 
     </span>
     <span class='ocr_line' id='line_1_3' title="bbox 128 300 926 364; baseline -0.003 -12"><span class='ocrx_word' id='word_1_15' title='bbox 128 301 163 352; x_wconf 86' lang='lat' dir='ltr'>las</span> <span class='ocrx_word' id='word_1_16' title='bbox 180 307 223 352; x_wconf 89' lang='lat' dir='ltr'>est.</span> <span class='ocrx_word' id='word_1_17' title='bbox 239 319 253 350; x_wconf 83' lang='lat' dir='ltr'>n</span> <span class='ocrx_word' id='word_1_18' title='bbox 270 301 334 352; x_wconf 85' lang='lat' dir='ltr'>Unde</span> <span class='ocrx_word' id='word_1_19' title='bbox 348 301 438 364; x_wconf 88' lang='lat' dir='ltr'>quando</span> <span class='ocrx_word' id='word_1_20' title='bbox 453 303 549 363; x_wconf 89' lang='lat' dir='ltr'>tangunt</span> <span class='ocrx_word' id='word_1_21' title='bbox 564 312 604 350; x_wconf 85' lang='lat' dir='ltr'>res</span> <span class='ocrx_word' id='word_1_22' title='bbox 619 312 698 350; x_wconf 84' lang='lat' dir='ltr'>sacras</span> <span class='ocrx_word' id='word_1_23' title='bbox 712 301 780 364; x_wconf 87' lang='lat' dir='ltr'>quasi</span> <span class='ocrx_word' id='word_1_24' title='bbox 798 314 841 351; x_wconf 86' lang='lat' dir='ltr'>suo</span> <span class='ocrx_word' id='word_1_25' title='bbox 854 300 926 350; x_wconf 82' lang='lat' dir='ltr'>cilicio</span> 
     </span>
     <span class='ocr_line' id='line_1_4' title="bbox 128 369 926 436; baseline -0.004 -13"><span class='ocrx_word' id='word_1_26' title='bbox 128 377 232 436; x_wconf 90' lang='lat' dir='ltr'>utentes,</span> <span class='ocrx_word' id='word_1_27' title='bbox 247 374 341 436; x_wconf 85' lang='lat' dir='ltr'>peccant</span> <span class='ocrx_word' id='word_1_28' title='bbox 360 371 491 421; x_wconf 88' lang='lat' dir='ltr'>mortaliter.</span> <span class='ocrx_word' id='word_1_29' title='bbox 512 369 585 420; x_wconf 80' lang='lat' dir='ltr'>Sociis</span> <span class='ocrx_word' id='word_1_30' title='bbox 601 375 680 420; x_wconf 89' lang='lat' dir='ltr'>autem</span> <span class='ocrx_word' id='word_1_31' title='bbox 693 370 804 432; x_wconf 88' lang='lat' dir='ltr'>esset,si</span> <span class='ocrx_word' id='word_1_32' title='bbox 819 371 845 420; x_wconf 91' lang='lat' dir='ltr'>iu</span> <span class='ocrx_word' id='word_1_33' title='bbox 859 371 926 434; x_wconf 77' lang='lat' dir='ltr'>alium</span> 
     </span>
     <span class='ocr_line' id='line_1_5' title="bbox 129 441 927 505; baseline -0.003 -11"><span class='ocrx_word' id='word_1_34' title='bbox 129 445 266 496; x_wconf 71' lang='lat' dir='ltr'>necessitate</span> <span class='ocrx_word' id='word_1_35' title='bbox 283 442 375 504; x_wconf 82' lang='lat' dir='ltr'>aliquod</span> <span class='ocrx_word' id='word_1_36' title='bbox 392 455 481 492; x_wconf 89' lang='lat' dir='ltr'>sacrum</span> <span class='ocrx_word' id='word_1_37' title='bbox 493 441 664 505; x_wconf 87' lang='lat' dir='ltr'>contingerent,</span> <span class='ocrx_word' id='word_1_38' title='bbox 678 442 716 492; x_wconf 81' lang='lat' dir='ltr'>rel</span> <span class='ocrx_word' id='word_1_39' title='bbox 729 443 927 505; x_wconf 81' lang='lat' dir='ltr'>exequerentnrir</span> 
     </span>
     <span class='ocr_line' id='line_1_6' title="bbox 128 512 931 578; baseline -0.006 -13"><span class='ocrx_word' id='word_1_40' title='bbox 128 513 168 564; x_wconf 93' lang='lat' dir='ltr'>illo</span> <span class='ocrx_word' id='word_1_41' title='bbox 180 528 235 564; x_wconf 90' lang='lat' dir='ltr'>casu</span> <span class='ocrx_word' id='word_1_42' title='bbox 254 514 277 563; x_wconf 92' lang='lat' dir='ltr'>in</span> <span class='ocrx_word' id='word_1_43' title='bbox 293 528 338 577; x_wconf 82' lang='lat' dir='ltr'>quo</span> <span class='ocrx_word' id='word_1_44' title='bbox 350 513 418 563; x_wconf 91' lang='lat' dir='ltr'>etiam</span> <span class='ocrx_word' id='word_1_45' title='bbox 440 512 504 562; x_wconf 89' lang='lat' dir='ltr'>laicis</span> <span class='ocrx_word' id='word_1_46' title='bbox 514 513 597 563; x_wconf 87' lang='lat' dir='ltr'>liceret</span> <span class='ocrx_word' id='word_1_47' title='bbox 612 527 619 561; x_wconf 75' lang='grc' dir='ltr'><strong>ε</strong></span> <span class='ocrx_word' id='word_1_48' title='bbox 635 512 696 563; x_wconf 87' lang='lat' dir='ltr'>sicut</span> <span class='ocrx_word' id='word_1_49' title='bbox 714 513 736 563; x_wconf 93' lang='lat' dir='ltr'>si</span> <span class='ocrx_word' id='word_1_50' title='bbox 751 514 896 578; x_wconf 81' lang='lat' dir='ltr'>baptizarent</span> <span class='ocrx_word' id='word_1_51' title='bbox 910 515 931 562; x_wconf 90' lang='lat' dir='ltr'>in</span> 
     </span>
     <span class='ocr_line' id='line_1_7' title="bbox 130 582 931 649; baseline 0.001 -16"><span class='ocrx_word' id='word_1_52' title='bbox 130 585 205 649; x_wconf 83' lang='lat' dir='ltr'>aliquo</span> <span class='ocrx_word' id='word_1_53' title='bbox 217 585 310 635; x_wconf 89' lang='lat' dir='ltr'>articulo</span> <span class='ocrx_word' id='word_1_54' title='bbox 321 583 469 644; x_wconf 77' lang='lat' dir='ltr'>necessitatis,</span> <span class='ocrx_word' id='word_1_55' title='bbox 480 582 638 648; x_wconf 83' lang='lat' dir='ltr'>relsicorpus</span> <span class='ocrx_word' id='word_1_56' title='bbox 648 583 775 635; x_wconf 84' lang='lat' dir='ltr'>christiin</span> <span class='ocrx_word' id='word_1_57' title='bbox 788 589 874 636; x_wconf 87' lang='lat' dir='ltr'>terram</span> <span class='ocrx_word' id='word_1_58' title='bbox 886 596 931 648; x_wconf 88' lang='lat' dir='ltr'>pro·</span> 
     </span>
     <span class='ocr_line' id='line_1_8' title="bbox 72 655 372 720; baseline -0.01 -13"><span class='ocrx_word' id='word_1_59' title='bbox 72 685 74 689; x_wconf 94' lang='lat'>·</span> <span class='ocrx_word' id='word_1_60' title='bbox 133 656 219 720; x_wconf 86' lang='lat' dir='ltr'>jectum</span> <span class='ocrx_word' id='word_1_61' title='bbox 234 655 372 718; x_wconf 81' lang='lat' dir='ltr'>colligerent.</span> 
     </span>
    </p>
   </div>
   <div class='ocr_carea' id='block_1_3' title="bbox 360 927 711 998">
    <p class='ocr_par' dir='ltr' id='par_1_3' title="bbox 360 927 711 998">
     <span class='ocr_line' id='line_1_9' title="bbox 360 927 711 998; baseline -0.017 0"><span class='ocrx_word' id='word_1_62' title='bbox 360 927 526 998; x_wconf 72' lang='lat' dir='ltr'>dunello</span> <span class='ocrx_word' id='word_1_63' title='bbox 543 927 711 992; x_wconf 77' lang='lat' dir='ltr'>xxxvii,</span> 
     </span>
    </p>
   </div>
   <div class='ocr_carea' id='block_1_4' title="bbox 131 1067 955 1200">
    <p class='ocr_par' dir='ltr' id='par_1_4' title="bbox 131 1067 955 1200">
     <span class='ocr_line' id='line_1_10' title="bbox 131 1067 955 1118; baseline -0.001 0"><span class='ocrx_word' id='word_1_64' title='bbox 131 1075 165 1118; x_wconf 77' lang='lat' dir='ltr'>lle</span> <span class='ocrx_word' id='word_1_65' title='bbox 182 1069 340 1116; x_wconf 83' lang='lat' dir='ltr'>distinetione</span> <span class='ocrx_word' id='word_1_66' title='bbox 360 1067 478 1112; x_wconf 81' lang='lat' dir='ltr'>ordinum</span> <span class='ocrx_word' id='word_1_67' title='bbox 492 1072 514 1112; x_wconf 90' lang='lat' dir='ltr'>et</span> <span class='ocrx_word' id='word_1_68' title='bbox 535 1080 621 1112; x_wconf 73' lang='lat' dir='ltr'>eorum</span> <span class='ocrx_word' id='word_1_69' title='bbox 637 1069 738 1114; x_wconf 80' lang='lat' dir='ltr'>actibus</span> <span class='ocrx_word' id='word_1_70' title='bbox 759 1075 783 1116; x_wconf 89' lang='lat' dir='ltr'>et</span> <span class='ocrx_word' id='word_1_71' title='bbox 797 1071 936 1117; x_wconf 72' lang='lat' dir='ltr'>ascenderis</span> <span class='ocrx_word' id='word_1_72' title='bbox 954 1086 955 1093; x_wconf 52' lang='lat'>¹</span> 
     </span>
     <span class='ocr_line' id='line_1_11' title="bbox 243 1139 836 1200; baseline 0.003 -14"><span class='ocrx_word' id='word_1_73' title='bbox 243 1141 424 1200; x_wconf 83' lang='lat' dir='ltr'>impressione,</span> <span class='ocrx_word' id='word_1_74' title='bbox 436 1140 466 1184; x_wconf 86' lang='lat' dir='ltr'>in</span> <span class='ocrx_word' id='word_1_75' title='bbox 479 1141 586 1197; x_wconf 75' lang='lat' dir='ltr'>quinque</span> <span class='ocrx_word' id='word_1_76' title='bbox 599 1139 725 1185; x_wconf 72' lang='lat' dir='ltr'>articulos</span> <span class='ocrx_word' id='word_1_77' title='bbox 738 1142 836 1188; x_wconf 77' lang='lat' dir='ltr'>diviso.</span> 
     </span>
    </p>
   </div>
   <div class='ocr_carea' id='block_1_5' title="bbox 131 1286 956 1782">
    <p class='ocr_par' dir='ltr' id='par_1_5' title="bbox 131 1286 936 1422">
     <span class='ocr_line' id='line_1_12' title="bbox 164 1286 936 1354; baseline -0.003 -14"><span class='ocrx_word' id='word_1_78' title='bbox 164 1290 332 1352; x_wconf 75' lang='lat' dir='ltr'>consequenter</span> <span class='ocrx_word' id='word_1_79' title='bbox 356 1288 469 1350; x_wconf 87' lang='lat' dir='ltr'>agendum</span> <span class='ocrx_word' id='word_1_80' title='bbox 490 1291 526 1337; x_wconf 86' lang='lat' dir='ltr'>cst</span> <span class='ocrx_word' id='word_1_81' title='bbox 552 1288 582 1338; x_wconf 87' lang='lat' dir='ltr'>de</span> <span class='ocrx_word' id='word_1_82' title='bbox 607 1286 765 1340; x_wconf 87' lang='lat' dir='ltr'>distinctione</span> <span class='ocrx_word' id='word_1_83' title='bbox 784 1290 936 1354; x_wconf 85' lang='lat' dir='ltr'>ordinum,et</span> 
     </span>
     <span class='ocr_line' id='line_1_13' title="bbox 131 1357 692 1422; baseline -0.007 -10"><span class='ocrx_word' id='word_1_84' title='bbox 131 1374 210 1413; x_wconf 88' lang='lat' dir='ltr'>corum</span> <span class='ocrx_word' id='word_1_85' title='bbox 226 1360 315 1410; x_wconf 85' lang='lat' dir='ltr'>actibus</span> <span class='ocrx_word' id='word_1_86' title='bbox 331 1362 356 1409; x_wconf 88' lang='lat' dir='ltr'>et</span> <span class='ocrx_word' id='word_1_87' title='bbox 373 1359 511 1409; x_wconf 83' lang='lat' dir='ltr'>characteris</span> <span class='ocrx_word' id='word_1_88' title='bbox 530 1357 692 1422; x_wconf 82' lang='lat' dir='ltr'>impressione.</span> 
     </span>
    </p>

    <p class='ocr_par' dir='ltr' id='par_1_6' title="bbox 131 1431 956 1782">
     <span class='ocr_line' id='line_1_14' title="bbox 163 1431 932 1495; baseline -0.001 -11"><span class='ocrx_word' id='word_1_89' title='bbox 163 1432 228 1484; x_wconf 84' lang='lat' dir='ltr'>Circa</span> <span class='ocrx_word' id='word_1_90' title='bbox 241 1431 301 1495; x_wconf 84' lang='lat' dir='ltr'>quod</span> <span class='ocrx_word' id='word_1_91' title='bbox 312 1435 445 1494; x_wconf 85' lang='lat' dir='ltr'>quaeruntur</span> <span class='ocrx_word' id='word_1_92' title='bbox 461 1431 561 1495; x_wconf 85' lang='lat' dir='ltr'>quinque</span> <span class='ocrx_word' id='word_1_93' title='bbox 578 1447 583 1479; x_wconf 91' lang='lat'>:</span> <span class='ocrx_word' id='word_1_94' title='bbox 604 1434 633 1480; x_wconf 81' lang='lat'>1⁰</span> <span class='ocrx_word' id='word_1_95' title='bbox 652 1431 733 1482; x_wconf 81' lang='lat' dir='ltr'>utrium</span> <span class='ocrx_word' id='word_1_96' title='bbox 750 1435 815 1486; x_wconf 83' lang='lat' dir='ltr'>Ordo</span> <span class='ocrx_word' id='word_1_97' title='bbox 826 1435 932 1487; x_wconf 80' lang='lat' dir='ltr'>debeatis</span> 
     </span>
     <span class='ocr_line' id='line_1_15' title="bbox 131 1502 956 1575; baseline 0.001 -21"><span class='ocrx_word' id='word_1_98' title='bbox 131 1505 210 1569; x_wconf 88' lang='lat' dir='ltr'>plures</span> <span class='ocrx_word' id='word_1_99' title='bbox 223 1503 341 1566; x_wconf 82' lang='lat' dir='ltr'>distingui.</span> <span class='ocrx_word' id='word_1_100' title='bbox 356 1507 385 1552; x_wconf 58' lang='grc' dir='ltr'>ΞΟ</span> <span class='ocrx_word' id='word_1_101' title='bbox 395 1503 456 1561; x_wconf 80' lang='lat' dir='ltr'>Quot</span> <span class='ocrx_word' id='word_1_102' title='bbox 466 1502 522 1552; x_wconf 86' lang='lat' dir='ltr'>sint.</span> <span class='ocrx_word' id='word_1_103' title='bbox 536 1507 563 1551; x_wconf 80' lang='lat'>3⁰</span> <span class='ocrx_word' id='word_1_104' title='bbox 576 1502 656 1553; x_wconf 81' lang='lat' dir='ltr'>Utrum</span> <span class='ocrx_word' id='word_1_105' title='bbox 668 1505 773 1555; x_wconf 78' lang='lat' dir='ltr'>debeant</span> <span class='ocrx_word' id='word_1_106' title='bbox 785 1507 934 1572; x_wconf 75' lang='lat' dir='ltr'>distinguipn</span> <span class='ocrx_word' id='word_1_107' title='bbox 954 1536 956 1575; x_wconf 79' lang='lat' dir='ltr'>t</span> 
     </span>
     <span class='ocr_line' id='line_1_16' title="bbox 131 1573 932 1630; baseline -0.005 -3"><span class='ocrx_word' id='word_1_108' title='bbox 131 1589 207 1627; x_wconf 85' lang='lat' dir='ltr'>sacros</span> <span class='ocrx_word' id='word_1_109' title='bbox 225 1579 248 1626; x_wconf 91' lang='lat' dir='ltr'>et</span> <span class='ocrx_word' id='word_1_110' title='bbox 266 1588 313 1626; x_wconf 88' lang='lat' dir='ltr'>unu</span> <span class='ocrx_word' id='word_1_111' title='bbox 326 1587 413 1624; x_wconf 86' lang='lat' dir='ltr'>sacros.</span> <span class='ocrx_word' id='word_1_112' title='bbox 431 1577 456 1623; x_wconf 74' lang='lat'>4⁰</span> <span class='ocrx_word' id='word_1_113' title='bbox 475 1573 554 1624; x_wconf 85' lang='lat' dir='ltr'>Uirium</span> <span class='ocrx_word' id='word_1_114' title='bbox 568 1578 634 1624; x_wconf 82' lang='lat' dir='ltr'>actm</span> <span class='ocrx_word' id='word_1_115' title='bbox 650 1575 769 1626; x_wconf 80' lang='lat' dir='ltr'>ordinum</span> <span class='ocrx_word' id='word_1_116' title='bbox 784 1580 932 1630; x_wconf 67' lang='lat' dir='ltr'>convenient:</span> 
     </span>
     <span class='ocr_line' id='line_1_17' title="bbox 132 1645 931 1710; baseline -0.001 -12"><span class='ocrx_word' id='word_1_117' title='bbox 132 1647 253 1699; x_wconf 88' lang='lat' dir='ltr'>inlittera.</span> <span class='ocrx_word' id='word_1_118' title='bbox 270 1647 315 1710; x_wconf 77' lang='lat' dir='ltr'>(lv</span> <span class='ocrx_word' id='word_1_119' title='bbox 331 1645 426 1708; x_wconf 80' lang='lat' dir='ltr'>Sent.,)</span> <span class='ocrx_word' id='word_1_120' title='bbox 442 1646 596 1708; x_wconf 78' lang='lat' dir='ltr'>assignentur.</span> <span class='ocrx_word' id='word_1_121' title='bbox 611 1650 639 1694; x_wconf 84' lang='lat'>5⁰</span> <span class='ocrx_word' id='word_1_122' title='bbox 655 1646 756 1704; x_wconf 85' lang='lat' dir='ltr'>Quando</span> <span class='ocrx_word' id='word_1_123' title='bbox 770 1650 882 1700; x_wconf 89' lang='lat' dir='ltr'>ordinum</span> <span class='ocrx_word' id='word_1_124' title='bbox 892 1651 931 1698; x_wconf 76' lang='lat' dir='ltr'>ric</span> 
     </span>
     <span class='ocr_line' id='line_1_18' title="bbox 134 1718 413 1782; baseline -0.014 -12"><span class='ocrx_word' id='word_1_125' title='bbox 134 1723 233 1770; x_wconf 82' lang='lat' dir='ltr'>racteres</span> <span class='ocrx_word' id='word_1_126' title='bbox 246 1718 413 1782; x_wconf 82' lang='lat' dir='ltr'>imprimantur.</span> 
     </span>
    </p>
   </div>
   <div class='ocr_carea' id='block_1_6' title="bbox 437 1824 632 1875">
    <p class='ocr_par' dir='ltr' id='par_1_7' title="bbox 437 1824 632 1875">
     <span class='ocr_line' id='line_1_19' title="bbox 437 1824 632 1875; baseline -0.01 -1"><span class='ocrx_word' id='word_1_127' title='bbox 437 1824 596 1875; x_wconf 71' lang='lat' dir='ltr'>ruriculis</span> <span class='ocrx_word' id='word_1_128' title='bbox 613 1825 632 1873; x_wconf 91' lang='lat' dir='ltr'>l.</span> 
     </span>
    </p>
   </div>
   <div class='ocr_carea' id='block_1_7' title="bbox 278 1947 814 2009">
    <p class='ocr_par' dir='ltr' id='par_1_8' title="bbox 278 1947 814 2009">
     <span class='ocr_line' id='line_1_20' title="bbox 278 1947 814 2009; baseline 0.004 -14"><span class='ocrx_word' id='word_1_129' title='bbox 278 1951 362 1995; x_wconf 77' lang='lat' dir='ltr'>lits-ism</span> <span class='ocrx_word' id='word_1_130' title='bbox 373 1949 470 1994; x_wconf 81' lang='lat' dir='ltr'>debeant</span> <span class='ocrx_word' id='word_1_131' title='bbox 478 1949 562 2006; x_wconf 82' lang='lat' dir='ltr'>plores</span> <span class='ocrx_word' id='word_1_132' title='bbox 571 1947 667 1994; x_wconf 81' lang='lat' dir='ltr'>ordines</span> <span class='ocrx_word' id='word_1_133' title='bbox 677 1950 814 2009; x_wconf 72' lang='lat' dir='ltr'>distinqui.</span> 
     </span>
    </p>
   </div>
   <div class='ocr_carea' id='block_1_8' title="bbox 131 2075 935 2566">
    <p class='ocr_par' dir='ltr' id='par_1_9' title="bbox 131 2075 935 2566">
     <span class='ocr_line' id='line_1_21' title="bbox 166 2075 933 2143; baseline 0.008 -19"><span class='ocrx_word' id='word_1_134' title='bbox 166 2075 200 2126; x_wconf 82' lang='lat' dir='ltr'>nd</span> <span class='ocrx_word' id='word_1_135' title='bbox 209 2075 307 2138; x_wconf 89' lang='lat' dir='ltr'>primum</span> <span class='ocrx_word' id='word_1_136' title='bbox 317 2075 350 2126; x_wconf 90' lang='lat' dir='ltr'>sic</span> <span class='ocrx_word' id='word_1_137' title='bbox 359 2075 499 2138; x_wconf 85' lang='lat' dir='ltr'>proceditur.</span> <span class='ocrx_word' id='word_1_138' title='bbox 513 2075 607 2126; x_wconf 83' lang='lat' dir='ltr'>Videtur</span> <span class='ocrx_word' id='word_1_139' title='bbox 617 2075 679 2137; x_wconf 84' lang='lat' dir='ltr'>quod</span> <span class='ocrx_word' id='word_1_140' title='bbox 692 2089 741 2126; x_wconf 90' lang='lat' dir='ltr'>nou</span> <span class='ocrx_word' id='word_1_141' title='bbox 755 2078 933 2143; x_wconf 69' lang='lat' dir='ltr'>debeantpture</span> 
     </span>
     <span class='ocr_line' id='line_1_22' title="bbox 133 2145 933 2214; baseline 0.004 -16"><span class='ocrx_word' id='word_1_142' title='bbox 133 2147 225 2198; x_wconf 89' lang='lat' dir='ltr'>ordines</span> <span class='ocrx_word' id='word_1_143' title='bbox 243 2147 373 2210; x_wconf 80' lang='lat' dir='ltr'>distingui:</span> <span class='ocrx_word' id='word_1_144' title='bbox 393 2164 407 2195; x_wconf 74' lang='grc' dir='ltr'>ι(</span> <span class='ocrx_word' id='word_1_145' title='bbox 420 2147 510 2206; x_wconf 83' lang='lat' dir='ltr'>Quanto</span> <span class='ocrx_word' id='word_1_146' title='bbox 529 2145 590 2196; x_wconf 90' lang='lat' dir='ltr'>euim</span> <span class='ocrx_word' id='word_1_147' title='bbox 611 2146 688 2210; x_wconf 88' lang='lat' dir='ltr'>aliqua</span> <span class='ocrx_word' id='word_1_148' title='bbox 702 2149 780 2199; x_wconf 88' lang='lat' dir='ltr'>virtus</span> <span class='ocrx_word' id='word_1_149' title='bbox 805 2155 845 2201; x_wconf 87' lang='lat' dir='ltr'>est</span> <span class='ocrx_word' id='word_1_150' title='bbox 863 2150 933 2214; x_wconf 73' lang='lat' dir='ltr'>mnjm</span> 
     </span>
     <span class='ocr_line' id='line_1_23' title="bbox 132 2217 933 2282; baseline -0.001 -12"><span class='ocrx_word' id='word_1_151' title='bbox 132 2217 198 2270; x_wconf 88' lang='lat' dir='ltr'>tantd</span> <span class='ocrx_word' id='word_1_152' title='bbox 212 2218 288 2268; x_wconf 82' lang='lat' dir='ltr'>minis</span> <span class='ocrx_word' id='word_1_153' title='bbox 301 2223 337 2268; x_wconf 90' lang='lat' dir='ltr'>est</span> <span class='ocrx_word' id='word_1_154' title='bbox 352 2217 538 2282; x_wconf 82' lang='lat' dir='ltr'>multiplicata.»</span> <span class='ocrx_word' id='word_1_155' title='bbox 551 2218 595 2268; x_wconf 86' lang='lat' dir='ltr'>Sed</span> <span class='ocrx_word' id='word_1_156' title='bbox 607 2219 652 2268; x_wconf 89' lang='lat' dir='ltr'>hoc</span> <span class='ocrx_word' id='word_1_157' title='bbox 663 2225 844 2271; x_wconf 88' lang='lat' dir='ltr'>sacramentum</span> <span class='ocrx_word' id='word_1_158' title='bbox 863 2227 898 2272; x_wconf 81' lang='lat' dir='ltr'>est</span> <span class='ocrx_word' id='word_1_159' title='bbox 907 2221 933 2269; x_wconf 92' lang='lat' dir='ltr'>di·</span> 
     </span>
     <span class='ocr_line' id='line_1_24' title="bbox 133 2288 933 2356; baseline 0.003 -18"><span class='ocrx_word' id='word_1_160' title='bbox 133 2288 200 2354; x_wconf 87' lang='lat' dir='ltr'>guius</span> <span class='ocrx_word' id='word_1_161' title='bbox 214 2289 263 2338; x_wconf 89' lang='lat' dir='ltr'>aliis</span> <span class='ocrx_word' id='word_1_162' title='bbox 278 2289 438 2349; x_wconf 61' lang='lat' dir='ltr'>sacramento,</span> <span class='ocrx_word' id='word_1_163' title='bbox 453 2289 478 2338; x_wconf 89' lang='lat' dir='ltr'>in</span> <span class='ocrx_word' id='word_1_164' title='bbox 493 2292 604 2352; x_wconf 80' lang='lat' dir='ltr'>quantum</span> <span class='ocrx_word' id='word_1_165' title='bbox 614 2289 736 2339; x_wconf 82' lang='lat' dir='ltr'>coustituit</span> <span class='ocrx_word' id='word_1_166' title='bbox 747 2292 933 2356; x_wconf 84' lang='lat' dir='ltr'>suscipientesin</span> 
     </span>
     <span class='ocr_line' id='line_1_25' title="bbox 132 2359 935 2425; baseline -0.002 -13"><span class='ocrx_word' id='word_1_167' title='bbox 132 2361 210 2425; x_wconf 86' lang='lat' dir='ltr'>aliquo</span> <span class='ocrx_word' id='word_1_168' title='bbox 224 2361 294 2424; x_wconf 87' lang='lat' dir='ltr'>gradu</span> <span class='ocrx_word' id='word_1_169' title='bbox 308 2373 377 2424; x_wconf 90' lang='lat' dir='ltr'>super</span> <span class='ocrx_word' id='word_1_170' title='bbox 391 2360 455 2411; x_wconf 86' lang='lat' dir='ltr'>alios.</span> <span class='ocrx_word' id='word_1_171' title='bbox 472 2359 531 2410; x_wconf 84' lang='lat' dir='ltr'>Cium</span> <span class='ocrx_word' id='word_1_172' title='bbox 545 2372 598 2423; x_wconf 89' lang='lat' dir='ltr'>ergo</span> <span class='ocrx_word' id='word_1_173' title='bbox 612 2359 657 2409; x_wconf 92' lang='lat' dir='ltr'>alia</span> <span class='ocrx_word' id='word_1_174' title='bbox 671 2365 822 2412; x_wconf 85' lang='lat' dir='ltr'>sacramenta</span> <span class='ocrx_word' id='word_1_175' title='bbox 839 2378 888 2416; x_wconf 89' lang='lat' dir='ltr'>uon</span> <span class='ocrx_word' id='word_1_176' title='bbox 900 2362 935 2414; x_wconf 80' lang='lat' dir='ltr'>d&#39;s·</span> 
     </span>
     <span class='ocr_line' id='line_1_26' title="bbox 131 2430 934 2497; baseline -0.001 -13"><span class='ocrx_word' id='word_1_177' title='bbox 131 2432 263 2497; x_wconf 88' lang='lat' dir='ltr'>tinguantur</span> <span class='ocrx_word' id='word_1_178' title='bbox 277 2432 302 2480; x_wconf 89' lang='lat' dir='ltr'>in</span> <span class='ocrx_word' id='word_1_179' title='bbox 317 2432 381 2494; x_wconf 90' lang='lat' dir='ltr'>plura</span> <span class='ocrx_word' id='word_1_180' title='bbox 393 2446 443 2495; x_wconf 76' lang='lat' dir='ltr'>que</span> <span class='ocrx_word' id='word_1_181' title='bbox 460 2430 573 2495; x_wconf 86' lang='lat' dir='ltr'>recipiant</span> <span class='ocrx_word' id='word_1_182' title='bbox 586 2431 777 2494; x_wconf 80' lang='lat' dir='ltr'>predicationem</span> <span class='ocrx_word' id='word_1_183' title='bbox 796 2433 889 2495; x_wconf 87' lang='lat' dir='ltr'>totius,</span> <span class='ocrx_word' id='word_1_184' title='bbox 902 2443 934 2483; x_wconf 84' lang='lat' dir='ltr'>nst</span> 
     </span>
     <span class='ocr_line' id='line_1_27' title="bbox 132 2502 795 2566; baseline -0.002 -12"><span class='ocrx_word' id='word_1_185' title='bbox 132 2505 177 2554; x_wconf 88' lang='lat' dir='ltr'>hoc</span> <span class='ocrx_word' id='word_1_186' title='bbox 191 2505 355 2554; x_wconf 86' lang='lat' dir='ltr'>sacramentum</span> <span class='ocrx_word' id='word_1_187' title='bbox 367 2503 434 2553; x_wconf 88' lang='lat' dir='ltr'>debet</span> <span class='ocrx_word' id='word_1_188' title='bbox 445 2503 469 2552; x_wconf 89' lang='lat' dir='ltr'>in</span> <span class='ocrx_word' id='word_1_189' title='bbox 479 2503 557 2566; x_wconf 89' lang='lat' dir='ltr'>plures</span> <span class='ocrx_word' id='word_1_190' title='bbox 568 2503 660 2553; x_wconf 87' lang='lat' dir='ltr'>ordines</span> <span class='ocrx_word' id='word_1_191' title='bbox 670 2502 795 2566; x_wconf 87' lang='lat' dir='ltr'>distingui.</span> 
     </span>
    </p>
   </div>
   <div class='ocr_carea' id='block_1_9' title="bbox 131 2573 955 2926">
    <p class='ocr_par' dir='ltr' id='par_1_10' title="bbox 131 2573 955 2926">
     <span class='ocr_line' id='line_1_28' title="bbox 162 2573 932 2639; baseline -0.003 -13"><span class='ocrx_word' id='word_1_192' title='bbox 162 2581 185 2628; x_wconf 58' lang='grc' dir='ltr'>ἓ.</span> <span class='ocrx_word' id='word_1_193' title='bbox 197 2577 320 2636; x_wconf 85' lang='lat' dir='ltr'>Praeterca,</span> <span class='ocrx_word' id='word_1_194' title='bbox 332 2576 351 2624; x_wconf 89' lang='lat' dir='ltr'>si</span> <span class='ocrx_word' id='word_1_195' title='bbox 363 2574 479 2636; x_wconf 80' lang='lat' dir='ltr'>dividitur,</span> <span class='ocrx_word' id='word_1_196' title='bbox 490 2578 529 2624; x_wconf 90' lang='lat' dir='ltr'>aut</span> <span class='ocrx_word' id='word_1_197' title='bbox 542 2578 576 2624; x_wconf 91' lang='lat' dir='ltr'>est</span> <span class='ocrx_word' id='word_1_198' title='bbox 590 2573 674 2624; x_wconf 81' lang='lat' dir='ltr'>divisio</span> <span class='ocrx_word' id='word_1_199' title='bbox 690 2575 762 2624; x_wconf 89' lang='lat' dir='ltr'>totius</span> <span class='ocrx_word' id='word_1_200' title='bbox 772 2574 798 2624; x_wconf 91' lang='lat' dir='ltr'>in</span> <span class='ocrx_word' id='word_1_201' title='bbox 812 2580 894 2639; x_wconf 86' lang='lat' dir='ltr'>partes</span> <span class='ocrx_word' id='word_1_202' title='bbox 905 2577 932 2624; x_wconf 91' lang='lat' dir='ltr'>iu·</span> 
     </span>
     <span class='ocr_line' id='line_1_29' title="bbox 132 2645 955 2710; baseline -0.004 -14"><span class='ocrx_word' id='word_1_203' title='bbox 132 2647 242 2708; x_wconf 80' lang='lat' dir='ltr'>tegmine,</span> <span class='ocrx_word' id='word_1_204' title='bbox 257 2651 296 2696; x_wconf 84' lang='lat' dir='ltr'>aut</span> <span class='ocrx_word' id='word_1_205' title='bbox 314 2646 339 2696; x_wconf 91' lang='lat' dir='ltr'>iu</span> <span class='ocrx_word' id='word_1_206' title='bbox 357 2649 433 2708; x_wconf 88' lang='lat' dir='ltr'>partes</span> <span class='ocrx_word' id='word_1_207' title='bbox 448 2645 597 2709; x_wconf 79' lang='lat' dir='ltr'>subjectiuus.</span> <span class='ocrx_word' id='word_1_208' title='bbox 612 2645 663 2694; x_wconf 90' lang='lat' dir='ltr'>Non</span> <span class='ocrx_word' id='word_1_209' title='bbox 676 2648 754 2695; x_wconf 82' lang='lat' dir='ltr'>nutem</span> <span class='ocrx_word' id='word_1_210' title='bbox 770 2645 796 2693; x_wconf 87' lang='lat' dir='ltr'>iu</span> <span class='ocrx_word' id='word_1_211' title='bbox 810 2651 893 2710; x_wconf 86' lang='lat' dir='ltr'>partes</span> <span class='ocrx_word' id='word_1_212' title='bbox 906 2645 932 2693; x_wconf 91' lang='lat' dir='ltr'>in·</span> <span class='ocrx_word' id='word_1_213' title='bbox 954 2654 955 2681; x_wconf 70' lang='lat' dir='ltr'>l</span> 
     </span>
     <span class='ocr_line' id='line_1_30' title="bbox 132 2715 931 2780; baseline -0.003 -12"><span class='ocrx_word' id='word_1_214' title='bbox 132 2717 242 2780; x_wconf 85' lang='lat' dir='ltr'>tegrales,</span> <span class='ocrx_word' id='word_1_215' title='bbox 260 2716 315 2780; x_wconf 88' lang='lat' dir='ltr'>quia</span> <span class='ocrx_word' id='word_1_216' title='bbox 328 2715 361 2768; x_wconf 91' lang='lat' dir='ltr'>sic</span> <span class='ocrx_word' id='word_1_217' title='bbox 374 2729 420 2766; x_wconf 90' lang='lat' dir='ltr'>non</span> <span class='ocrx_word' id='word_1_218' title='bbox 434 2716 563 2780; x_wconf 88' lang='lat' dir='ltr'>reciperent</span> <span class='ocrx_word' id='word_1_219' title='bbox 575 2716 762 2779; x_wconf 79' lang='lat' dir='ltr'>pradicationem</span> <span class='ocrx_word' id='word_1_220' title='bbox 777 2716 862 2766; x_wconf 87' lang='lat' dir='ltr'>totius.</span> <span class='ocrx_word' id='word_1_221' title='bbox 881 2718 931 2779; x_wconf 80' lang='lat' dir='ltr'>Ergo</span> 
     </span>
     <span class='ocr_line' id='line_1_31' title="bbox 131 2787 955 2852; baseline 0.001 -14"><span class='ocrx_word' id='word_1_222' title='bbox 131 2793 167 2838; x_wconf 85' lang='lat' dir='ltr'>est</span> <span class='ocrx_word' id='word_1_223' title='bbox 186 2789 268 2838; x_wconf 88' lang='lat' dir='ltr'>divisio</span> <span class='ocrx_word' id='word_1_224' title='bbox 281 2789 306 2838; x_wconf 93' lang='lat' dir='ltr'>in</span> <span class='ocrx_word' id='word_1_225' title='bbox 319 2791 396 2852; x_wconf 86' lang='lat' dir='ltr'>partes</span> <span class='ocrx_word' id='word_1_226' title='bbox 411 2789 559 2851; x_wconf 80' lang='lat' dir='ltr'>subjectivae.</span> <span class='ocrx_word' id='word_1_227' title='bbox 575 2789 620 2839; x_wconf 87' lang='lat' dir='ltr'>Sed</span> <span class='ocrx_word' id='word_1_228' title='bbox 631 2792 707 2852; x_wconf 88' lang='lat' dir='ltr'>partos</span> <span class='ocrx_word' id='word_1_229' title='bbox 722 2787 869 2851; x_wconf 69' lang='lat' dir='ltr'>subjective</span> <span class='ocrx_word' id='word_1_230' title='bbox 886 2788 933 2839; x_wconf 87' lang='lat' dir='ltr'>reri·</span> <span class='ocrx_word' id='word_1_231' title='bbox 954 2848 955 2851; x_wconf 7' lang='grc' dir='ltr'><strong>Ἰ</strong></span> 
     </span>
     <span class='ocr_line' id='line_1_32' title="bbox 132 2857 931 2926; baseline 0.006 -20"><span class='ocrx_word' id='word_1_232' title='bbox 132 2857 199 2919; x_wconf 86' lang='lat' dir='ltr'>piunt</span> <span class='ocrx_word' id='word_1_233' title='bbox 216 2859 243 2908; x_wconf 94' lang='lat' dir='ltr'>in</span> <span class='ocrx_word' id='word_1_234' title='bbox 260 2860 340 2924; x_wconf 86' lang='lat' dir='ltr'>plurali</span> <span class='ocrx_word' id='word_1_235' title='bbox 353 2859 538 2924; x_wconf 79' lang='lat' dir='ltr'>predicationem</span> <span class='ocrx_word' id='word_1_236' title='bbox 553 2861 642 2925; x_wconf 88' lang='lat' dir='ltr'>generis</span> <span class='ocrx_word' id='word_1_237' title='bbox 655 2859 755 2922; x_wconf 76' lang='lat' dir='ltr'>remoti,</span> <span class='ocrx_word' id='word_1_238' title='bbox 767 2860 832 2910; x_wconf 89' lang='lat' dir='ltr'>sicut</span> <span class='ocrx_word' id='word_1_239' title='bbox 849 2860 931 2926; x_wconf 77' lang='lat' dir='ltr'>generi</span> 
     </span>
    </p>
   </div>
   <div class='ocr_carea' id='block_1_10' title="bbox 0 0 976 3284">
    <p class='ocr_par' dir='ltr' id='par_1_11' title="bbox 0 0 976 3284">
     <span class='ocr_line' id='line_1_33' title="bbox 0 0 976 3284; baseline 0 0"><span class='ocrx_word' id='word_1_240' title='bbox 0 0 976 3284; x_wconf 95' lang='lat' dir='ltr'> </span> 
     </span>
    </p>
   </div>
  </div>
 </body>
</html>
