1942 3284
234 204 263 239 nn
279 202 414 248 onesimus
430 203 627 240 ssursrscrrusrs.
785 188 831 233 cii

334 384 491 436 ifliiccuus
504 386 523 433 Ι.

62 510 151 553 Uirium
163 508 232 553 ccmo
244 508 318 564 possit
327 508 355 551 de
368 520 416 552 uuo
425 508 664 564 peccatoeatr'esaoere
676 510 728 555 siue
741 511 797 555 odio.

60 632 214 699 AdprImum
233 633 267 683 sic
286 630 423 697 proceditur.
439 632 532 683 Videtur
543 633 603 696 qudd
621 636 689 686 homo
708 636 781 701 possit
796 638 825 689 dc

24 718 75 756 uuo
88 708 184 770 peccato
201 704 252 755 siue
265 705 309 755 alic
328 703 467 755 satisfacere.
488 704 571 755 Eorum
582 704 643 755 enim
656 719 709 768 que
727 719 772 758 uon
783 708 825 755 ha·

25 777 87 827 hene
97 774 262 827 connexionem
276 774 426 834 adinvicem,
440 787 511 824 uuum
524 779 599 839 potest
608 776 691 826 auferri
707 776 757 827 sine
767 777 824 827 aiio,

26 846 75 897 Sed
94 849 189 911 peccatu
207 858 255 896 non
271 845 357 895 hubent
368 846 397 895 ud
408 843 507 895 invicem
520 846 697 908 connexionem,
711 847 769 897 uiids
786 848 826 910 qui

26 917 126 967 haberet
140 928 211 965 uuum
218 951 228 979 ,
241 916 335 966 haberet
348 915 432 967 omnia.
440 914 500 979 Ergo
511 928 581 965 unum
591 920 667 979 potest
676 916 764 981 expiari
775 919 825 967 siue

28 987 75 1037 alio
86 999 129 1051 per
139 986 325 1037 satisfaccionem.
719 1031 722 1035 Δ

61 1062 88 1109 2.
104 1058 231 1120 Procereu,
247 1057 308 1106 iieus
324 1060 360 1108 est
374 1056 445 1119 magis
460 1054 589 1106 misericors
605 1054 671 1119 quim
685 1057 762 1107 homo.
781 1057 826 1108 Sed

30 1131 102 1179 domo
115 1126 198 1192 recipit
209 1127 277 1177 unius
288 1126 358 1178 debiti
372 1127 509 1178 solucionem
527 1126 577 1177 siue
590 1126 645 1177 ulio.
660 1127 719 1190 Ergo
732 1132 756 1177 er
769 1128 828 1179 iieus

29 1198 208 1249 satisfactionem
221 1198 289 1247 unius
303 1196 390 1262 peccati
405 1196 454 1248 siue
467 1197 521 1248 aiio.
757 1217 760 1221 ⁴

62 1274 88 1318 o.
103 1268 228 1330 Preietos,
241 1267 382 1329 satisfactio,
399 1270 425 1317 uc
444 1268 470 1318 in
488 1267 564 1318 liccem
581 1268 662 1319 dieitur
676 1269 733 1333 (iv.
745 1269 827 1329 Sene,

30 1340 87 1391 «lise.
103 1342 146 1401 15,
159 1338 223 1402 §oi
239 1343 276 1389 est
290 1356 304 1384 «
318 1343 462 1403 peccatorum
477 1350 558 1389 causus
569 1338 681 1401 excidere,
696 1353 738 1391 nec
748 1352 826 1390 comm

30 1410 215 1473 suggestionibus
226 1410 310 1460 aditum
327 1410 453 1474 indulgere.
465 1426 479 1457 »
496 1409 541 1460 Sed
554 1409 667 1472 contingit
678 1411 723 1460 dcc
736 1410 785 1461 deri
799 1412 828 1462 de

31 1494 79 1531 uuo
97 1484 193 1544 peccato
209 1480 262 1531 siue
276 1481 334 1544 aiio,
351 1484 376 1530 nt
393 1479 414 1531 si
431 1480 514 1544 aliquis
530 1480 642 1531 luxuriem
660 1481 781 1543 refrenet,
802 1487 828 1531 ec

32 1553 135 1604 araiitiae
149 1552 318 1616 romenengo
334 1552 363 1604 de
381 1566 427 1605 unc
445 1556 541 1617 peccato
551 1556 628 1616 pccest
641 1550 690 1602 deri
701 1552 826 1603 suiisieciio

33 1624 83 1674 sine
102 1624 155 1675 aiio.

64 1694 110 1746 Sed
129 1699 222 1756 contra,
236 1695 309 1755 leci,
322 1695 406 1757 LvliI,
424 1692 538 1758 ieiunium
551 1706 629 1744 eorum
642 1692 682 1757 qm
694 1694 723 1743 ed
733 1696 829 1747 conten·

32 1764 108 1815 iicnes
120 1768 145 1815 ei
153 1764 207 1816 lices
219 1764 364 1829 jejunabam,
376 1765 424 1815 iieo
436 1768 555 1828 acceptum
568 1774 613 1814 uon
629 1766 693 1823 erui,
705 1763 757 1814 licet
766 1765 827 1828 jeiu-

33 1836 98 1885 uium
114 1835 145 1886 sie
159 1834 322 1887 munracdouis
339 1848 408 1900 opus.
425 1833 470 1885 Sed
488 1846 535 1885 uon
547 1836 623 1899 potest
641 1834 690 1885 ieri
702 1835 827 1886 satisfactio
862 1876 865 1882 .

33 1905 77 1955 nisi
89 1920 131 1970 per
142 1918 200 1971 opus
212 1908 259 1958 iiec
275 1910 401 1971 accentum.
419 1906 477 1971 Ergo
494 1917 542 1956 nou
554 1907 629 1969 ocimi
641 1906 681 1969 qui
694 1905 764 1957 occec
780 1906 827 1955 uii-

32 1979 93 2041 quod
110 1981 242 2042 peccatum,
257 1979 304 2029 lieo
316 1978 454 2029 satisfecere.

64 2050 176 2100 Precereu
186 2086 194 2111 ,
204 2048 332 2100 satisfactio
343 2052 379 2099 esc
390 2046 501 2102 medicine
512 2060 593 2099 curuos
602 2052 695 2111 percute
705 2049 826 2111 procura,

33 2124 58 2169 ei
69 2130 209 2183 preservans
222 2118 341 2183 dicturis,
354 2122 380 2169 ui
395 2118 479 2170 dictum
492 2124 530 2171 esc
543 2121 597 2182 (qu.
612 2122 660 2179 12,
673 2123 715 2169 art.
730 2121 770 2183 3).
783 2121 826 2171 Sed

33 2195 127 2253 peccatu
139 2202 184 2241 non
201 2193 298 2256 possunt
309 2190 361 2241 siue
378 2190 450 2255 maria
467 2188 557 2241 critiri.
575 2190 635 2253 Ergo
647 2188 700 2239 cum
712 2191 828 2253 quodlibet

33 2266 151 2325 peceatum
171 2260 267 2325 graiium
289 2260 390 2322 coierat,
405 2272 452 2311 uon
470 2263 546 2325 potest
562 2259 592 2312 de
609 2273 654 2312 uno
666 2266 759 2325 peccem
773 2263 827 2325 ,sinc

32 2333 77 2382 aiio
91 2330 139 2383 deni
149 2331 282 2383 saiisiuciio.

64 2402 74 2466 (
81 2404 223 2453 Conmusm.
232 2426 263 2440 -·
275 2400 335 2451 cium
343 2413 385 2465 per
395 2400 573 2453 seiisicciionem
583 2400 633 2452 tciii
644 2403 726 2454 debent
741 2404 828 2455 offensu

33 2473 185 2537 precedentis
196 2474 294 2537 peccati,
303 2473 396 2525 offense
408 2477 483 2525 eutem
492 2473 575 2524 ablutio
585 2473 616 2524 sie
626 2473 731 2525 amicitie
744 2476 827 2526 divium

33 2542 225 2607 residuumque
246 2557 287 2607 per
306 2543 403 2607 quodvis
424 2547 544 2608 peceatum
563 2542 697 2607 impeditur,
712 2546 762 2596 fieri
782 2560 827 2598 nou

34 2619 122 2679 pciesi,
134 2615 235 2665 uthomc
244 2618 272 2666 de
282 2628 329 2665 unc
337 2617 431 2680 peccato
444 2614 638 2677 satisfaciendo
651 2616 763 2679 reiecto.)

65 2684 200 2749 Respondes
208 2685 337 2751 dicendum,
346 2685 406 2749 qudd
416 2686 508 2751 quidam
518 2686 634 2745 dixerunt,
643 2686 703 2750 quod
714 2691 790 2751 potest
800 2690 828 2740 dc

36 2770 83 2807 uno
93 2759 187 2820 necceio
195 2754 301 2808 sciisiieri
314 2756 363 2808 siue
373 2756 433 2820 ulio,
442 2761 466 2805 ut
474 2756 581 2820 Magister
592 2756 617 2806 in
627 2756 702 2808 iieiere
711 2758 831 2821 diciiiuiri

37 2827 125 2889 sentire
136 2826 228 2878 sediroe
236 2839 282 2878 nou
295 2831 372 2891 potest
384 2840 442 2879 esse.
458 2826 515 2879 Cim
528 2828 590 2880 enim
600 2840 641 2893 per
654 2828 829 2882 satisfaccionem

38 2898 87 2948 roiii
99 2897 180 2951 debeat
202 2896 289 2951 odcusu
306 2899 449 2964 procedens,
464 2901 554 2965 oporiet
566 2897 626 2965 quod
640 2898 736 2956 caiissic
750 2902 830 2953 modus
