<?xml version="1.0" encoding="UTF-8"?>
<!DOCTYPE html PUBLIC "-//W3C//DTD XHTML 1.0 Transitional//EN"
    "http://www.w3.org/TR/xhtml1/DTD/xhtml1-transitional.dtd">
<html xmlns="http://www.w3.org/1999/xhtml" xml:lang="en" lang="en">
 <head>
  <title>
</title>
<meta http-equiv="Content-Type" content="text/html;charset=utf-8" />
  <meta name='ocr-system' content='tesseract 3.04.00' />
  <meta name='ocr-capabilities' content='ocr_page ocr_carea ocr_par ocr_line ocrx_word'/>
</head>
<body>
  <div class='ocr_page' id='page_1' title='image "./summatheologica01nicogoog_0638.png"; bbox 0 0 1942 3284; ppageno 0'>
   <div class='ocr_carea' id='block_1_1' title="bbox 127 165 786 220">
    <p class='ocr_par' dir='ltr' id='par_1_1' title="bbox 127 165 786 220">
     <span class='ocr_line' id='line_1_1' title="bbox 127 165 786 220; baseline -0.008 -10"><span class='ocrx_word' id='word_1_1' title='bbox 127 165 175 212; x_wconf 67' lang='lat' dir='ltr'>sd!</span> <span class='ocrx_word' id='word_1_2' title='bbox 267 170 469 220; x_wconf 72' lang='lat' dir='ltr'>spontaneorum,</span> <span class='ocrx_word' id='word_1_3' title='bbox 486 168 579 214; x_wconf 68' lang='lat' dir='ltr'>oum.</span> <span class='ocrx_word' id='word_1_4' title='bbox 596 168 651 218; x_wconf 80' lang='lat' dir='ltr'>vrrs,</span> <span class='ocrx_word' id='word_1_5' title='bbox 666 168 725 205; x_wconf 76' lang='lat' dir='ltr'>aar.</span> <span class='ocrx_word' id='word_1_6' title='bbox 745 169 786 206; x_wconf 85' lang='lat' dir='ltr'>vr.</span> 
     </span>
    </p>
   </div>
   <div class='ocr_carea' id='block_1_2' title="bbox 82 243 970 2773">
    <p class='ocr_par' dir='ltr' id='par_1_2' title="bbox 122 243 965 1075">
     <span class='ocr_line' id='line_1_2' title="bbox 125 243 944 313; baseline -0.006 -14"><span class='ocrx_word' id='word_1_7' title='bbox 125 252 151 299; x_wconf 89' lang='lat' dir='ltr'>et</span> <span class='ocrx_word' id='word_1_8' title='bbox 165 247 272 313; x_wconf 85' lang='lat' dir='ltr'>qnantbm</span> <span class='ocrx_word' id='word_1_9' title='bbox 286 248 315 298; x_wconf 91' lang='lat' dir='ltr'>ad</span> <span class='ocrx_word' id='word_1_10' title='bbox 326 245 401 297; x_wconf 87' lang='lat' dir='ltr'>omnia</span> <span class='ocrx_word' id='word_1_11' title='bbox 412 248 522 309; x_wconf 68' lang='lat' dir='ltr'>peccam:</span> <span class='ocrx_word' id='word_1_12' title='bbox 536 245 576 294; x_wconf 89' lang='lat' dir='ltr'>sed</span> <span class='ocrx_word' id='word_1_13' title='bbox 584 243 647 306; x_wconf 77' lang='lat' dir='ltr'>qnod</span> <span class='ocrx_word' id='word_1_14' title='bbox 655 255 702 293; x_wconf 93' lang='lat' dir='ltr'>non</span> <span class='ocrx_word' id='word_1_15' title='bbox 714 245 801 307; x_wconf 85' lang='lat' dir='ltr'>possit</span> <span class='ocrx_word' id='word_1_16' title='bbox 810 258 907 297; x_wconf 86' lang='lat' dir='ltr'>omnes</span> <span class='ocrx_word' id='word_1_17' title='bbox 915 246 944 295; x_wconf 83' lang='lat' dir='ltr'>ab</span> 
     </span>
     <span class='ocr_line' id='line_1_3' title="bbox 123 312 942 381; baseline -0.002 -12"><span class='ocrx_word' id='word_1_18' title='bbox 123 318 231 369; x_wconf 85' lang='lat' dir='ltr'>omnibns</span> <span class='ocrx_word' id='word_1_19' title='bbox 243 317 344 381; x_wconf 88' lang='lat' dir='ltr'>peccatis</span> <span class='ocrx_word' id='word_1_20' title='bbox 356 316 487 376; x_wconf 83' lang='lat' dir='ltr'>absoluere,</span> <span class='ocrx_word' id='word_1_21' title='bbox 498 316 542 365; x_wconf 89' lang='lat' dir='ltr'>boc</span> <span class='ocrx_word' id='word_1_22' title='bbox 560 318 609 376; x_wconf 87' lang='lat' dir='ltr'>est,</span> <span class='ocrx_word' id='word_1_23' title='bbox 627 312 681 377; x_wconf 82' lang='lat' dir='ltr'>qnia</span> <span class='ocrx_word' id='word_1_24' title='bbox 695 326 742 377; x_wconf 87' lang='lat' dir='ltr'>per</span> <span class='ocrx_word' id='word_1_25' title='bbox 753 314 942 367; x_wconf 74' lang='lat' dir='ltr'>ordinatim</span> 
     </span>
     <span class='ocr_line' id='line_1_4' title="bbox 125 383 940 451; baseline -0.007 -12"><span class='ocrx_word' id='word_1_26' title='bbox 125 389 232 441; x_wconf 82' lang='lat' dir='ltr'>Ecclesiae</span> <span class='ocrx_word' id='word_1_27' title='bbox 249 388 317 438; x_wconf 88' lang='lat' dir='ltr'>babet</span> <span class='ocrx_word' id='word_1_28' title='bbox 327 386 507 451; x_wconf 64' lang='lat' dir='ltr'>iurisdietionem</span> <span class='ocrx_word' id='word_1_29' title='bbox 520 384 647 445; x_wconf 85' lang='lat' dir='ltr'>limitatam,</span> <span class='ocrx_word' id='word_1_30' title='bbox 661 383 700 435; x_wconf 81' lang='lat' dir='ltr'>rel</span> <span class='ocrx_word' id='word_1_31' title='bbox 711 385 822 436; x_wconf 68' lang='lat' dir='ltr'>ommno</span> <span class='ocrx_word' id='word_1_32' title='bbox 837 386 940 436; x_wconf 73' lang='lat' dir='ltr'>nullan.</span> 
     </span>
     <span class='ocr_line' id='line_1_5' title="bbox 124 454 942 523; baseline -0.005 -12"><span class='ocrx_word' id='word_1_33' title='bbox 124 460 168 511; x_wconf 84' lang='lat' dir='ltr'>Sed</span> <span class='ocrx_word' id='word_1_34' title='bbox 180 460 234 523; x_wconf 89' lang='lat' dir='ltr'>quia</span> <span class='ocrx_word' id='word_1_35' title='bbox 243 458 366 509; x_wconf 79' lang='lat' dir='ltr'>necessitas</span> <span class='ocrx_word' id='word_1_36' title='bbox 379 457 453 519; x_wconf 76' lang='lat' dir='ltr'>legem</span> <span class='ocrx_word' id='word_1_37' title='bbox 464 468 511 505; x_wconf 91' lang='lat' dir='ltr'>non</span> <span class='ocrx_word' id='word_1_38' title='bbox 521 456 599 515; x_wconf 88' lang='lat' dir='ltr'>babet,</span> <span class='ocrx_word' id='word_1_39' title='bbox 607 454 660 505; x_wconf 89' lang='lat' dir='ltr'>ideo</span> <span class='ocrx_word' id='word_1_40' title='bbox 670 456 768 517; x_wconf 77' lang='lat' dir='ltr'>quando</span> <span class='ocrx_word' id='word_1_41' title='bbox 784 457 942 507; x_wconf 70' lang='lat' dir='ltr'>necessitatis</span> 
     </span>
     <span class='ocr_line' id='line_1_6' title="bbox 125 524 938 591; baseline -0.005 -12"><span class='ocrx_word' id='word_1_42' title='bbox 125 530 233 580; x_wconf 76' lang='lat' dir='ltr'>articulus</span> <span class='ocrx_word' id='word_1_43' title='bbox 247 527 367 589; x_wconf 84' lang='lat' dir='ltr'>imminet,</span> <span class='ocrx_word' id='word_1_44' title='bbox 380 538 421 591; x_wconf 88' lang='lat' dir='ltr'>pen</span> <span class='ocrx_word' id='word_1_45' title='bbox 430 525 537 577; x_wconf 73' lang='lat' dir='ltr'>umbone</span> <span class='ocrx_word' id='word_1_46' title='bbox 546 524 710 576; x_wconf 75' lang='lat' dir='ltr'>ordinationem</span> <span class='ocrx_word' id='word_1_47' title='bbox 725 538 776 575; x_wconf 87' lang='lat' dir='ltr'>non</span> <span class='ocrx_word' id='word_1_48' title='bbox 792 525 938 590; x_wconf 76' lang='lat' dir='ltr'>impeditur,</span> 
     </span>
     <span class='ocr_line' id='line_1_7' title="bbox 124 595 939 663; baseline -0.002 -14"><span class='ocrx_word' id='word_1_49' title='bbox 124 600 179 662; x_wconf 83' lang='lat' dir='ltr'>quin</span> <span class='ocrx_word' id='word_1_50' title='bbox 198 599 314 650; x_wconf 85' lang='lat' dir='ltr'>absoluere</span> <span class='ocrx_word' id='word_1_51' title='bbox 326 598 398 663; x_wconf 79' lang='lat' dir='ltr'>possit</span> <span class='ocrx_word' id='word_1_52' title='bbox 404 633 413 660; x_wconf 92' lang='lat'>‚</span> <span class='ocrx_word' id='word_1_53' title='bbox 429 609 459 648; x_wconf 87' lang='lat' dir='ltr'>ex</span> <span class='ocrx_word' id='word_1_54' title='bbox 472 608 518 659; x_wconf 86' lang='lat' dir='ltr'>quo</span> <span class='ocrx_word' id='word_1_55' title='bbox 531 595 694 658; x_wconf 72' lang='lat' dir='ltr'>habetdeum,</span> <span class='ocrx_word' id='word_1_56' title='bbox 710 596 791 645; x_wconf 84' lang='lat' dir='ltr'>etiam</span> <span class='ocrx_word' id='word_1_57' title='bbox 802 609 939 647; x_wconf 70' lang='lat' dir='ltr'>marnen-</span> 
     </span>
     <span class='ocr_line' id='line_1_8' title="bbox 124 665 937 732; baseline -0.002 -13"><span class='ocrx_word' id='word_1_58' title='bbox 124 671 208 732; x_wconf 85' lang='lat' dir='ltr'>tsliter,</span> <span class='ocrx_word' id='word_1_59' title='bbox 220 674 245 721; x_wconf 91' lang='lat' dir='ltr'>et</span> <span class='ocrx_word' id='word_1_60' title='bbox 256 669 345 721; x_wconf 70' lang='lat' dir='ltr'>mamm</span> <span class='ocrx_word' id='word_1_61' title='bbox 356 668 500 731; x_wconf 79' lang='lat' dir='ltr'>consequitur</span> <span class='ocrx_word' id='word_1_62' title='bbox 510 680 539 718; x_wconf 86' lang='lat' dir='ltr'>ex</span> <span class='ocrx_word' id='word_1_63' title='bbox 549 666 690 718; x_wconf 86' lang='lat' dir='ltr'>absolutione</span> <span class='ocrx_word' id='word_1_64' title='bbox 703 665 829 727; x_wconf 77' lang='lat' dir='ltr'>munus,</span> <span class='ocrx_word' id='word_1_65' title='bbox 842 670 937 719; x_wconf 76' lang='lat' dir='ltr'>sionts&#39;</span> 
     </span>
     <span class='ocr_line' id='line_1_9' title="bbox 124 735 965 806; baseline -0.005 -15"><span class='ocrx_word' id='word_1_66' title='bbox 124 740 139 791; x_wconf 83' lang='lat' dir='ltr'>l</span> <span class='ocrx_word' id='word_1_67' title='bbox 156 740 250 805; x_wconf 89' lang='lat' dir='ltr'>proprio·</span> <span class='ocrx_word' id='word_1_68' title='bbox 259 741 376 792; x_wconf 76' lang='lat' dir='ltr'>sacerdote</span> <span class='ocrx_word' id='word_1_69' title='bbox 387 740 548 791; x_wconf 78' lang='lat' dir='ltr'>absolveretur.</span> <span class='ocrx_word' id='word_1_70' title='bbox 557 738 606 788; x_wconf 82' lang='lat' dir='ltr'>lieo</span> <span class='ocrx_word' id='word_1_71' title='bbox 615 735 714 788; x_wconf 83' lang='lat' dir='ltr'>solunt</span> <span class='ocrx_word' id='word_1_72' title='bbox 728 739 843 801; x_wconf 78' lang='lat' dir='ltr'>peccatis</span> <span class='ocrx_word' id='word_1_73' title='bbox 859 744 937 803; x_wconf 69' lang='lat' dir='ltr'>potet</span> <span class='ocrx_word' id='word_1_74' title='bbox 964 799 965 806; x_wconf 8' lang='grc' dir='ltr'>ἵ</span> 
     </span>
     <span class='ocr_line' id='line_1_10' title="bbox 124 808 965 902; baseline 0 -41"><span class='ocrx_word' id='word_1_75' title='bbox 124 818 180 862; x_wconf 90' lang='lat' dir='ltr'>tunc</span> <span class='ocrx_word' id='word_1_76' title='bbox 193 811 207 862; x_wconf 83' lang='lat' dir='ltr'>d</span> <span class='ocrx_word' id='word_1_77' title='bbox 220 810 320 875; x_wconf 84' lang='lat' dir='ltr'>quolibet</span> <span class='ocrx_word' id='word_1_78' title='bbox 333 812 447 863; x_wconf 83' lang='lat' dir='ltr'>sacerdote</span> <span class='ocrx_word' id='word_1_79' title='bbox 461 808 562 873; x_wconf 83' lang='lat' dir='ltr'>absolui,</span> <span class='ocrx_word' id='word_1_80' title='bbox 575 809 616 859; x_wconf 91' lang='lat' dir='ltr'>sed</span> <span class='ocrx_word' id='word_1_81' title='bbox 628 808 696 859; x_wconf 61' lang='lat' dir='ltr'>mam</span> <span class='ocrx_word' id='word_1_82' title='bbox 710 808 744 859; x_wconf 88' lang='lat' dir='ltr'>ab</span> <span class='ocrx_word' id='word_1_83' title='bbox 761 814 934 861; x_wconf 79' lang='lat' dir='ltr'>excommuni-</span> <span class='ocrx_word' id='word_1_84' title='bbox 963 809 965 902; x_wconf 60' lang='lat' dir='ltr'>l</span> 
     </span>
     <span class='ocr_line' id='line_1_11' title="bbox 124 878 932 947; baseline -0.004 -13"><span class='ocrx_word' id='word_1_85' title='bbox 124 882 251 947; x_wconf 62' lang='lat' dir='ltr'>maenaa</span> <span class='ocrx_word' id='word_1_86' title='bbox 268 893 409 947; x_wconf 86' lang='lat' dir='ltr'>quocumque</span> <span class='ocrx_word' id='word_1_87' title='bbox 424 882 454 932; x_wconf 89' lang='lat' dir='ltr'>sit</span> <span class='ocrx_word' id='word_1_88' title='bbox 465 881 523 941; x_wconf 80' lang='lat' dir='ltr'>lata3</span> <span class='ocrx_word' id='word_1_89' title='bbox 538 880 592 943; x_wconf 80' lang='lat' dir='ltr'>quia</span> <span class='ocrx_word' id='word_1_90' title='bbox 604 880 654 931; x_wconf 80' lang='lat' dir='ltr'>baec</span> <span class='ocrx_word' id='word_1_91' title='bbox 673 878 798 930; x_wconf 79' lang='lat' dir='ltr'>absolutio</span> <span class='ocrx_word' id='word_1_92' title='bbox 811 881 892 931; x_wconf 84' lang='lat' dir='ltr'>etiam</span> <span class='ocrx_word' id='word_1_93' title='bbox 908 884 932 931; x_wconf 76' lang='lat' dir='ltr'>si</span> 
     </span>
     <span class='ocr_line' id='line_1_12' title="bbox 122 949 933 1017; baseline 0.001 -15"><span class='ocrx_word' id='word_1_94' title='bbox 122 953 304 1014; x_wconf 82' lang='lat' dir='ltr'>iurisdictionem</span> <span class='ocrx_word' id='word_1_95' title='bbox 317 952 430 1017; x_wconf 80' lang='lat' dir='ltr'>pertinet,</span> <span class='ocrx_word' id='word_1_96' title='bbox 445 963 498 1015; x_wconf 77' lang='lat' dir='ltr'>qne</span> <span class='ocrx_word' id='word_1_97' title='bbox 508 950 636 1015; x_wconf 79' lang='lat' dir='ltr'>perlegens</span> <span class='ocrx_word' id='word_1_98' title='bbox 647 949 807 1001; x_wconf 75' lang='lat' dir='ltr'>ordinationis</span> <span class='ocrx_word' id='word_1_99' title='bbox 822 952 933 1003; x_wconf 74' lang='lat' dir='ltr'>Eoelestc</span> 
     </span>
     <span class='ocr_line' id='line_1_13' title="bbox 124 1029 261 1075; baseline 0 0"><span class='ocrx_word' id='word_1_100' title='bbox 124 1029 261 1075; x_wconf 71' lang='lat' dir='ltr'>mmmm.</span> 
     </span>
    </p>

    <p class='ocr_par' dir='ltr' id='par_1_3' title="bbox 82 1090 932 1499">
     <span class='ocr_line' id='line_1_14' title="bbox 157 1090 931 1159; baseline -0.001 -14"><span class='ocrx_word' id='word_1_101' title='bbox 157 1095 190 1145; x_wconf 79' lang='lat' dir='ltr'>nd</span> <span class='ocrx_word' id='word_1_102' title='bbox 209 1096 307 1159; x_wconf 84' lang='lat' dir='ltr'>primurn</span> <span class='ocrx_word' id='word_1_103' title='bbox 319 1107 373 1158; x_wconf 75' lang='lat' dir='ltr'>ergo</span> <span class='ocrx_word' id='word_1_104' title='bbox 385 1093 525 1155; x_wconf 83' lang='lat' dir='ltr'>dicendum,</span> <span class='ocrx_word' id='word_1_105' title='bbox 537 1090 599 1155; x_wconf 82' lang='lat' dir='ltr'>qubd</span> <span class='ocrx_word' id='word_1_106' title='bbox 617 1090 699 1155; x_wconf 77' lang='lat' dir='ltr'>abonis</span> <span class='ocrx_word' id='word_1_107' title='bbox 710 1095 793 1154; x_wconf 85' lang='lat' dir='ltr'>polest</span> <span class='ocrx_word' id='word_1_108' title='bbox 806 1093 848 1143; x_wconf 87' lang='lat' dir='ltr'>nti</span> <span class='ocrx_word' id='word_1_109' title='bbox 857 1094 931 1157; x_wconf 60' lang='lat' dir='ltr'>inrise</span> 
     </span>
     <span class='ocr_line' id='line_1_15' title="bbox 126 1160 932 1227; baseline 0.002 -14"><span class='ocrx_word' id='word_1_110' title='bbox 126 1163 225 1215; x_wconf 84' lang='lat' dir='ltr'>dictione</span> <span class='ocrx_word' id='word_1_111' title='bbox 234 1164 328 1215; x_wconf 87' lang='lat' dir='ltr'>alterius</span> <span class='ocrx_word' id='word_1_112' title='bbox 341 1178 370 1215; x_wconf 88' lang='lat' dir='ltr'>ex</span> <span class='ocrx_word' id='word_1_113' title='bbox 381 1163 432 1227; x_wconf 86' lang='lat' dir='ltr'>ejus</span> <span class='ocrx_word' id='word_1_114' title='bbox 441 1162 567 1224; x_wconf 86' lang='lat' dir='ltr'>uoluntate,</span> <span class='ocrx_word' id='word_1_115' title='bbox 579 1160 634 1225; x_wconf 83' lang='lat' dir='ltr'>qnia</span> <span class='ocrx_word' id='word_1_116' title='bbox 646 1174 674 1211; x_wconf 88' lang='lat' dir='ltr'>ea</span> <span class='ocrx_word' id='word_1_117' title='bbox 685 1174 739 1225; x_wconf 80' lang='lat' dir='ltr'>quae</span> <span class='ocrx_word' id='word_1_118' title='bbox 749 1163 932 1223; x_wconf 80' lang='lat' dir='ltr'>iurisdictionis</span> 
     </span>
     <span class='ocr_line' id='line_1_16' title="bbox 126 1231 932 1299; baseline 0 -15"><span class='ocrx_word' id='word_1_119' title='bbox 126 1240 189 1296; x_wconf 85' lang='lat' dir='ltr'>sunt,</span> <span class='ocrx_word' id='word_1_120' title='bbox 201 1235 311 1287; x_wconf 84' lang='lat' dir='ltr'>committi</span> <span class='ocrx_word' id='word_1_121' title='bbox 322 1237 426 1299; x_wconf 86' lang='lat' dir='ltr'>possunt.</span> <span class='ocrx_word' id='word_1_122' title='bbox 441 1232 515 1294; x_wconf 82' lang='lat' dir='ltr'>Unde,</span> <span class='ocrx_word' id='word_1_123' title='bbox 527 1232 581 1297; x_wconf 83' lang='lat' dir='ltr'>qnia</span> <span class='ocrx_word' id='word_1_124' title='bbox 593 1231 694 1283; x_wconf 76' lang='lat' dir='ltr'>Eoelesia</span> <span class='ocrx_word' id='word_1_125' title='bbox 709 1236 826 1296; x_wconf 83' lang='lat' dir='ltr'>acceptat</span> <span class='ocrx_word' id='word_1_126' title='bbox 839 1240 866 1284; x_wconf 86' lang='lat' dir='ltr'>nt</span> <span class='ocrx_word' id='word_1_127' title='bbox 875 1237 932 1299; x_wconf 79' lang='lat' dir='ltr'>qm-</span> 
     </span>
     <span class='ocr_line' id='line_1_17' title="bbox 82 1302 932 1369; baseline 0.004 -16"><span class='ocrx_word' id='word_1_128' title='bbox 82 1360 88 1369; x_wconf 45' lang='grc'>,</span> <span class='ocrx_word' id='word_1_129' title='bbox 126 1305 182 1356; x_wconf 91' lang='lat' dir='ltr'>libet</span> <span class='ocrx_word' id='word_1_130' title='bbox 194 1308 299 1357; x_wconf 83' lang='lat' dir='ltr'>sacerdos</span> <span class='ocrx_word' id='word_1_131' title='bbox 311 1306 428 1357; x_wconf 75' lang='lat' dir='ltr'>absolvere</span> <span class='ocrx_word' id='word_1_132' title='bbox 438 1304 512 1368; x_wconf 88' lang='lat' dir='ltr'>possit</span> <span class='ocrx_word' id='word_1_133' title='bbox 520 1303 652 1363; x_wconf 74' lang='lat' dir='ltr'>inartionlo</span> <span class='ocrx_word' id='word_1_134' title='bbox 660 1303 754 1366; x_wconf 74' lang='lat' dir='ltr'>momis3</span> <span class='ocrx_word' id='word_1_135' title='bbox 769 1302 829 1355; x_wconf 90' lang='lat' dir='ltr'>ideo</span> <span class='ocrx_word' id='word_1_136' title='bbox 842 1318 876 1355; x_wconf 83' lang='lat' dir='ltr'>ex</span> <span class='ocrx_word' id='word_1_137' title='bbox 888 1308 932 1356; x_wconf 81' lang='lat' dir='ltr'>ner</span> 
     </span>
     <span class='ocr_line' id='line_1_18' title="bbox 125 1373 931 1441; baseline 0.005 -17"><span class='ocrx_word' id='word_1_138' title='bbox 125 1375 176 1439; x_wconf 90' lang='lat' dir='ltr'>ipso</span> <span class='ocrx_word' id='word_1_139' title='bbox 189 1376 312 1427; x_wconf 82' lang='lat' dir='ltr'>secundum</span> <span class='ocrx_word' id='word_1_140' title='bbox 328 1376 382 1439; x_wconf 89' lang='lat' dir='ltr'>qnid</span> <span class='ocrx_word' id='word_1_141' title='bbox 394 1387 462 1425; x_wconf 89' lang='lat' dir='ltr'>usum</span> <span class='ocrx_word' id='word_1_142' title='bbox 470 1374 636 1437; x_wconf 78' lang='lat' dir='ltr'>iurisdictionis</span> <span class='ocrx_word' id='word_1_143' title='bbox 645 1373 724 1435; x_wconf 86' lang='lat' dir='ltr'>babet,</span> <span class='ocrx_word' id='word_1_144' title='bbox 732 1375 931 1441; x_wconf 70' lang='lat' dir='ltr'>comnmissis·</span> 
     </span>
     <span class='ocr_line' id='line_1_19' title="bbox 125 1445 323 1499; baseline 0.005 -4"><span class='ocrx_word' id='word_1_145' title='bbox 125 1445 224 1497; x_wconf 90' lang='lat' dir='ltr'>dictione</span> <span class='ocrx_word' id='word_1_146' title='bbox 239 1448 323 1499; x_wconf 84' lang='lat' dir='ltr'>careal.</span> 
     </span>
    </p>

    <p class='ocr_par' dir='ltr' id='par_1_4' title="bbox 123 1516 970 1933">
     <span class='ocr_line' id='line_1_20' title="bbox 156 1516 927 1582; baseline 0.003 -15"><span class='ocrx_word' id='word_1_147' title='bbox 156 1516 190 1568; x_wconf 81' lang='lat' dir='ltr'>nd</span> <span class='ocrx_word' id='word_1_148' title='bbox 202 1518 327 1569; x_wconf 70' lang='lat' dir='ltr'>monadum</span> <span class='ocrx_word' id='word_1_149' title='bbox 340 1517 475 1579; x_wconf 84' lang='lat' dir='ltr'>dicendum,</span> <span class='ocrx_word' id='word_1_150' title='bbox 488 1516 549 1582; x_wconf 79' lang='lat' dir='ltr'>quod</span> <span class='ocrx_word' id='word_1_151' title='bbox 566 1529 613 1567; x_wconf 87' lang='lat' dir='ltr'>non</span> <span class='ocrx_word' id='word_1_152' title='bbox 627 1518 717 1580; x_wconf 84' lang='lat' dir='ltr'>oportet</span> <span class='ocrx_word' id='word_1_153' title='bbox 728 1527 786 1566; x_wconf 84' lang='lat' dir='ltr'>enm</span> <span class='ocrx_word' id='word_1_154' title='bbox 803 1530 927 1569; x_wconf 67' lang='lat' dir='ltr'>recum</span> 
     </span>
     <span class='ocr_line' id='line_1_21' title="bbox 125 1584 926 1651; baseline 0.005 -16"><span class='ocrx_word' id='word_1_155' title='bbox 125 1586 153 1636; x_wconf 87' lang='lat' dir='ltr'>ad</span> <span class='ocrx_word' id='word_1_156' title='bbox 172 1587 288 1651; x_wconf 83' lang='lat' dir='ltr'>proprium</span> <span class='ocrx_word' id='word_1_157' title='bbox 303 1588 454 1651; x_wconf 85' lang='lat' dir='ltr'>sacerdotem,</span> <span class='ocrx_word' id='word_1_158' title='bbox 469 1591 496 1637; x_wconf 92' lang='lat' dir='ltr'>ut</span> <span class='ocrx_word' id='word_1_159' title='bbox 512 1586 596 1638; x_wconf 88' lang='lat' dir='ltr'>iterum</span> <span class='ocrx_word' id='word_1_160' title='bbox 608 1584 623 1635; x_wconf 81' lang='lat' dir='ltr'>t</span> <span class='ocrx_word' id='word_1_161' title='bbox 635 1585 734 1650; x_wconf 86' lang='lat' dir='ltr'>pcccatis</span> <span class='ocrx_word' id='word_1_162' title='bbox 744 1586 926 1650; x_wconf 78' lang='lat' dir='ltr'>obsolmtnr‚&#39;a</span> 
     </span>
     <span class='ocr_line' id='line_1_22' title="bbox 124 1623 970 1747; baseline 0 -39"><span class='ocrx_word' id='word_1_163' title='bbox 124 1658 206 1720; x_wconf 78' lang='lat' dir='ltr'>unibus</span> <span class='ocrx_word' id='word_1_164' title='bbox 217 1658 243 1709; x_wconf 90' lang='lat' dir='ltr'>in</span> <span class='ocrx_word' id='word_1_165' title='bbox 253 1659 347 1710; x_wconf 92' lang='lat' dir='ltr'>articulo</span> <span class='ocrx_word' id='word_1_166' title='bbox 360 1658 438 1709; x_wconf 87' lang='lat' dir='ltr'>mortis</span> <span class='ocrx_word' id='word_1_167' title='bbox 451 1658 569 1709; x_wconf 88' lang='lat' dir='ltr'>absolutos</span> <span class='ocrx_word' id='word_1_168' title='bbox 584 1661 632 1720; x_wconf 87' lang='lat' dir='ltr'>est;</span> <span class='ocrx_word' id='word_1_169' title='bbox 643 1656 683 1707; x_wconf 87' lang='lat' dir='ltr'>sed</span> <span class='ocrx_word' id='word_1_170' title='bbox 702 1659 727 1705; x_wconf 91' lang='lat' dir='ltr'>ut</span> <span class='ocrx_word' id='word_1_171' title='bbox 739 1658 877 1708; x_wconf 67' lang='lat' dir='ltr'>innoteseat</span> <span class='ocrx_word' id='word_1_172' title='bbox 892 1660 924 1719; x_wconf 79' lang='lat' dir='ltr'>ei,</span> <span class='ocrx_word' id='word_1_173' title='bbox 968 1623 970 1747; x_wconf 55' lang='grc'><strong>4</strong></span> 
     </span>
     <span class='ocr_line' id='line_1_23' title="bbox 123 1726 970 1793; baseline 0.001 -15"><span class='ocrx_word' id='word_1_174' title='bbox 123 1728 186 1793; x_wconf 75' lang='lat' dir='ltr'>quod</span> <span class='ocrx_word' id='word_1_175' title='bbox 204 1729 236 1781; x_wconf 90' lang='lat' dir='ltr'>sit</span> <span class='ocrx_word' id='word_1_176' title='bbox 253 1730 378 1781; x_wconf 88' lang='lat' dir='ltr'>absolutus.</span> <span class='ocrx_word' id='word_1_177' title='bbox 392 1730 440 1779; x_wconf 83' lang='lat' dir='ltr'>ileo</span> <span class='ocrx_word' id='word_1_178' title='bbox 453 1728 557 1779; x_wconf 88' lang='lat' dir='ltr'>similiter</span> <span class='ocrx_word' id='word_1_179' title='bbox 570 1730 661 1792; x_wconf 75' lang='lat' dir='ltr'>oportet</span> <span class='ocrx_word' id='word_1_180' title='bbox 679 1726 874 1790; x_wconf 81' lang='lat' dir='ltr'>qubdabsolutns</span> <span class='ocrx_word' id='word_1_181' title='bbox 895 1730 925 1779; x_wconf 79' lang='lat' dir='ltr'>ab</span> <span class='ocrx_word' id='word_1_182' title='bbox 968 1748 970 1751; x_wconf 47' lang='lat'><strong>⁴</strong></span> 
     </span>
     <span class='ocr_line' id='line_1_24' title="bbox 124 1796 925 1864; baseline 0.001 -15"><span class='ocrx_word' id='word_1_183' title='bbox 124 1799 355 1851; x_wconf 77' lang='lat' dir='ltr'>excommunicatione</span> <span class='ocrx_word' id='word_1_184' title='bbox 368 1799 395 1849; x_wconf 90' lang='lat' dir='ltr'>ad</span> <span class='ocrx_word' id='word_1_185' title='bbox 408 1798 508 1863; x_wconf 79' lang='lat' dir='ltr'>judicem</span> <span class='ocrx_word' id='word_1_186' title='bbox 524 1798 603 1861; x_wconf 85' lang='lat' dir='ltr'>radat,</span> <span class='ocrx_word' id='word_1_187' title='bbox 616 1797 657 1861; x_wconf 87' lang='lat' dir='ltr'>qni</span> <span class='ocrx_word' id='word_1_188' title='bbox 674 1796 731 1847; x_wconf 79' lang='lat' dir='ltr'>alias</span> <span class='ocrx_word' id='word_1_189' title='bbox 744 1798 869 1850; x_wconf 74' lang='lat' dir='ltr'>ambirem</span> <span class='ocrx_word' id='word_1_190' title='bbox 881 1812 925 1864; x_wconf 79' lang='lat' dir='ltr'>po</span> 
     </span>
     <span class='ocr_line' id='line_1_25' title="bbox 123 1867 865 1933; baseline 0.005 -16"><span class='ocrx_word' id='word_1_191' title='bbox 123 1870 215 1932; x_wconf 83' lang='lat' dir='ltr'>inisset,</span> <span class='ocrx_word' id='word_1_192' title='bbox 229 1870 392 1921; x_wconf 78' lang='lat' dir='ltr'>absolutionem</span> <span class='ocrx_word' id='word_1_193' title='bbox 406 1872 496 1933; x_wconf 85' lang='lat' dir='ltr'>petens,</span> <span class='ocrx_word' id='word_1_194' title='bbox 511 1868 553 1919; x_wconf 87' lang='lat' dir='ltr'>sed</span> <span class='ocrx_word' id='word_1_195' title='bbox 561 1867 738 1918; x_wconf 79' lang='lat' dir='ltr'>mdsiactiouem</span> <span class='ocrx_word' id='word_1_196' title='bbox 749 1868 865 1921; x_wconf 72' lang='lat' dir='ltr'>obesus.</span> 
     </span>
    </p>

    <p class='ocr_par' dir='ltr' id='par_1_5' title="bbox 121 1938 924 2773">
     <span class='ocr_line' id='line_1_26' title="bbox 155 1938 924 2005; baseline 0.003 -15"><span class='ocrx_word' id='word_1_197' title='bbox 155 1940 190 1991; x_wconf 83' lang='lat' dir='ltr'>ad</span> <span class='ocrx_word' id='word_1_198' title='bbox 204 1941 295 1990; x_wconf 89' lang='lat' dir='ltr'>tertium</span> <span class='ocrx_word' id='word_1_199' title='bbox 307 1940 441 2003; x_wconf 88' lang='lat' dir='ltr'>dicendum,</span> <span class='ocrx_word' id='word_1_200' title='bbox 452 1940 512 2005; x_wconf 80' lang='lat' dir='ltr'>qnid</span> <span class='ocrx_word' id='word_1_201' title='bbox 524 1939 649 2003; x_wconf 82' lang='lat' dir='ltr'>baptismos</span> <span class='ocrx_word' id='word_1_202' title='bbox 664 1938 875 1989; x_wconf 83' lang='lat' dir='ltr'>babetclbcaoiam</span> <span class='ocrx_word' id='word_1_203' title='bbox 893 1953 924 1992; x_wconf 81' lang='lat' dir='ltr'>ox</span> 
     </span>
     <span class='ocr_line' id='line_1_27' title="bbox 123 2010 921 2076; baseline 0.001 -14"><span class='ocrx_word' id='word_1_204' title='bbox 123 2014 174 2076; x_wconf 88' lang='lat' dir='ltr'>ipsa</span> <span class='ocrx_word' id='word_1_205' title='bbox 188 2010 365 2061; x_wconf 84' lang='lat' dir='ltr'>sanctificatione</span> <span class='ocrx_word' id='word_1_206' title='bbox 377 2012 478 2063; x_wconf 68' lang='lat' dir='ltr'>maiorm</span> <span class='ocrx_word' id='word_1_207' title='bbox 490 2025 498 2061; x_wconf 77' lang='lat' dir='ltr'>a</span> <span class='ocrx_word' id='word_1_208' title='bbox 511 2015 535 2061; x_wconf 89' lang='lat' dir='ltr'>et</span> <span class='ocrx_word' id='word_1_209' title='bbox 545 2010 619 2062; x_wconf 84' lang='lat' dir='ltr'>idoot</span> <span class='ocrx_word' id='word_1_210' title='bbox 631 2019 775 2075; x_wconf 79' lang='lat' dir='ltr'>quocumque</span> <span class='ocrx_word' id='word_1_211' title='bbox 785 2010 921 2063; x_wconf 78' lang='lat' dir='ltr'>conteratur</span> 
     </span>
     <span class='ocr_line' id='line_1_28' title="bbox 124 2080 923 2145; baseline 0.001 -14"><span class='ocrx_word' id='word_1_212' title='bbox 124 2081 204 2142; x_wconf 86' lang='lat' dir='ltr'>elicui,</span> <span class='ocrx_word' id='word_1_213' title='bbox 221 2080 260 2129; x_wconf 89' lang='lat' dir='ltr'>illo</span> <span class='ocrx_word' id='word_1_214' title='bbox 270 2085 435 2131; x_wconf 86' lang='lat' dir='ltr'>sacramentum</span> <span class='ocrx_word' id='word_1_215' title='bbox 446 2082 528 2145; x_wconf 88' lang='lat' dir='ltr'>recipit</span> <span class='ocrx_word' id='word_1_216' title='bbox 541 2081 597 2131; x_wconf 87' lang='lat' dir='ltr'>:sed</span> <span class='ocrx_word' id='word_1_217' title='bbox 610 2081 647 2131; x_wconf 84' lang='lat' dir='ltr'>vis</span> <span class='ocrx_word' id='word_1_218' title='bbox 658 2081 831 2131; x_wconf 67' lang='lat' dir='ltr'>sennonteus</span> <span class='ocrx_word' id='word_1_219' title='bbox 844 2084 923 2145; x_wconf 86' lang='lat' dir='ltr'>pmni-</span> 
     </span>
     <span class='ocr_line' id='line_1_29' title="bbox 123 2150 921 2216; baseline 0 -14"><span class='ocrx_word' id='word_1_220' title='bbox 123 2150 200 2203; x_wconf 69' lang='lat' dir='ltr'>wnliet</span> <span class='ocrx_word' id='word_1_221' title='bbox 218 2150 322 2201; x_wconf 86' lang='lat' dir='ltr'>consistit</span> <span class='ocrx_word' id='word_1_222' title='bbox 337 2150 363 2201; x_wconf 90' lang='lat' dir='ltr'>in</span> <span class='ocrx_word' id='word_1_223' title='bbox 384 2151 560 2202; x_wconf 84' lang='lat' dir='ltr'>sanctificatione</span> <span class='ocrx_word' id='word_1_224' title='bbox 579 2150 690 2213; x_wconf 78' lang='lat' dir='ltr'>ministri3</span> <span class='ocrx_word' id='word_1_225' title='bbox 707 2155 733 2200; x_wconf 89' lang='lat' dir='ltr'>et</span> <span class='ocrx_word' id='word_1_226' title='bbox 744 2151 798 2201; x_wconf 90' lang='lat' dir='ltr'>ideo</span> <span class='ocrx_word' id='word_1_227' title='bbox 814 2151 859 2202; x_wconf 88' lang='lat' dir='ltr'>ille</span> <span class='ocrx_word' id='word_1_228' title='bbox 876 2155 921 2216; x_wconf 80' lang='lat' dir='ltr'>qni</span> 
     </span>
     <span class='ocr_line' id='line_1_30' title="bbox 123 2221 921 2288; baseline 0.004 -17"><span class='ocrx_word' id='word_1_229' title='bbox 123 2221 181 2273; x_wconf 87' lang='lat' dir='ltr'>laioo</span> <span class='ocrx_word' id='word_1_230' title='bbox 202 2222 444 2287; x_wconf 56' lang='lat' dir='ltr'>manutenuimus</span> <span class='ocrx_word' id='word_1_231' title='bbox 460 2223 555 2288; x_wconf 87' lang='lat' dir='ltr'>impleat</span> <span class='ocrx_word' id='word_1_232' title='bbox 573 2223 633 2287; x_wconf 87' lang='lat' dir='ltr'>qnod</span> <span class='ocrx_word' id='word_1_233' title='bbox 649 2225 756 2285; x_wconf 84' lang='lat' dir='ltr'>exparte</span> <span class='ocrx_word' id='word_1_234' title='bbox 773 2235 817 2272; x_wconf 88' lang='lat' dir='ltr'>sua</span> <span class='ocrx_word' id='word_1_235' title='bbox 837 2228 876 2274; x_wconf 87' lang='lat' dir='ltr'>est</span> <span class='ocrx_word' id='word_1_236' title='bbox 890 2226 921 2274; x_wconf 86' lang='lat' dir='ltr'>de</span> 
     </span>
     <span class='ocr_line' id='line_1_31' title="bbox 124 2293 920 2358; baseline 0.004 -14"><span class='ocrx_word' id='word_1_237' title='bbox 124 2294 280 2344; x_wconf 82' lang='lat' dir='ltr'>sacramentali</span> <span class='ocrx_word' id='word_1_238' title='bbox 293 2293 448 2358; x_wconf 78' lang='lat' dir='ltr'>confessione,</span> <span class='ocrx_word' id='word_1_239' title='bbox 460 2298 537 2345; x_wconf 85' lang='lat' dir='ltr'>tannen</span> <span class='ocrx_word' id='word_1_240' title='bbox 554 2295 737 2345; x_wconf 87' lang='lat' dir='ltr'>sacramentalem</span> <span class='ocrx_word' id='word_1_241' title='bbox 748 2294 920 2347; x_wconf 63' lang='lat' dir='ltr'>molubonem</span> 
     </span>
     <span class='ocr_line' id='line_1_32' title="bbox 123 2364 921 2429; baseline 0.004 -15"><span class='ocrx_word' id='word_1_242' title='bbox 123 2376 170 2415; x_wconf 87' lang='lat' dir='ltr'>non</span> <span class='ocrx_word' id='word_1_243' title='bbox 183 2365 334 2429; x_wconf 89' lang='lat' dir='ltr'>consequitur.</span> <span class='ocrx_word' id='word_1_244' title='bbox 347 2366 376 2415; x_wconf 84' lang='lat' dir='ltr'>lit</span> <span class='ocrx_word' id='word_1_245' title='bbox 388 2365 438 2416; x_wconf 88' lang='lat' dir='ltr'>ideo</span> <span class='ocrx_word' id='word_1_246' title='bbox 451 2365 535 2428; x_wconf 82' lang='lat' dir='ltr'>aliquid</span> <span class='ocrx_word' id='word_1_247' title='bbox 548 2366 610 2415; x_wconf 87' lang='lat' dir='ltr'>valet</span> <span class='ocrx_word' id='word_1_248' title='bbox 622 2365 645 2416; x_wconf 85' lang='lat' dir='ltr'>ei</span> <span class='ocrx_word' id='word_1_249' title='bbox 655 2364 765 2429; x_wconf 57' lang='lat' dir='ltr'>manibus</span> <span class='ocrx_word' id='word_1_250' title='bbox 773 2366 921 2417; x_wconf 82' lang='lat' dir='ltr'>ad-diminn-</span> 
     </span>
     <span class='ocr_line' id='line_1_33' title="bbox 123 2435 919 2500; baseline 0.004 -16"><span class='ocrx_word' id='word_1_251' title='bbox 123 2435 208 2486; x_wconf 90' lang='lat' dir='ltr'>tionem</span> <span class='ocrx_word' id='word_1_252' title='bbox 225 2448 311 2499; x_wconf 77' lang='lat' dir='ltr'>paenae,</span> <span class='ocrx_word' id='word_1_253' title='bbox 323 2448 374 2500; x_wconf 80' lang='lat' dir='ltr'>qne</span> <span class='ocrx_word' id='word_1_254' title='bbox 388 2436 414 2486; x_wconf 87' lang='lat' dir='ltr'>dt</span> <span class='ocrx_word' id='word_1_255' title='bbox 427 2448 469 2498; x_wconf 89' lang='lat' dir='ltr'>per</span> <span class='ocrx_word' id='word_1_256' title='bbox 482 2437 634 2487; x_wconf 85' lang='lat' dir='ltr'>contessionis</span> <span class='ocrx_word' id='word_1_257' title='bbox 649 2435 754 2486; x_wconf 73' lang='grc' dir='ltr'>ωοῐίῑιιω</span> <span class='ocrx_word' id='word_1_258' title='bbox 771 2439 919 2500; x_wconf 78' lang='lat' dir='ltr'>etpoenem3</span> 
     </span>
     <span class='ocr_line' id='line_1_34' title="bbox 121 2506 920 2571; baseline 0 -14"><span class='ocrx_word' id='word_1_259' title='bbox 121 2506 163 2557; x_wconf 88' lang='lat' dir='ltr'>sed</span> <span class='ocrx_word' id='word_1_260' title='bbox 176 2518 223 2558; x_wconf 91' lang='lat' dir='ltr'>non</span> <span class='ocrx_word' id='word_1_261' title='bbox 234 2508 381 2570; x_wconf 81' lang='lat' dir='ltr'>consequitur</span> <span class='ocrx_word' id='word_1_262' title='bbox 391 2506 564 2557; x_wconf 89' lang='lat' dir='ltr'>diminutionem</span> <span class='ocrx_word' id='word_1_263' title='bbox 577 2507 640 2557; x_wconf 88' lang='lat' dir='ltr'>illam</span> <span class='ocrx_word' id='word_1_264' title='bbox 654 2520 736 2571; x_wconf 78' lang='lat' dir='ltr'>pone,</span> <span class='ocrx_word' id='word_1_265' title='bbox 748 2510 920 2570; x_wconf 69' lang='lat' dir='ltr'>qwestenri</span> 
     </span>
     <span class='ocr_line' id='line_1_35' title="bbox 122 2576 917 2641; baseline 0.001 -15"><span class='ocrx_word' id='word_1_266' title='bbox 122 2577 229 2627; x_wconf 80' lang='lat' dir='ltr'>clarium.</span> <span class='ocrx_word' id='word_1_267' title='bbox 247 2577 276 2625; x_wconf 85' lang='lat' dir='ltr'>Et</span> <span class='ocrx_word' id='word_1_268' title='bbox 289 2577 341 2627; x_wconf 89' lang='lat' dir='ltr'>ideo</span> <span class='ocrx_word' id='word_1_269' title='bbox 355 2581 444 2641; x_wconf 89' lang='lat' dir='ltr'>oportet</span> <span class='ocrx_word' id='word_1_270' title='bbox 456 2577 518 2640; x_wconf 82' lang='lat' dir='ltr'>quod</span> <span class='ocrx_word' id='word_1_271' title='bbox 537 2577 620 2628; x_wconf 84' lang='lat' dir='ltr'>iterum</span> <span class='ocrx_word' id='word_1_272' title='bbox 637 2576 749 2627; x_wconf 87' lang='lat' dir='ltr'>sacerdoti</span> <span class='ocrx_word' id='word_1_273' title='bbox 765 2576 917 2640; x_wconf 62' lang='lat' dir='ltr'>monimum</span> 
     </span>
     <span class='ocr_line' id='line_1_36' title="bbox 121 2648 917 2713; baseline 0.001 -15"><span class='ocrx_word' id='word_1_274' title='bbox 121 2652 146 2698; x_wconf 87' lang='lat' dir='ltr'>et</span> <span class='ocrx_word' id='word_1_275' title='bbox 160 2648 233 2713; x_wconf 73' lang='lat' dir='ltr'>magis</span> <span class='ocrx_word' id='word_1_276' title='bbox 247 2648 281 2699; x_wconf 89' lang='lat' dir='ltr'>sic</span> <span class='ocrx_word' id='word_1_277' title='bbox 300 2648 418 2700; x_wconf 82' lang='lat' dir='ltr'>molossus</span> <span class='ocrx_word' id='word_1_278' title='bbox 436 2648 548 2699; x_wconf 80' lang='lat' dir='ltr'>decedens</span> <span class='ocrx_word' id='word_1_279' title='bbox 568 2648 662 2712; x_wconf 87' lang='lat' dir='ltr'>punitur</span> <span class='ocrx_word' id='word_1_280' title='bbox 676 2653 729 2711; x_wconf 89' lang='lat' dir='ltr'>post</span> <span class='ocrx_word' id='word_1_281' title='bbox 747 2648 809 2699; x_wconf 79' lang='lat' dir='ltr'>banc</span> <span class='ocrx_word' id='word_1_282' title='bbox 827 2649 917 2709; x_wconf 63' lang='lat' dir='ltr'>sitm</span> 
     </span>
     <span class='ocr_line' id='line_1_37' title="bbox 121 2717 575 2773; baseline -0.009 0"><span class='ocrx_word' id='word_1_283' title='bbox 121 2717 189 2773; x_wconf 80' lang='lat' dir='ltr'>dudm</span> <span class='ocrx_word' id='word_1_284' title='bbox 202 2719 222 2771; x_wconf 93' lang='lat' dir='ltr'>si</span> <span class='ocrx_word' id='word_1_285' title='bbox 235 2719 347 2769; x_wconf 85' lang='lat' dir='ltr'>sacerdoti</span> <span class='ocrx_word' id='word_1_286' title='bbox 359 2718 440 2769; x_wconf 85' lang='lat' dir='ltr'>fuisset</span> <span class='ocrx_word' id='word_1_287' title='bbox 450 2719 575 2769; x_wconf 77' lang='lat' dir='ltr'>confessus.</span> 
     </span>
    </p>
   </div>
   <div class='ocr_carea' id='block_1_3' title="bbox 0 0 976 3284">
    <p class='ocr_par' dir='ltr' id='par_1_6' title="bbox 0 0 976 3284">
     <span class='ocr_line' id='line_1_38' title="bbox 0 0 976 3284; baseline 0 1"><span class='ocrx_word' id='word_1_288' title='bbox 0 0 976 3284; x_wconf 95' lang='lat' dir='ltr'> </span> 
     </span>
    </p>
   </div>
  </div>
 </body>
</html>
