1942 3284
343 208 377 243 nn
393 189 565 243 eadnuunrrrm.
826 196 854 243 li

66 281 115 343 qrbrl
126 283 220 347 autemt3
232 284 277 333 sed
291 296 369 331 unum
383 282 464 331 bomm
478 282 566 333 facillis
578 282 658 333 accidit
670 294 699 334 cr
715 286 780 347 parte
793 283 856 347 prin·

66 352 123 417 u'qii,
142 358 164 405 et
178 356 240 405 aliud
252 368 283 406 ex
297 358 368 418 parte
382 353 444 403 linis.

342 532 507 583 currebatis
519 532 575 585 vill.

67 660 146 705 Utrum
160 661 230 705 beent
240 660 337 717 ctiqerid
345 659 436 703 odom
446 658 522 703 verbis
531 659 557 703 io
567 658 650 717 quibua
661 660 767 705 consistit
773 660 858 716 sermo

356 724 567 767 sacramentorum.
876 735 880 745 ·

90 851 123 899 tel
138 854 246 901 octavum
265 849 300 899 sic
321 847 452 912 proceditur
463 847 507 911 (1).
529 848 622 899 Videtur
638 848 697 913 qubd
717 849 773 901 nihil
791 851 858 903 liceat

61 923 138 973 addere
151 922 230 972 verbis
246 921 271 970 in
288 921 372 983 quibus
384 920 489 971 consistit
502 919 571 971 forma
593 922 793 973 incrementorum.
808 924 859 973 Non

60 994 119 1043 enim
133 994 231 1044 minoris
240 995 295 1042 sunt
303 991 446 1042 necessitato
456 992 588 1055 hujusmodi
597 993 667 1042 verba
677 994 857 1057 sacramentalia,
959 992 960 1001 ’

60 1063 203 1127 quimrerba
213 1075 288 1113 sacrae
302 1060 433 1125 Scriptura.
443 1062 488 1112 Sed
500 1062 575 1113 uerbis
587 1074 656 1113 sacrae
669 1063 788 1126 Scriptura
800 1063 857 1114 nibil
959 1118 960 1121 ,

60 1135 109 1184 licet
127 1135 211 1185 addere
224 1135 263 1183 vel
276 1132 393 1195 minnere3
409 1132 562 1183 diciturenim
581 1136 693 1190 Denter..
709 1136 738 1184 lV
756 1149 762 1183 ε
780 1136 857 1186 «Non

60 1206 144 1257 audetis
157 1206 186 1255 ad
204 1204 301 1254 verbum
316 1204 377 1267 quod
390 1203 455 1253 robis
466 1204 554 1267 loquor,
569 1218 611 1254 nec
622 1204 730 1255 auferetis
743 1206 771 1255 ab
790 1218 817 1256 oo
825 1220 856 1270 3o

61 1281 83 1325 et
99 1277 213 1341 Apocol„
233 1276 275 1325 ult.
288 1290 293 1323 :
307 1292 322 1323 u
331 1275 451 1324 contestu
464 1275 526 1324 omni
535 1274 634 1325 audienti
650 1276 718 1326 verba
732 1278 858 1340 prophetia

60 1348 108 1397 libri
116 1349 203 1412 bajus,
211 1348 234 1397 si
243 1346 296 1411 quis
303 1344 435 1409 apposuerit
444 1346 471 1396 ad
482 1348 538 1408 boc,
550 1349 648 1411 apponet
658 1360 726 1411 super
737 1360 788 1397 cum
798 1350 858 1399 lleus

62 1421 134 1483 ungas
152 1421 254 1483 scriptas
272 1418 297 1467 in
316 1418 374 1467 libro
385 1417 452 1480 visto;
467 1421 490 1469 et
504 1418 525 1468 si
542 1418 594 1481 quis
611 1418 757 1481 diminuerit,
771 1420 858 1469 auferet

63 1490 116 1541 bem
122 1496 214 1555 partem
226 1490 278 1553 ejus
292 1490 320 1539 tle
329 1487 388 1538 libre
398 1489 460 1539 vitae.
470 1505 484 1535 »
498 1490 556 1551 Ergo
568 1490 658 1540 ridetur
671 1488 731 1553 quid
749 1503 821 1555 neque
835 1491 859 1541 in

67 1562 128 1613 torma
138 1565 336 1613 sacramentorum
348 1561 417 1610 liceat
430 1560 513 1624 aliquid
527 1562 606 1611 addere
620 1561 657 1611 vel
670 1562 782 1613 minuere.

96 1638 116 1684 t.
127 1636 263 1693 Praeterea,
281 1632 350 1683 uerba
369 1645 394 1683 se
407 1634 492 1683 babent
510 1632 534 1683 in
556 1632 702 1683 sacramentis
716 1646 755 1697 per
769 1634 859 1684 modum

67 1705 149 1770 imme,
162 1710 191 1755 nt
200 1705 333 1755 dictumest
343 1704 351 1767 (
360 1707 403 1753 art.
416 1704 456 1768 il.
467 1704 512 1754 Sed
524 1703 549 1753 in
562 1704 641 1753 lormis
654 1706 761 1767 quelibet
776 1705 860 1757 additio

64 1778 98 1827 rel
107 1777 234 1829 subtractio
244 1774 317 1825 uariat
329 1775 442 1839 speciem,
460 1775 520 1825 sicut
533 1779 556 1825 et
569 1775 594 1824 in
608 1775 722 1839 numeris,
741 1781 765 1827 ut
779 1776 861 1827 (licitur
959 1788 960 1795 ¹

64 1850 116 1899 llll.
139 1848 288 1911 Metopliye.
307 1847 381 1912 (text.
396 1846 451 1911 to).
466 1847 527 1907 Ergo
542 1846 632 1896 ridetur
652 1845 710 1909 quod
736 1847 756 1897 si
777 1849 861 1911 aliquid

63 1921 153 1971 addatur
166 1920 207 1970 vel
228 1918 402 1969 subtrabaturl
419 1919 490 1970 forma
509 1918 658 1981 sacramenti,
673 1916 720 1969 tion
739 1920 782 1970 erit
800 1921 860 1971 idem

63 1995 238 2044 omanorum.

91 2071 112 2115 3.
126 2068 261 2125 Praeterea,
276 2062 338 2111 sicum
351 2062 379 2112 ad
392 2062 486 2111 formam
503 2062 638 2111 sacramenti
651 2062 771 2125 requiritur
784 2064 860 2115 deter-

63 2138 158 2189 minatus
167 2148 281 2187 numerus
293 2133 416 2185 dictionum
425 2172 431 2194 ‚
441 2134 474 2183 ita
483 2133 552 2183 etiam
565 2132 685 2195 requiritur
699 2134 860 2187 determinatus

63 2211 111 2261 orio
123 2210 266 2268 verborum,
278 2209 302 2256 et
312 2204 381 2255 etiam
392 2205 500 2255 orationis
513 2204 660 2255 continuitas.
673 2204 697 2255 Si
710 2218 763 2269 ergo
778 2207 861 2259 additio

64 2282 95 2331 ret
104 2280 235 2333 subtractio
246 2290 294 2328 non
312 2276 386 2326 aufert
405 2275 541 2327 sacramenti
554 2276 684 2337 ueritatem,
698 2276 787 2327 uidetur
801 2278 862 2342 qubd

69 2353 105 2412 tori
115 2352 211 2403 ratione
225 2362 270 2399 nec
279 2347 427 2412 transpositio
438 2348 572 2411 vorborum,
585 2348 704 2399 autetiam
718 2348 861 2413 interpolatio

70 2421 267 2483 renuntiationis.
451 2425 453 2430 '
473 2438 475 2446 s

90 2496 133 2547 Sed
153 2498 238 2544 eontra
259 2496 307 2555 est,
327 2489 388 2554 qubd
407 2490 430 2540 in
449 2490 528 2542 lormis
549 2492 738 2541 sacramentorum
760 2494 862 2555 quaedam

66 2569 207 2629 tqqonuntur
217 2564 232 2614 a
242 2563 453 2627 quibusdamque
463 2562 495 2611 ab
509 2562 559 2611 allis
574 2574 618 2611 non
635 2564 789 2625 apponuntur,
804 2563 864 2613 sicut

67 2635 134 2687 latini
150 2636 273 2700 baptizant
286 2634 330 2685 snb
346 2635 390 2683 bac
402 2633 474 2683 torma
490 2650 495 2682 :
511 2649 524 2680 u
538 2633 584 2695 Ego
600 2636 623 2682 te
634 2633 724 2695 baptizo
737 2635 761 2683 in
771 2634 863 2687 nomine

67 2706 149 2772 Patris,
169 2712 196 2759 et
212 2706 278 2771 Filii,
294 2709 319 2757 ct
330 2704 429 2770 Spiritus
439 2705 525 2767 sancti3
539 2718 553 2751 o
569 2702 644 2755 Greci
657 2707 733 2754 autem
744 2704 786 2755 eub
800 2705 861 2755 ista:

93 2869 125 2979 lp
138 2875 174 2919 lto
185 2873 222 2919 bis
232 2873 304 2918 etiam
317 2872 362 2927 IV,
373 2867 452 2916 siet„
468 2867 522 2913 (list.
533 2866 557 2925 ³,
572 2874 616 2913 art.
628 2870 652 2927 b,
666 2867 801 2924 questiune.
814 2866 863 2927 m

12 2940 18 3038 ἴ
70 2940 90 2977 el
114 2968 122 2980 .
