1942 3284
108 153 139 199 5⁰
285 162 344 197 rans
359 162 400 210 ιιι,
415 160 509 205 eumer.
527 161 599 209 carn,
616 161 672 197 aar.
689 162 725 199 ιιι.

107 235 199 299 gloriae,
214 239 238 286 et
252 234 337 298 ligura,
351 236 388 284 rel
404 236 521 286 character
537 236 570 299 (l)
590 236 720 287 substantiae
738 238 798 299 ejus.
820 253 835 285 ιι
852 238 923 303 Ergo

107 306 198 355 videtur
214 305 273 368 quod
289 306 405 354 character
423 306 453 354 sit
468 306 558 371 proprie
572 306 727 356 attribuendus
743 306 846 358 Christo.

142 377 332 441 (Conmemo-
340 376 461 425 Character
469 377 509 439 qui
518 390 559 441 per
568 382 707 427 sacramenta
718 378 858 445 imprimitur
869 418 875 441 ,
888 382 919 431 ad

108 460 136 498 ea
150 448 277 512 peragenda
292 460 343 510 quaa
360 447 432 496 divini
450 453 503 498 suut
519 448 606 512 cultris,
624 450 739 499 character
759 450 849 500 Christi
863 455 917 515 est,

108 532 154 583 quo
166 518 252 568 Christi
263 517 341 568 lideles
355 517 377 568 ei
385 518 575 582 configurantur.)

140 590 273 653 Respondeo
294 589 430 650 dicendum,
445 589 519 653 qubd,
541 592 600 641 sicut
619 605 647 639 ex
671 591 741 656 supra
761 592 830 643 dictis
849 597 919 657 patet

109 662 169 722 (art.
181 660 227 724 l),
242 662 359 711 character
372 661 463 724 proprie
474 665 510 711 est
525 662 665 725 signaculum
680 662 791 725 quoddam
811 676 858 727 quo
875 666 919 714 ali-

109 731 164 797 quid
178 732 315 793 insignitur,
330 735 355 780 ut
376 732 503 781 ordinatum
522 732 546 781 in
564 732 662 795 aliquem
680 732 763 796 linem,
782 733 842 783 sicut
860 737 918 785 cha-

108 807 195 853 ractere
209 802 330 865 insignitur
343 803 449 853 denarius
465 804 494 853 ad
508 818 574 853 usum
588 803 806 865 commutationum,
822 809 847 854 et
866 807 918 855 mi-

108 874 162 924 lites
182 876 310 923 charactere
332 873 502 938 insigniuntur,
528 876 593 937 quasi
613 876 640 925 ad
670 876 773 925 militiam
798 877 914 940 deputati.

108 945 182 995 ilomo
198 949 275 995 autem
286 944 359 995 fidelis
373 946 401 994 ad
412 947 457 996 duo
470 946 599 1009 deputatur.
614 946 691 998 Primo
702 946 795 1009 quidem
808 951 833 997 et
845 948 914 1011 prin-

108 1017 213 1081 cipaliter
230 1018 258 1066 acl
271 1015 400 1067 fruitionem
415 1018 507 1080 gloriae;
522 1023 545 1067 et
559 1020 586 1067 acl
598 1020 641 1067 hoc
656 1017 779 1081 insignitur
794 1018 916 1081 signaculo

109 1089 196 1150 gratiae,
205 1087 328 1137 secundirm
339 1087 396 1138 illud
405 1089 505 1145 Eraria,
513 1090 555 1139 lll:
570 1089 658 1151 «Signa
670 1090 734 1139 Thau
744 1102 812 1152 super
824 1090 915 1142 frontes

109 1159 211 1209 virorum
225 1160 365 1223 gementium
382 1164 404 1210 et
416 1161 555 1224 dolentium3
570 1176 584 1207 ιι
598 1164 622 1211 et
636 1161 748 1225 Apoccl„
764 1162 803 1211 Vll
818 1177 824 1210 :
839 1179 853 1209 u
866 1164 914 1213 No-

107 1231 150 1282 lite
167 1244 247 1281 uorere
258 1236 324 1282 terrae
335 1237 357 1281 et
371 1232 428 1281 mari
441 1246 515 1296 neque
529 1230 654 1296 arboribus,
669 1234 816 1297 quoadusque
832 1234 912 1297 sigue-

109 1317 162 1354 mus
177 1318 256 1354 servos
274 1304 396 1354 beinostri
414 1303 438 1353 in
455 1303 567 1354 frontibus
582 1318 668 1354 eorum.
687 1320 700 1351 n
715 1304 817 1357 Secrrndb
835 1310 914 1356 autem

110 1376 231 1439 deputatur
248 1376 344 1439 quisque
359 1376 433 1425 fidelis
444 1376 471 1424 ad
491 1376 645 1439 recipiendum
662 1374 699 1425 rel
710 1376 844 1426 tradendum
858 1376 910 1428 aliis

110 1460 138 1497 ea
154 1461 205 1512 quae
217 1448 334 1510 pertinent
347 1448 375 1496 ad
387 1446 473 1497 cultum
484 1447 541 1510 llei3
553 1452 576 1505 et
589 1448 617 1496 an
628 1449 671 1497 hoc
684 1446 776 1511 proprie
791 1448 915 1511 deputatur

111 1520 227 1570 character
248 1518 423 1569 sacramentalis.
439 1519 510 1568 Totus
523 1522 596 1568 autern
610 1518 666 1569 ritus
678 1518 805 1568 christianae
819 1520 910 1583 religio
952 1562 953 1573 ,

110 1590 149 1639 nis
163 1590 278 1641 derivatur
286 1589 299 1640 a
307 1590 432 1641 sacerdotio
445 1588 538 1640 Christi.
548 1592 576 1639 ltt
587 1590 638 1639 ideo
646 1589 793 1639 manifestum
804 1594 839 1641 est
849 1590 912 1654 qubcl

111 1662 227 1712 character
241 1662 409 1713 sacramentalis
422 1662 551 1726 specialiter
568 1664 603 1712 est
614 1662 729 1711 character
742 1661 912 1725 Christi,cujus
952 1668 953 1725 p

111 1735 238 1785 sacerdotio
256 1737 423 1796 configurantur
439 1735 516 1784 fideles
532 1732 655 1797 secundhm
667 1734 843 1783 sacramentales
855 1736 913 1785 cha·
952 1728 953 1743 ¹

110 1809 223 1864 ractores,
239 1805 278 1868 qui
296 1806 352 1854 nihil
370 1805 431 1854 aliurl
449 1808 504 1853 suut
516 1805 582 1867 qnam
602 1805 703 1867 quaedam
724 1803 913 1867 participationes

113 1876 231 1927 sacerdotii
242 1875 334 1937 Christi,
349 1875 377 1924 ab
390 1874 441 1938 ipso
454 1875 545 1925 Christo
560 1875 677 1925 derivatas.

144 1948 286 2012 ltprimum
302 1959 355 2009 ergo
371 1946 507 2006 dicendum,
522 1946 581 2009 quod
593 1945 713 2009 Apostolus
726 1946 757 1995 ihi
770 1946 870 2009 loquitur
884 1948 910 1999 de

113 2017 283 2081 consignatione
300 2016 425 2066 secundinn
445 2030 514 2079 qrram
534 2016 614 2079 aliquis
630 2018 750 2079 leputatur
769 2016 798 2067 ad
815 2017 912 2067 futuram

113 2088 223 2151 gloriam,
238 2101 287 2150 quae
302 2089 328 2137 lit
345 2086 510 2152 pergratiam,
526 2092 548 2137 et
565 2088 660 2151 Spiritui
677 2092 754 2139 sancto
771 2090 910 2153 attribuitur,
952 2130 953 2135 ,

113 2160 138 2209 in
154 2164 263 2223 quantum
279 2172 394 2209 examore
406 2158 508 2221 procedit
521 2158 581 2223 qubrl
595 2160 655 2209 lleus
670 2160 733 2209 nobis
747 2160 832 2223 aliquid
844 2162 911 2225 gratis

112 2231 234 2295 largiatur;
249 2230 308 2294 quod
327 2230 354 2279 ad
377 2230 489 2279 rationem
504 2230 582 2293 gratiae
603 2230 711 2294 pertinet.
726 2231 824 2294 Spiritus
838 2237 911 2282 antem

114 2308 207 2354 sauctus
221 2316 283 2352 amor
299 2306 350 2365 est3
365 2302 424 2351 unde
438 2306 461 2351 et
473 2302 492 2350 1.
505 2302 542 2351 oct
556 2302 626 2359 Cor„
643 2303 694 2366 lill,
709 2302 806 2353 dicitur:
821 2320 835 2351 u
851 2303 911 2353 llini-

112 2373 190 2427 siones
203 2374 324 2437 gratiarum
335 2376 401 2433 sunt,
413 2372 472 2423 idem
488 2376 562 2423 autem
577 2374 682 2437 Spiritus.
695 2390 708 2421 ιι

144 2446 178 2495 tl
196 2446 320 2495 secundum
335 2444 467 2507 dicendum,
482 2444 542 2507 quoa
560 2446 676 2497 character
693 2444 862 2495 sacramentalis
877 2448 911 2496 est

114 2530 154 2566 rer
168 2521 275 2580 respectu
288 2515 422 2566 sacramenti
432 2516 563 2580 exterioris,
581 2520 604 2567 et
619 2521 654 2567 est
667 2520 851 2566 sacromentum
864 2531 910 2567 res·

113 2592 182 2653 pecta
201 2588 277 2638 ultimi
297 2587 401 2638 electris,
416 2588 445 2637 Et
465 2587 518 2639 ideo
532 2588 652 2652 dupliciter
666 2592 741 2652 potest
759 2586 842 2651 aliquid
859 2588 912 2639 cha-

113 2660 196 2709 racteri
211 2659 322 2709 attribui:
338 2671 385 2709 uno
403 2660 469 2709 modo
483 2659 607 2710 secundlrm
623 2660 734 2710 rationem
748 2660 909 2715 sacramenti,

115 2735 139 2783 et
153 2733 197 2781 hoc
212 2732 278 2783 modo
290 2735 326 2782 cst
342 2731 432 2794 signum
448 2730 568 2782 invisibilis
583 2730 662 2794 gratiae
677 2744 727 2795 quae
740 2731 764 2780 in
775 2732 908 2781 sacramento

151 2864 185 2931 lt)
199 2870 243 2915 Pro
257 2869 341 2928 figora
353 2869 376 2914 in
385 2881 461 2929 gracco
475 2869 597 2939 χαρακτὴρ
612 2868 702 2927 legitur.
