1942 3284
102 152 136 190 ou
151 149 265 189 numa
280 148 451 188 cucumeris
467 147 585 194 oumruu
600 148 632 188 au
648 150 755 188 seueras.
788 141 836 192 sti

26 229 64 280 secl
83 232 216 291 utrumque
235 226 388 290 permixtum
406 225 459 291 quia
473 229 595 289 utrumque
616 227 730 278 exlatere
747 227 837 291 ejutiu

26 300 133 366 passione
146 313 194 350 sua
208 299 345 363 pmlluxisse
362 298 452 362 legitur.
467 314 481 346 u
496 298 571 348 Tertio
578 334 587 361 ‚
603 297 657 361 qnia
671 300 715 350 hoc
730 301 838 352 conuenit

26 374 53 422 acl
68 372 255 436 significandum
268 371 374 421 ellectum
388 371 458 434 hujus
467 369 614 433 sacramenti,
624 369 664 433 pul
678 373 714 422 cst
727 371 783 422 uuio
794 385 838 436 po·

26 445 70 508 puli
84 444 216 495 christiani
227 445 255 493 ad
270 442 405 506 Christnm3
420 442 485 505 quia,
501 445 526 490 ul
543 441 617 492 Julius
633 443 694 506 Papa
707 443 762 494 dicit
776 445 784 505 l
797 444 838 496 uhi

26 517 99 580 supra)
116 532 123 566 :
142 533 158 564 n
169 517 286 566 Videmus
304 514 330 564 in
344 527 406 577 aqna
418 515 526 578 populum
540 513 645 576 intelligi,
663 513 688 563 in
702 515 756 566 uino
777 527 834 568 varo

27 588 113 638 ostendi
126 587 271 650 sanguinem
283 583 378 636 Christi.
391 586 459 647 Ergo,
469 583 522 634 cun
530 583 554 634 in
562 583 631 634 culice
642 584 696 634 vino
708 598 766 649 apua
777 586 839 638 miu-

26 661 96 718 cetnr,
107 659 209 709 Christo
223 657 323 722 populus
334 657 454 706 adunatur,
469 671 484 702 o
495 654 577 714 Quarto
586 692 593 718 ,
603 656 655 718 quia
668 657 712 707 hoc
725 658 838 722 competit

30 730 58 779 acl
69 729 179 780 ultimum
198 729 308 780 ellectum
321 727 390 791 hujus
412 725 614 788 sacramenti,qui
631 729 667 776 est
685 726 791 780 introitus
809 729 839 780 ad

28 800 237 860 vitamatcrnam3
251 800 311 849 uude
321 798 452 849 Ambrosius
461 797 518 848 uicit
527 797 552 847 in
565 796 603 847 lili.
619 799 656 848 De
672 799 839 850 socrumerrtr'r

31 871 82 932 (lit.
96 877 137 936 V,
154 885 214 936 cap.
230 871 276 933 tl:
296 887 310 919 e
323 870 443 922 liednndat
454 882 514 932 aqua
535 868 560 918 ln
579 867 689 932 calicem,
704 873 728 919 et
740 870 794 920 salit
812 868 840 920 in

32 942 97 992 uitam
110 947 238 994 eternam.
253 958 268 990 r

58 1015 89 1064 td
102 1015 212 1078 primum
227 1026 281 1076 ergo
296 1013 427 1075 dicendum,
435 1012 496 1076 quod
506 1013 567 1063 sicut
577 1011 710 1063 Ambrosius
722 1011 778 1063 dicit
789 1011 840 1062 ibi-

31 1083 86 1147 lem
96 1102 111 1132 e
123 1085 191 1136 sicut
201 1084 337 1135 sacrificium
344 1084 428 1136 Cluristi
440 1085 592 1148 significatum
601 1087 638 1134 cst
648 1095 689 1146 per
700 1083 841 1136 oblationem

32 1155 218 1221 llclclrisecleclr,
237 1156 269 1206 ita
283 1156 352 1206 etiam
371 1156 523 1218 significatum
537 1159 573 1208 est
593 1168 634 1219 per
653 1167 735 1218 aquam
749 1168 802 1219 quan
815 1155 840 1206 in

32 1239 101 1278 eremo
117 1229 192 1278 lluxit
211 1229 240 1279 de
258 1231 336 1291 petra;
352 1243 366 1275 u
382 1229 507 1280 sccundirm
525 1227 581 1278 illud
603 1229 622 1276 l.
645 1226 771 1282 Cor-tratti..
794 1226 837 1278 ll:

37 1298 173 1350 lucebant
191 1302 270 1348 autem
286 1299 314 1350 cle
327 1298 439 1362 spirituali
451 1301 607 1363 consequente
622 1311 662 1349 eos
676 1300 759 1362 petra;
774 1300 840 1361 patra

35 1371 104 1418 anum
117 1374 170 1420 erat
186 1369 328 1420 Christus.»

63 1441 94 1490 sd
104 1442 236 1492 secundum
254 1441 390 1503 dicendum,
405 1441 464 1504 quon
475 1453 534 1504 aqua
545 1440 670 1491 assumitur
689 1439 715 1488 in
727 1437 841 1503 baptismo

40 1509 63 1558 ul
83 1525 152 1562 nsum
168 1511 309 1576 ablutionis3
325 1512 349 1561 iu
368 1514 413 1563 lroo
429 1515 507 1562 antem
522 1515 664 1564 sacramento
680 1509 805 1560 assumitur
813 1509 842 1560 ad

39 1592 97 1630 nsum
119 1583 276 1645 relectionis,
294 1583 418 1634 secuudlrm
435 1583 491 1634 illud
512 1583 609 1634 Poulm.
631 1583 693 1632 llllll
716 1597 754 1630 :u
767 1583 843 1644 super

42 1661 115 1714 tunam
128 1655 267 1706 relectionis
279 1655 384 1706 educauit
398 1668 443 1704 me.
458 1671 472 1702 u

68 1725 98 1773 lul
112 1726 209 1776 tertium
227 1725 361 1789 dicendum,
375 1725 439 1790 quod
452 1725 520 1788 panis
538 1736 567 1776 ex
583 1736 642 1788 aqua
657 1727 680 1774 el
697 1721 772 1772 lariua
784 1734 844 1772 con·

43 1791 117 1916 Q.
132 1798 162 1847 lit
181 1796 249 1860 ideo,
264 1796 315 1847 cim
331 1798 386 1848 rino
399 1809 460 1861 apua
473 1795 589 1857 miscetur,
599 1797 705 1846 neutrum
718 1792 770 1846 sine
784 1804 843 1858 apua

96 1882 104 1916 Ι
115 1905 123 1918 .

328 1975 491 2028 ARTICULUS
507 1975 554 2024 vll.

52 2095 127 2145 Utriurr
141 2100 273 2159 morelio
287 2111 354 2158 aquo
367 2101 400 2145 stt
412 2099 441 2144 de
453 2100 592 2144 mcescitute
601 2099 675 2156 hujus
689 2099 844 2144 sacramenti.

74 2225 106 2275 ld
119 2228 246 2292 septimum
265 2226 301 2278 sic
316 2225 448 2292 proceditur
457 2227 504 2290 (l).
526 2226 620 2277 Vidclur
640 2225 700 2290 quod
722 2224 847 2290 permixtio

51 2302 105 2356 tuuc
124 2300 156 2350 sit
170 2302 199 2350 de
216 2299 353 2350 necessitate
365 2298 434 2358 huius
447 2297 592 2348 sacramenti.
602 2297 663 2348 llicit
673 2297 735 2348 enlm
749 2295 847 2361 Cypria·

51 2376 88 2416 nus
103 2371 137 2420 od
160 2369 295 2424 Coecilium
307 2370 368 2435 (lib.
381 2371 412 2419 ll.
426 2370 502 2435 Epist.
521 2369 549 2433 3)
565 2384 572 2418 2
590 2384 603 2416 u
616 2367 654 2420 Sic
677 2368 736 2420 calix
754 2365 847 2420 Domini

52 2446 90 2486 ltu
101 2445 137 2492 est
151 2455 210 2506 aqua
228 2442 276 2492 sola
286 2445 310 2493 et
322 2441 403 2491 uinum
415 2442 499 2504 solnm,
514 2440 559 2491 nisi
572 2443 694 2504 utrumque
710 2440 844 2504 misceatur,

54 2516 90 2566 lto
105 2515 172 2566 morlo
190 2527 234 2564 nec
253 2526 336 2578 corpus
355 2513 447 2564 llomini
465 2516 542 2577 potest
565 2525 616 2564 osse
634 2512 707 2564 larius
725 2509 787 2574 sola,
802 2507 847 2560 nisi

54 2579 164 2649 llrtttttpue
182 2585 286 2650 (scilicet
299 2584 374 2636 lerina
389 2588 414 2636 et
425 2585 514 2650 aqua),
525 2584 595 2636 tuerit
617 2584 748 2636 adunatum.
764 2598 779 2630 u
801 2579 848 2632 Sed

81 2741 110 2808 (ἱ)
122 2751 155 2796 lle
166 2747 203 2797 his
212 2751 284 2796 etia!
296 2749 379 2809 supra,
394 2761 436 2806 qn.
445 2748 492 2809 88,
504 2753 549 2796 art.
563 2748 593 2808 6,
609 2749 639 2795 erl
652 2747 667 2793 t
680 2753 705 2794 et
715 2747 746 2802 ῦς
764 2751 788 2793 et
798 2745 846 2803 lv,

53 2803 250 2937 3:332,
264 2826 306 2872 qn.
317 2813 347 2874 Ξ,
361 2819 406 2862 art.
416 2811 441 2875 4,
455 2813 593 2872 questione.
605 2813 635 2867 Ως
650 2817 674 2858 et
685 2813 706 2858 l.
724 2810 792 2862 Gor..
804 2807 847 2866 Χῑ,
