1942 3284
135 223 180 270 496
306 223 364 260 PARS
381 223 423 270 tlt,
436 221 529 267 QUAEST.
546 220 644 269 mxlv,
659 221 716 258 ultr.
733 223 757 258 X.

168 303 191 349 b.
206 299 330 360 Pastorem,
344 294 463 357 miracula,
473 295 556 358 quibus
565 294 676 346 Dominus
689 294 838 347 infirmitates
850 308 921 360 corpo

134 371 193 422 rales
206 367 306 428 sanarit,
316 365 444 430 significant
453 365 594 416 sanationem
601 364 754 429 spiritualium
763 365 922 425 infirmitatum

130 441 216 508 quibus
225 439 311 490 scilicet
323 437 428 489 homines
441 436 565 487 liberantur
576 435 590 486 b
602 437 714 498 peccatis.
728 437 776 488 Sed
789 449 837 489 nou
848 437 923 501 batn

133 511 193 574 quod
208 509 315 562 Dominus
329 507 427 572 aliquem
440 519 525 558 cecum
538 505 574 556 bis
588 505 760 571 illuminaverit,
770 508 922 574 nelqnodali·

134 595 201 646 quom
210 582 325 644 leprosum
335 579 371 630 bis
381 577 531 638 mundaverit,
543 580 583 628 ant
595 577 694 641 aliquem
706 582 827 630 mortuum
836 579 873 631 bis
880 593 923 631 sus

133 652 247 703 citaverit.
260 651 319 714 Ergo
329 649 418 700 videtur
431 647 492 712 quod
504 659 548 700 uec
559 646 628 698 alicui
638 649 756 712 peccatori
763 662 809 714 per
818 651 924 715 poeuiten

133 723 189 773 tiam
203 720 293 772 veniam
308 718 423 782 largiatur.

165 795 188 842 t.
207 788 460 854 Prmtcrea‚(ireqorius
469 787 525 838 dicit
535 788 560 839 in
574 787 924 857 Humiliaouudruqeeimae:

134 880 149 910 a
159 862 296 918 Paenitentia
306 863 343 913 est
351 863 405 912 ante
418 863 469 911 aeta
481 859 575 924 peecata
583 858 681 922 deflere,
692 861 716 908 et
728 859 840 914 deflenda
849 863 925 916 ileum

133 946 180 985 nun
191 933 347 994 committere3
358 946 372 978 u
386 933 411 981 et
422 930 521 980 isidorus
534 929 622 980 dicitin
632 928 674 979 lib.
685 929 723 979 De
735 943 843 982 mmmo
854 932 924 983 douc:

135 1020 150 1052 u
161 1005 240 1056 irrisor
251 1005 318 1055 estet
330 1013 378 1052 non
390 999 516 1065 poenitsns,
527 999 567 1064 qui
576 999 650 1049 adbuc
661 998 708 1062 agit
716 1001 780 1063 quod
791 1003 925 1066 poenitett»

133 1074 158 1124 Si
174 1088 228 1138 ergo
239 1074 321 1137 aliquis
333 1071 386 1124 sard
398 1070 521 1136 poeniteat,
531 1081 577 1120 non
586 1068 670 1120 ilemm
682 1070 806 1135 pecmbit3
817 1085 876 1139 erqo
885 1087 926 1126 nm

132 1149 209 1210 potest
222 1158 273 1196 esse
286 1145 347 1208 quod
362 1141 497 1206 punitentia
507 1141 610 1193 iteratur.

166 1221 190 1268 d.
205 1217 331 1273 Praeterea,
347 1213 407 1264 sicut
418 1211 545 1276 baptismus
560 1211 629 1263 babet
647 1209 773 1264 efficaciam
782 1227 815 1265 ex
825 1216 927 1280 passion

133 1285 226 1348 christi,
234 1285 267 1336 ita
281 1289 306 1334 et
319 1282 462 1348 penitentia.
473 1282 519 1334 Sed
534 1281 660 1345 baptismus
672 1294 720 1333 non
731 1283 832 1336 iteratur
843 1291 927 1352 propte

133 1356 244 1408 unitatem
260 1353 372 1419 passionis
387 1357 411 1404 et
427 1352 508 1406 mortis
523 1351 617 1403 Christi.
631 1353 691 1416 Ergo
711 1353 763 1418 pari
777 1356 874 1409 ratione
888 1369 927 1408 nco

133 1424 269 1491 penitentia
281 1425 384 1476 iteratur.

164 1499 189 1546 o.
201 1497 328 1556 Praeterea,
338 1494 466 1546 Ambrosius
479 1494 566 1559 (conc.
580 1493 631 1544 illl
644 1494 672 1543 in
684 1493 782 1548 Psalm.
799 1498 894 1552 cxviii
902 1500 926 1562 l,

135 1567 206 1632 (licit,
217 1567 278 1633 qnod
292 1565 389 1618 lucilitas
407 1565 497 1628 remu,
514 1563 652 1616 incentivum
668 1564 756 1626 prebet
773 1567 925 1634 debuqnendi

133 1637 159 1687 Si
175 1651 228 1702 ergo
238 1639 297 1688 lleus
308 1635 399 1688 reniam
413 1635 543 1698 frequenter
560 1634 646 1697 prabet
656 1646 698 1697 per
709 1637 885 1701 paenitentiam,
895 1641 924 1689 ri·

133 1709 199 1760 delur
213 1708 272 1774 quod
289 1707 338 1772 ipse
350 1704 480 1757 bominibus
496 1705 593 1770 prebeat
609 1704 750 1755 incentivum
764 1707 923 1775 delinquendi;

133 1783 156 1830 el
174 1779 207 1830 sic
223 1777 336 1829 videretur
353 1775 460 1827 delectari
474 1775 500 1824 in
512 1773 626 1838 pcccatis,
636 1775 695 1836 qnod
708 1777 761 1840 eius
773 1778 924 1833 humentium

134 1848 245 1911 congruit.
261 1847 311 1899 Nou
327 1858 380 1910 erqo
394 1847 468 1910 potest
480 1843 615 1907 punitentia
626 1843 711 1894 iterari.

164 1917 209 1969 Sed
230 1919 308 1968 contra
327 1917 379 1976 est,
396 1913 457 1978 qudd
476 1915 544 1967 bomo
564 1913 678 1964 inducitur
697 1916 726 1965 ad
745 1917 922 1972 misericordiam

135 1987 240 2051 exemplo
250 1985 333 2037 dimne
342 1983 513 2044 misericordia,
522 1983 646 2036 secundini
656 1984 711 2036 illud
722 1986 798 2046 Luc„
807 1990 839 2041 vt
849 2006 858 2042 ς
869 1991 924 2041 «m-

135 2061 184 2108 tote
198 2054 368 2115 misericordes,
380 2055 441 2107 sicut
455 2059 479 2106 et
492 2055 559 2106 Pater
571 2057 646 2105 uester
658 2055 789 2108 misericors
802 2063 848 2112 est.
862 2061 922 2112 »sel

136 2124 242 2178 Dominus
252 2126 311 2176 banc
322 2124 500 2178 miscricordiam
508 2123 625 2188 discipulis
633 2124 682 2176 suis
691 2124 801 2190 imponit,
811 2131 923 2194 utsmpiis

136 2195 252 2246 remittant
268 2193 375 2246 iratribus
390 2200 469 2246 contra
481 2207 507 2246 se
519 2194 677 2258 peccantibum
692 2196 756 2248 unde
767 2197 832 2251 sicum
847 2201 922 2252 dicitu

136 2264 240 2326 Malim,
261 2263 346 2328 lilllll,
360 2264 428 2316 Petro
448 2263 560 2329 querenti
574 2279 580 2312 :
596 2279 610 2312 c
623 2263 716 2322 Quoties
727 2268 837 2330 peccabit
853 2270 878 2322 in
891 2281 922 2320 nc
956 2324 957 2327 Ἴ

133 2332 205 2390 irater
218 2349 281 2388 meus
296 2335 570 2400 incimmemmaum
585 2335 707 2399 saptiam·
721 2342 845 2403 respondit
856 2345 921 2394 tm:

135 2424 150 2454 a
159 2409 211 2460 lion
221 2406 271 2460 dico
279 2407 320 2458 tibi
330 2421 401 2471 usque
411 2405 632 2472 septiesmeousqm
643 2409 802 2470 septuagesies
812 2412 921 2476 septus»
956 2416 957 2463 l

133 2477 193 2541 Ergo
207 2477 277 2528 eliam
285 2478 346 2528 Deus
359 2475 440 2542 saepiirs
448 2489 489 2540 per
500 2475 656 2540 paenitentiam
670 2477 759 2538 prebet
772 2481 866 2533 reniam
876 2493 922 2546 pec-
956 2470 957 2473 ’

134 2548 237 2600 cautibus
245 2563 253 2612 ;
261 2548 388 2614 presertim
404 2547 456 2598 cirm
468 2546 550 2598 doceat
560 2558 603 2598 nos
615 2549 695 2610 petere
711 2560 717 2595 :
733 2564 749 2596 c
760 2548 854 2603 biurittc
864 2551 922 2604 nulla

133 2619 207 2672 debita
221 2623 316 2681 nostra,
330 2618 388 2670 sicut
401 2623 425 2670 et
438 2631 481 2669 nus
496 2617 632 2668 dimittimus
652 2616 793 2670 debitoribus
808 2620 921 2673 noem·

162 2689 313 2750 (Concuusro.
329 2687 423 2741 -Cbm
434 2688 533 2739 charitas
549 2686 620 2738 semel
636 2686 714 2738 habita
732 2693 828 2753 propter
845 2689 922 2742 arbibii

133 2759 259 2812 libertatem
269 2757 343 2810 amitti
355 2759 442 2823 possit,
455 2761 479 2809 et
492 2757 570 2808 diviua
579 2755 836 2810 ursericurdiaomnenr
846 2772 923 2826 pecca-

135 2831 209 2880 torum
222 2827 398 2892 magnitudinem
409 2832 433 2880 et
445 2826 610 2877 multitudinem
619 2828 724 2890 superet,
734 2829 880 2881 manifestum
892 2831 923 2879 ast

133 2897 274 2962 punitentia
289 2902 451 2950 scemmentum
464 2908 524 2962 sape
538 2908 632 2947 numero
645 2895 720 2959 repeti
732 2900 824 2965 posse.)
