<?xml version="1.0" encoding="UTF-8"?>
<!DOCTYPE html PUBLIC "-//W3C//DTD XHTML 1.0 Transitional//EN"
    "http://www.w3.org/TR/xhtml1/DTD/xhtml1-transitional.dtd">
<html xmlns="http://www.w3.org/1999/xhtml" xml:lang="en" lang="en">
 <head>
  <title>
</title>
<meta http-equiv="Content-Type" content="text/html;charset=utf-8" />
  <meta name='ocr-system' content='tesseract 3.04.00' />
  <meta name='ocr-capabilities' content='ocr_page ocr_carea ocr_par ocr_line ocrx_word'/>
</head>
<body>
  <div class='ocr_page' id='page_1' title='image "./summatheologica01nicogoog_0383.png"; bbox 0 0 1942 3284; ppageno 0'>
   <div class='ocr_carea' id='block_1_1' title="bbox 302 183 1547 231">
    <p class='ocr_par' dir='ltr' id='par_1_1' title="bbox 302 183 1547 231">
     <span class='ocr_line' id='line_1_1' title="bbox 302 183 1547 231; baseline -0.002 -1"><span class='ocrx_word' id='word_1_1' title='bbox 302 194 363 231; x_wconf 79' lang='lat' dir='ltr'>m:</span> <span class='ocrx_word' id='word_1_2' title='bbox 393 191 488 230; x_wconf 83' lang='lat' dir='ltr'>USU</span> <span class='ocrx_word' id='word_1_3' title='bbox 519 191 848 230; x_wconf 73' lang='lat' dir='ltr'>EucmmsnAE</span> <span class='ocrx_word' id='word_1_4' title='bbox 879 193 929 230; x_wconf 72' lang='lat' dir='ltr'>nt</span> <span class='ocrx_word' id='word_1_5' title='bbox 964 191 1202 231; x_wconf 66' lang='lat' dir='ltr'>cossum.</span> <span class='ocrx_word' id='word_1_6' title='bbox 1459 183 1547 227; x_wconf 57' lang='grc' dir='ltr'>ΤΠ</span> 
     </span>
    </p>
   </div>
   <div class='ocr_carea' id='block_1_2' title="bbox 0 266 1571 2761">
    <p class='ocr_par' dir='ltr' id='par_1_2' title="bbox 0 266 1555 1265">
     <span class='ocr_line' id='line_1_2' title="bbox 0 266 1551 333; baseline 0.002 -17"><span class='ocrx_word' id='word_1_7' title='bbox 0 280 35 317; x_wconf 73' lang='grc' dir='ltr'>ιε</span> <span class='ocrx_word' id='word_1_8' title='bbox 81 266 318 329; x_wconf 85' lang='lat' dir='ltr'>Christus,</span> <span class='ocrx_word' id='word_1_9' title='bbox 354 282 445 318; x_wconf 90' lang='lat' dir='ltr'>non</span> <span class='ocrx_word' id='word_1_10' title='bbox 475 268 658 331; x_wconf 87' lang='lat' dir='ltr'>quidem</span> <span class='ocrx_word' id='word_1_11' title='bbox 696 268 743 318; x_wconf 90' lang='lat' dir='ltr'>in</span> <span class='ocrx_word' id='word_1_12' title='bbox 774 269 926 332; x_wconf 85' lang='lat' dir='ltr'>specie</span> <span class='ocrx_word' id='word_1_13' title='bbox 960 268 1173 333; x_wconf 84' lang='lat' dir='ltr'>propria,</span> <span class='ocrx_word' id='word_1_14' title='bbox 1199 270 1282 319; x_wconf 86' lang='lat' dir='ltr'>sed</span> <span class='ocrx_word' id='word_1_15' title='bbox 1316 268 1364 317; x_wconf 91' lang='lat' dir='ltr'>in</span> <span class='ocrx_word' id='word_1_16' title='bbox 1401 271 1551 333; x_wconf 68' lang='lat' dir='ltr'>specie</span> 
     </span>
     <span class='ocr_line' id='line_1_3' title="bbox 0 338 1551 405; baseline -0.001 -16"><span class='ocrx_word' id='word_1_17' title='bbox 0 340 241 389; x_wconf 88' lang='lat' dir='ltr'>:ramenti.</span> <span class='ocrx_word' id='word_1_18' title='bbox 279 340 525 404; x_wconf 83' lang='lat' dir='ltr'>Dupliciter</span> <span class='ocrx_word' id='word_1_19' title='bbox 551 354 658 404; x_wconf 87' lang='lat' dir='ltr'>ergo</span> <span class='ocrx_word' id='word_1_20' title='bbox 696 340 920 403; x_wconf 84' lang='lat' dir='ltr'>contingit</span> <span class='ocrx_word' id='word_1_21' title='bbox 956 342 1227 391; x_wconf 87' lang='lat' dir='ltr'>manducare</span> <span class='ocrx_word' id='word_1_22' title='bbox 1257 338 1551 405; x_wconf 67' lang='lat' dir='ltr'>spiritualiter</span> 
     </span>
     <span class='ocr_line' id='line_1_4' title="bbox 0 410 1552 475; baseline 0.001 -17"><span class='ocrx_word' id='word_1_23' title='bbox 0 424 92 459; x_wconf 82' lang='lat' dir='ltr'>:um</span> <span class='ocrx_word' id='word_1_24' title='bbox 130 412 381 461; x_wconf 74' lang='lat' dir='ltr'>Christum.</span> <span class='ocrx_word' id='word_1_25' title='bbox 416 412 513 462; x_wconf 89' lang='lat' dir='ltr'>Uno</span> <span class='ocrx_word' id='word_1_26' title='bbox 550 413 681 462; x_wconf 91' lang='lat' dir='ltr'>modo</span> <span class='ocrx_word' id='word_1_27' title='bbox 708 416 843 475; x_wconf 88' lang='lat' dir='ltr'>prout</span> <span class='ocrx_word' id='word_1_28' title='bbox 865 412 910 460; x_wconf 90' lang='lat' dir='ltr'>in</span> <span class='ocrx_word' id='word_1_29' title='bbox 952 425 1031 462; x_wconf 83' lang='lat' dir='ltr'>sua</span> <span class='ocrx_word' id='word_1_30' title='bbox 1056 411 1207 475; x_wconf 89' lang='lat' dir='ltr'>specie</span> <span class='ocrx_word' id='word_1_31' title='bbox 1234 410 1475 471; x_wconf 67' lang='lat' dir='ltr'>consistit,</span> <span class='ocrx_word' id='word_1_32' title='bbox 1507 419 1552 459; x_wconf 69' lang='lat' dir='ltr'>nt</span> 
     </span>
     <span class='ocr_line' id='line_1_5' title="bbox 0 482 1551 547; baseline 0 -16"><span class='ocrx_word' id='word_1_33' title='bbox 0 496 19 531; x_wconf 86' lang='lat' dir='ltr'>c</span> <span class='ocrx_word' id='word_1_34' title='bbox 56 483 202 533; x_wconf 88' lang='lat' dir='ltr'>modo</span> <span class='ocrx_word' id='word_1_35' title='bbox 237 483 386 546; x_wconf 82' lang='lat' dir='ltr'>angeli</span> <span class='ocrx_word' id='word_1_36' title='bbox 416 484 687 533; x_wconf 85' lang='lat' dir='ltr'>manducant</span> <span class='ocrx_word' id='word_1_37' title='bbox 718 482 1012 547; x_wconf 83' lang='lat' dir='ltr'>spiritualiter</span> <span class='ocrx_word' id='word_1_38' title='bbox 1043 484 1192 547; x_wconf 88' lang='lat' dir='ltr'>ipsum</span> <span class='ocrx_word' id='word_1_39' title='bbox 1212 484 1471 547; x_wconf 71' lang='lat' dir='ltr'>Christum,</span> <span class='ocrx_word' id='word_1_40' title='bbox 1507 487 1551 535; x_wconf 81' lang='lat' dir='ltr'>in</span> 
     </span>
     <span class='ocr_line' id='line_1_6' title="bbox 0 554 1551 618; baseline 0.003 -17"><span class='ocrx_word' id='word_1_41' title='bbox 0 557 171 602; x_wconf 86' lang='lat' dir='ltr'>antum</span> <span class='ocrx_word' id='word_1_42' title='bbox 206 554 249 605; x_wconf 87' lang='lat' dir='ltr'>ei</span> <span class='ocrx_word' id='word_1_43' title='bbox 279 554 497 604; x_wconf 88' lang='lat' dir='ltr'>uniuntur</span> <span class='ocrx_word' id='word_1_44' title='bbox 524 554 736 604; x_wconf 78' lang='lat' dir='ltr'>fruitione</span> <span class='ocrx_word' id='word_1_45' title='bbox 762 554 994 604; x_wconf 83' lang='lat' dir='ltr'>charitatis</span> <span class='ocrx_word' id='word_1_46' title='bbox 1031 554 1265 618; x_wconf 82' lang='lat' dir='ltr'>perfectae,</span> <span class='ocrx_word' id='word_1_47' title='bbox 1305 558 1350 605; x_wconf 87' lang='lat' dir='ltr'>et</span> <span class='ocrx_word' id='word_1_48' title='bbox 1377 556 1551 607; x_wconf 69' lang='lat' dir='ltr'>Visiffl‘ls&#39;.</span> 
     </span>
     <span class='ocr_line' id='line_1_7' title="bbox 0 624 1551 695; baseline 0.005 -24"><span class='ocrx_word' id='word_1_49' title='bbox 0 624 195 675; x_wconf 65' lang='lat' dir='ltr'>iniresta</span> <span class='ocrx_word' id='word_1_50' title='bbox 240 627 412 691; x_wconf 89' lang='lat' dir='ltr'>(quem</span> <span class='ocrx_word' id='word_1_51' title='bbox 460 640 622 690; x_wconf 88' lang='lat' dir='ltr'>panem</span> <span class='ocrx_word' id='word_1_52' title='bbox 657 630 950 689; x_wconf 85' lang='lat' dir='ltr'>expectamus</span> <span class='ocrx_word' id='word_1_53' title='bbox 994 625 1044 676; x_wconf 92' lang='lat' dir='ltr'>in</span> <span class='ocrx_word' id='word_1_54' title='bbox 1085 625 1300 691; x_wconf 88' lang='lat' dir='ltr'>patria),</span> <span class='ocrx_word' id='word_1_55' title='bbox 1332 641 1424 679; x_wconf 91' lang='lat' dir='ltr'>non</span> <span class='ocrx_word' id='word_1_56' title='bbox 1471 647 1551 695; x_wconf 73' lang='lat' dir='ltr'>pei·</span> 
     </span>
     <span class='ocr_line' id='line_1_8' title="bbox 0 696 1552 764; baseline 0.004 -19"><span class='ocrx_word' id='word_1_57' title='bbox 0 709 107 759; x_wconf 89' lang='lat' dir='ltr'>em,</span> <span class='ocrx_word' id='word_1_58' title='bbox 143 697 265 747; x_wconf 87' lang='lat' dir='ltr'>sicut</span> <span class='ocrx_word' id='word_1_59' title='bbox 303 710 389 747; x_wconf 86' lang='lat' dir='ltr'>nos</span> <span class='ocrx_word' id='word_1_60' title='bbox 424 696 468 746; x_wconf 88' lang='lat' dir='ltr'>ei</span> <span class='ocrx_word' id='word_1_61' title='bbox 503 696 579 747; x_wconf 81' lang='lat' dir='ltr'>hic</span> <span class='ocrx_word' id='word_1_62' title='bbox 617 698 817 747; x_wconf 88' lang='lat' dir='ltr'>unimur.</span> <span class='ocrx_word' id='word_1_63' title='bbox 851 697 949 747; x_wconf 82' lang='lat' dir='ltr'>Alio</span> <span class='ocrx_word' id='word_1_64' title='bbox 994 699 1128 748; x_wconf 89' lang='lat' dir='ltr'>modo</span> <span class='ocrx_word' id='word_1_65' title='bbox 1166 699 1388 761; x_wconf 85' lang='lat' dir='ltr'>contingit</span> <span class='ocrx_word' id='word_1_66' title='bbox 1421 703 1552 764; x_wconf 76' lang='lat' dir='ltr'>spiri-</span> 
     </span>
     <span class='ocr_line' id='line_1_9' title="bbox 0 767 1555 835; baseline 0.006 -21"><span class='ocrx_word' id='word_1_67' title='bbox 0 767 135 817; x_wconf 79' lang='lat' dir='ltr'>iliter</span> <span class='ocrx_word' id='word_1_68' title='bbox 166 770 440 819; x_wconf 88' lang='lat' dir='ltr'>manducare</span> <span class='ocrx_word' id='word_1_69' title='bbox 473 769 736 826; x_wconf 85' lang='lat' dir='ltr'>Christum,</span> <span class='ocrx_word' id='word_1_70' title='bbox 761 773 894 833; x_wconf 87' lang='lat' dir='ltr'>prout</span> <span class='ocrx_word' id='word_1_71' title='bbox 920 773 993 820; x_wconf 87' lang='lat' dir='ltr'>est</span> <span class='ocrx_word' id='word_1_72' title='bbox 1030 771 1113 821; x_wconf 88' lang='lat' dir='ltr'>sub</span> <span class='ocrx_word' id='word_1_73' title='bbox 1153 770 1396 833; x_wconf 81' lang='lat' dir='ltr'>speciebus</span> <span class='ocrx_word' id='word_1_74' title='bbox 1417 773 1555 835; x_wconf 61' lang='lat' dir='ltr'>hujus</span> 
     </span>
     <span class='ocr_line' id='line_1_10' title="bbox 0 839 1551 905; baseline 0.006 -18"><span class='ocrx_word' id='word_1_75' title='bbox 0 839 237 903; x_wconf 85' lang='lat' dir='ltr'>:ramenti‚</span> <span class='ocrx_word' id='word_1_76' title='bbox 256 840 307 889; x_wconf 89' lang='lat' dir='ltr'>in</span> <span class='ocrx_word' id='word_1_77' title='bbox 335 845 552 904; x_wconf 87' lang='lat' dir='ltr'>quantum</span> <span class='ocrx_word' id='word_1_78' title='bbox 580 840 752 891; x_wconf 86' lang='lat' dir='ltr'>scilicet</span> <span class='ocrx_word' id='word_1_79' title='bbox 778 841 943 905; x_wconf 87' lang='lat' dir='ltr'>aliquis</span> <span class='ocrx_word' id='word_1_80' title='bbox 963 841 1105 892; x_wconf 88' lang='lat' dir='ltr'>credit</span> <span class='ocrx_word' id='word_1_81' title='bbox 1127 843 1175 892; x_wconf 90' lang='lat' dir='ltr'>in</span> <span class='ocrx_word' id='word_1_82' title='bbox 1203 843 1427 893; x_wconf 86' lang='lat' dir='ltr'>Christum</span> <span class='ocrx_word' id='word_1_83' title='bbox 1453 859 1551 895; x_wconf 76' lang='lat' dir='ltr'>cum</span> 
     </span>
     <span class='ocr_line' id='line_1_11' title="bbox 0 911 1555 967; baseline 0.003 -7"><span class='ocrx_word' id='word_1_84' title='bbox 0 911 174 963; x_wconf 79' lang='lat' dir='ltr'>siderio</span> <span class='ocrx_word' id='word_1_85' title='bbox 211 912 425 963; x_wconf 89' lang='lat' dir='ltr'>sumendi</span> <span class='ocrx_word' id='word_1_86' title='bbox 451 914 539 963; x_wconf 91' lang='lat' dir='ltr'>hoc</span> <span class='ocrx_word' id='word_1_87' title='bbox 572 917 901 963; x_wconf 88' lang='lat' dir='ltr'>sacramentum</span> <span class='ocrx_word' id='word_1_88' title='bbox 940 930 952 963; x_wconf 90' lang='lat'>:</span> <span class='ocrx_word' id='word_1_89' title='bbox 984 918 1030 963; x_wconf 88' lang='lat' dir='ltr'>et</span> <span class='ocrx_word' id='word_1_90' title='bbox 1057 916 1144 965; x_wconf 89' lang='lat' dir='ltr'>hoc</span> <span class='ocrx_word' id='word_1_91' title='bbox 1171 927 1264 965; x_wconf 88' lang='lat' dir='ltr'>non</span> <span class='ocrx_word' id='word_1_92' title='bbox 1312 915 1458 965; x_wconf 75' lang='lat' dir='ltr'>solum</span> <span class='ocrx_word' id='word_1_93' title='bbox 1487 923 1555 967; x_wconf 70' lang='lat' dir='ltr'>est</span> 
     </span>
     <span class='ocr_line' id='line_1_12' title="bbox 0 983 1555 1051; baseline 0.004 -21"><span class='ocrx_word' id='word_1_94' title='bbox 0 983 250 1035; x_wconf 83' lang='lat' dir='ltr'>iritualiter</span> <span class='ocrx_word' id='word_1_95' title='bbox 275 986 547 1036; x_wconf 85' lang='lat' dir='ltr'>manducare</span> <span class='ocrx_word' id='word_1_96' title='bbox 578 985 826 1049; x_wconf 85' lang='lat' dir='ltr'>Christum,</span> <span class='ocrx_word' id='word_1_97' title='bbox 849 988 927 1037; x_wconf 88' lang='lat' dir='ltr'>sed</span> <span class='ocrx_word' id='word_1_98' title='bbox 948 986 1088 1037; x_wconf 86' lang='lat' dir='ltr'>etiam</span> <span class='ocrx_word' id='word_1_99' title='bbox 1115 986 1409 1051; x_wconf 88' lang='lat' dir='ltr'>spiritualiter</span> <span class='ocrx_word' id='word_1_100' title='bbox 1429 1002 1555 1039; x_wconf 78' lang='lat' dir='ltr'>man-</span> 
     </span>
     <span class='ocr_line' id='line_1_13' title="bbox 1 1057 1555 1122; baseline 0.003 -19"><span class='ocrx_word' id='word_1_101' title='bbox 1 1068 113 1105; x_wconf 83' lang='lat' dir='ltr'>care</span> <span class='ocrx_word' id='word_1_102' title='bbox 155 1058 243 1107; x_wconf 85' lang='lat' dir='ltr'>hoc</span> <span class='ocrx_word' id='word_1_103' title='bbox 270 1062 630 1119; x_wconf 86' lang='lat' dir='ltr'>sacramentum,</span> <span class='ocrx_word' id='word_1_104' title='bbox 661 1058 781 1121; x_wconf 87' lang='lat' dir='ltr'>quod</span> <span class='ocrx_word' id='word_1_105' title='bbox 806 1071 895 1109; x_wconf 91' lang='lat' dir='ltr'>non</span> <span class='ocrx_word' id='word_1_106' title='bbox 919 1058 1136 1122; x_wconf 89' lang='lat' dir='ltr'>competit</span> <span class='ocrx_word' id='word_1_107' title='bbox 1160 1057 1353 1122; x_wconf 81' lang='lat' dir='ltr'>angelis,</span> <span class='ocrx_word' id='word_1_108' title='bbox 1377 1060 1434 1108; x_wconf 88' lang='lat' dir='ltr'>Et</span> <span class='ocrx_word' id='word_1_109' title='bbox 1453 1060 1555 1111; x_wconf 68' lang='lat' dir='ltr'>iden</span> 
     </span>
     <span class='ocr_line' id='line_1_14' title="bbox 0 1128 1555 1192; baseline 0.003 -18"><span class='ocrx_word' id='word_1_110' title='bbox 0 1130 47 1175; x_wconf 86' lang='lat' dir='ltr'>et</span> <span class='ocrx_word' id='word_1_111' title='bbox 78 1128 241 1191; x_wconf 84' lang='lat' dir='ltr'>angeli</span> <span class='ocrx_word' id='word_1_112' title='bbox 267 1128 567 1192; x_wconf 83' lang='lat' dir='ltr'>spiritualiter</span> <span class='ocrx_word' id='word_1_113' title='bbox 587 1131 861 1181; x_wconf 86' lang='lat' dir='ltr'>manducent</span> <span class='ocrx_word' id='word_1_114' title='bbox 883 1130 1136 1190; x_wconf 87' lang='lat' dir='ltr'>Christum,</span> <span class='ocrx_word' id='word_1_115' title='bbox 1154 1143 1247 1180; x_wconf 89' lang='lat' dir='ltr'>non</span> <span class='ocrx_word' id='word_1_116' title='bbox 1275 1133 1429 1181; x_wconf 82' lang='lat' dir='ltr'>tamen</span> <span class='ocrx_word' id='word_1_117' title='bbox 1450 1146 1555 1183; x_wconf 74' lang='lat' dir='ltr'>con-</span> 
     </span>
     <span class='ocr_line' id='line_1_15' title="bbox 1 1197 1289 1265; baseline 0.006 -20"><span class='ocrx_word' id='word_1_118' title='bbox 1 1197 75 1247; x_wconf 88' lang='lat' dir='ltr'>nit</span> <span class='ocrx_word' id='word_1_119' title='bbox 107 1200 178 1250; x_wconf 90' lang='lat' dir='ltr'>eis</span> <span class='ocrx_word' id='word_1_120' title='bbox 214 1200 511 1265; x_wconf 88' lang='lat' dir='ltr'>spiritualiter</span> <span class='ocrx_word' id='word_1_121' title='bbox 532 1202 804 1251; x_wconf 86' lang='lat' dir='ltr'>manducare</span> <span class='ocrx_word' id='word_1_122' title='bbox 828 1203 915 1253; x_wconf 87' lang='lat' dir='ltr'>hoc</span> <span class='ocrx_word' id='word_1_123' title='bbox 936 1207 1289 1253; x_wconf 87' lang='lat' dir='ltr'>sacramentum.</span> 
     </span>
    </p>

    <p class='ocr_par' dir='ltr' id='par_1_3' title="bbox 0 1270 1563 1843">
     <span class='ocr_line' id='line_1_16' title="bbox 4 1270 1559 1339; baseline 0.002 -19"><span class='ocrx_word' id='word_1_124' title='bbox 4 1270 76 1320; x_wconf 82' lang='lat' dir='ltr'>Ad</span> <span class='ocrx_word' id='word_1_125' title='bbox 107 1276 306 1337; x_wconf 87' lang='lat' dir='ltr'>primum</span> <span class='ocrx_word' id='word_1_126' title='bbox 335 1285 445 1335; x_wconf 84' lang='lat' dir='ltr'>ergo</span> <span class='ocrx_word' id='word_1_127' title='bbox 471 1272 737 1335; x_wconf 86' lang='lat' dir='ltr'>dicendum,</span> <span class='ocrx_word' id='word_1_128' title='bbox 767 1276 887 1337; x_wconf 88' lang='lat' dir='ltr'>quod</span> <span class='ocrx_word' id='word_1_129' title='bbox 930 1274 1134 1339; x_wconf 85' lang='lat' dir='ltr'>sumptio</span> <span class='ocrx_word' id='word_1_130' title='bbox 1161 1275 1331 1325; x_wconf 87' lang='lat' dir='ltr'>Christi</span> <span class='ocrx_word' id='word_1_131' title='bbox 1357 1276 1445 1327; x_wconf 87' lang='lat' dir='ltr'>sub</span> <span class='ocrx_word' id='word_1_132' title='bbox 1471 1279 1559 1327; x_wconf 57' lang='lat' dir='ltr'>lium</span> 
     </span>
     <span class='ocr_line' id='line_1_17' title="bbox 0 1343 1555 1411; baseline -0.003 -11"><span class='ocrx_word' id='word_1_133' title='bbox 0 1350 240 1400; x_wconf 80' lang='lat' dir='ltr'>eramento</span> <span class='ocrx_word' id='word_1_134' title='bbox 272 1344 503 1395; x_wconf 84' lang='lat' dir='ltr'>ordinatur</span> <span class='ocrx_word' id='word_1_135' title='bbox 528 1345 585 1394; x_wconf 87' lang='lat' dir='ltr'>ad</span> <span class='ocrx_word' id='word_1_136' title='bbox 610 1343 868 1395; x_wconf 75' lang='lat' dir='ltr'>fruitionem</span> <span class='ocrx_word' id='word_1_137' title='bbox 892 1346 1052 1409; x_wconf 84' lang='lat' dir='ltr'>patriae</span> <span class='ocrx_word' id='word_1_138' title='bbox 1079 1346 1197 1397; x_wconf 90' lang='lat' dir='ltr'>sicut</span> <span class='ocrx_word' id='word_1_139' title='bbox 1225 1347 1282 1396; x_wconf 87' lang='lat' dir='ltr'>ad</span> <span class='ocrx_word' id='word_1_140' title='bbox 1311 1347 1475 1411; x_wconf 56' lang='lat' dir='ltr'>tinemss</span> <span class='ocrx_word' id='word_1_141' title='bbox 1503 1363 1555 1399; x_wconf 71' lang='lat' dir='ltr'>en</span> 
     </span>
     <span class='ocr_line' id='line_1_18' title="bbox 0 1415 1555 1485; baseline -0.003 -13"><span class='ocrx_word' id='word_1_142' title='bbox 0 1423 85 1472; x_wconf 79' lang='lat' dir='ltr'>odo</span> <span class='ocrx_word' id='word_1_143' title='bbox 122 1432 217 1485; x_wconf 87' lang='lat' dir='ltr'>quo</span> <span class='ocrx_word' id='word_1_144' title='bbox 246 1416 396 1479; x_wconf 83' lang='lat' dir='ltr'>angeli</span> <span class='ocrx_word' id='word_1_145' title='bbox 422 1429 477 1467; x_wconf 90' lang='lat' dir='ltr'>eo</span> <span class='ocrx_word' id='word_1_146' title='bbox 502 1415 729 1466; x_wconf 87' lang='lat' dir='ltr'>fruuntur.</span> <span class='ocrx_word' id='word_1_147' title='bbox 762 1418 820 1467; x_wconf 84' lang='lat' dir='ltr'>Et</span> <span class='ocrx_word' id='word_1_148' title='bbox 842 1418 948 1480; x_wconf 85' lang='lat' dir='ltr'>quia</span> <span class='ocrx_word' id='word_1_149' title='bbox 971 1431 1026 1468; x_wconf 86' lang='lat' dir='ltr'>ea</span> <span class='ocrx_word' id='word_1_150' title='bbox 1045 1432 1146 1481; x_wconf 85' lang='lat' dir='ltr'>quae</span> <span class='ocrx_word' id='word_1_151' title='bbox 1181 1421 1289 1468; x_wconf 88' lang='lat' dir='ltr'>sunt</span> <span class='ocrx_word' id='word_1_152' title='bbox 1315 1419 1372 1467; x_wconf 92' lang='lat' dir='ltr'>ad</span> <span class='ocrx_word' id='word_1_153' title='bbox 1397 1420 1555 1479; x_wconf 71' lang='lat' dir='ltr'>tinem,</span> 
     </span>
     <span class='ocr_line' id='line_1_19' title="bbox 0 1487 1555 1553; baseline -0.001 -13"><span class='ocrx_word' id='word_1_154' title='bbox 0 1493 223 1543; x_wconf 74' lang='lat' dir='ltr'>rivantur</span> <span class='ocrx_word' id='word_1_155' title='bbox 244 1489 271 1539; x_wconf 76' lang='lat' dir='ltr'>a</span> <span class='ocrx_word' id='word_1_156' title='bbox 299 1488 421 1549; x_wconf 86' lang='lat' dir='ltr'>fine,</span> <span class='ocrx_word' id='word_1_157' title='bbox 451 1487 555 1536; x_wconf 89' lang='lat' dir='ltr'>inde</span> <span class='ocrx_word' id='word_1_158' title='bbox 582 1490 655 1537; x_wconf 90' lang='lat' dir='ltr'>est</span> <span class='ocrx_word' id='word_1_159' title='bbox 686 1489 804 1551; x_wconf 90' lang='lat' dir='ltr'>quod</span> <span class='ocrx_word' id='word_1_160' title='bbox 826 1488 915 1539; x_wconf 85' lang='lat' dir='ltr'>ista</span> <span class='ocrx_word' id='word_1_161' title='bbox 947 1490 1240 1540; x_wconf 86' lang='lat' dir='ltr'>manducatio</span> <span class='ocrx_word' id='word_1_162' title='bbox 1271 1490 1441 1541; x_wconf 86' lang='lat' dir='ltr'>Christi</span> <span class='ocrx_word' id='word_1_163' title='bbox 1471 1491 1555 1553; x_wconf 61' lang='lat' dir='ltr'>quai</span> 
     </span>
     <span class='ocr_line' id='line_1_20' title="bbox 0 1560 1555 1624; baseline -0.003 -9"><span class='ocrx_word' id='word_1_164' title='bbox 0 1579 54 1614; x_wconf 70' lang='lat' dir='ltr'>tm</span> <span class='ocrx_word' id='word_1_165' title='bbox 84 1562 313 1615; x_wconf 87' lang='lat' dir='ltr'>sumimus</span> <span class='ocrx_word' id='word_1_166' title='bbox 335 1560 420 1609; x_wconf 89' lang='lat' dir='ltr'>sub</span> <span class='ocrx_word' id='word_1_167' title='bbox 447 1564 752 1623; x_wconf 78' lang='lat' dir='ltr'>sacramentO,</span> <span class='ocrx_word' id='word_1_168' title='bbox 776 1562 1106 1624; x_wconf 86' lang='lat' dir='ltr'>quodammodo</span> <span class='ocrx_word' id='word_1_169' title='bbox 1134 1563 1367 1612; x_wconf 84' lang='lat' dir='ltr'>derivatur</span> <span class='ocrx_word' id='word_1_170' title='bbox 1389 1563 1446 1612; x_wconf 91' lang='lat' dir='ltr'>ab</span> <span class='ocrx_word' id='word_1_171' title='bbox 1479 1563 1555 1611; x_wconf 75' lang='lat' dir='ltr'>illa</span> 
     </span>
     <span class='ocr_line' id='line_1_21' title="bbox 0 1630 1559 1697; baseline -0.003 -12"><span class='ocrx_word' id='word_1_172' title='bbox 0 1632 311 1688; x_wconf 85' lang='lat' dir='ltr'>anducatione</span> <span class='ocrx_word' id='word_1_173' title='bbox 330 1672 343 1694; x_wconf 95' lang='lat'>,</span> <span class='ocrx_word' id='word_1_174' title='bbox 378 1630 469 1695; x_wconf 71' lang='lat' dir='ltr'>qua</span> <span class='ocrx_word' id='word_1_175' title='bbox 496 1631 644 1695; x_wconf 80' lang='lat' dir='ltr'>angeli</span> <span class='ocrx_word' id='word_1_176' title='bbox 672 1632 882 1681; x_wconf 81' lang='lat' dir='ltr'>fruuntur</span> <span class='ocrx_word' id='word_1_177' title='bbox 903 1632 1086 1683; x_wconf 89' lang='lat' dir='ltr'>Christo</span> <span class='ocrx_word' id='word_1_178' title='bbox 1114 1633 1163 1682; x_wconf 87' lang='lat' dir='ltr'>in</span> <span class='ocrx_word' id='word_1_179' title='bbox 1191 1632 1354 1697; x_wconf 87' lang='lat' dir='ltr'>patria.</span> <span class='ocrx_word' id='word_1_180' title='bbox 1378 1634 1437 1683; x_wconf 91' lang='lat' dir='ltr'>Et</span> <span class='ocrx_word' id='word_1_181' title='bbox 1458 1635 1559 1683; x_wconf 72' lang='lat' dir='ltr'>idco</span> 
     </span>
     <span class='ocr_line' id='line_1_22' title="bbox 0 1704 1563 1767; baseline -0.004 -9"><span class='ocrx_word' id='word_1_182' title='bbox 0 1709 119 1758; x_wconf 86' lang='lat' dir='ltr'>citur</span> <span class='ocrx_word' id='word_1_183' title='bbox 160 1709 303 1757; x_wconf 89' lang='lat' dir='ltr'>homo</span> <span class='ocrx_word' id='word_1_184' title='bbox 338 1705 609 1753; x_wconf 83' lang='lat' dir='ltr'>manducare</span> <span class='ocrx_word' id='word_1_185' title='bbox 650 1716 814 1767; x_wconf 89' lang='lat' dir='ltr'>panem</span> <span class='ocrx_word' id='word_1_186' title='bbox 849 1705 1141 1767; x_wconf 85' lang='lat' dir='ltr'>angelorum,</span> <span class='ocrx_word' id='word_1_187' title='bbox 1181 1705 1288 1767; x_wconf 88' lang='lat' dir='ltr'>quia</span> <span class='ocrx_word' id='word_1_188' title='bbox 1326 1704 1475 1767; x_wconf 72' lang='lat' dir='ltr'>primo</span> <span class='ocrx_word' id='word_1_189' title='bbox 1515 1715 1563 1751; x_wconf 65' lang='lat'>⁴2¹1,</span> 
     </span>
     <span class='ocr_line' id='line_1_23' title="bbox 0 1775 1559 1843; baseline -0.004 -15"><span class='ocrx_word' id='word_1_190' title='bbox 0 1778 268 1843; x_wconf 75' lang='lat' dir='ltr'>incipaliter</span> <span class='ocrx_word' id='word_1_191' title='bbox 292 1779 365 1827; x_wconf 87' lang='lat' dir='ltr'>est</span> <span class='ocrx_word' id='word_1_192' title='bbox 405 1776 696 1837; x_wconf 86' lang='lat' dir='ltr'>angelorum,</span> <span class='ocrx_word' id='word_1_193' title='bbox 729 1775 809 1839; x_wconf 85' lang='lat' dir='ltr'>qui</span> <span class='ocrx_word' id='word_1_194' title='bbox 840 1788 895 1825; x_wconf 90' lang='lat' dir='ltr'>eo</span> <span class='ocrx_word' id='word_1_195' title='bbox 931 1776 1145 1825; x_wconf 76' lang='lat' dir='ltr'>fruuntur</span> <span class='ocrx_word' id='word_1_196' title='bbox 1177 1776 1225 1825; x_wconf 91' lang='lat' dir='ltr'>in</span> <span class='ocrx_word' id='word_1_197' title='bbox 1264 1775 1416 1839; x_wconf 88' lang='lat' dir='ltr'>specie</span> <span class='ocrx_word' id='word_1_198' title='bbox 1457 1791 1559 1839; x_wconf 61' lang='lat' dir='ltr'>pu]-</span> 
     </span>
    </p>

    <p class='ocr_par' dir='ltr' id='par_1_4' title="bbox 0 1845 1563 1985">
     <span class='ocr_line' id='line_1_24' title="bbox 0 1845 1563 1915; baseline -0.003 -15.979"><span class='ocrx_word' id='word_1_199' title='bbox 0 1850 82 1915; x_wconf 83' lang='lat' dir='ltr'>·ia-,</span> <span class='ocrx_word' id='word_1_200' title='bbox 105 1846 377 1901; x_wconf 79' lang='lat' dir='ltr'>secundario</span> <span class='ocrx_word' id='word_1_201' title='bbox 400 1849 555 1896; x_wconf 85' lang='lat' dir='ltr'>autem</span> <span class='ocrx_word' id='word_1_202' title='bbox 582 1850 652 1897; x_wconf 88' lang='lat' dir='ltr'>est</span> <span class='ocrx_word' id='word_1_203' title='bbox 671 1846 928 1910; x_wconf 87' lang='lat' dir='ltr'>hominum,</span> <span class='ocrx_word' id='word_1_204' title='bbox 950 1846 1029 1909; x_wconf 89' lang='lat' dir='ltr'>qui</span> <span class='ocrx_word' id='word_1_205' title='bbox 1056 1845 1283 1896; x_wconf 85' lang='lat' dir='ltr'>Christum</span> <span class='ocrx_word' id='word_1_206' title='bbox 1311 1846 1394 1896; x_wconf 89' lang='lat' dir='ltr'>sub</span> <span class='ocrx_word' id='word_1_207' title='bbox 1417 1860 1563 1899; x_wconf 65' lang='lat' dir='ltr'>sacra-</span> 
     </span>
     <span class='ocr_line' id='line_1_25' title="bbox 3 1920 395 1985; baseline -0.008 -14"><span class='ocrx_word' id='word_1_208' title='bbox 3 1927 115 1974; x_wconf 86' lang='lat' dir='ltr'>ento</span> <span class='ocrx_word' id='word_1_209' title='bbox 143 1920 395 1985; x_wconf 87' lang='lat' dir='ltr'>accipiunt.</span> 
     </span>
    </p>

    <p class='ocr_par' dir='ltr' id='par_1_5' title="bbox 0 1990 1567 2473">
     <span class='ocr_line' id='line_1_26' title="bbox 19 1990 1563 2057; baseline -0.001 -12"><span class='ocrx_word' id='word_1_210' title='bbox 19 1997 91 2045; x_wconf 79' lang='lat' dir='ltr'>Ad</span> <span class='ocrx_word' id='word_1_211' title='bbox 120 1995 370 2047; x_wconf 86' lang='lat' dir='ltr'>secundum</span> <span class='ocrx_word' id='word_1_212' title='bbox 394 1992 651 2053; x_wconf 87' lang='lat' dir='ltr'>dicendum,</span> <span class='ocrx_word' id='word_1_213' title='bbox 682 1990 801 2055; x_wconf 78' lang='lat' dir='ltr'>quod</span> <span class='ocrx_word' id='word_1_214' title='bbox 824 1991 881 2042; x_wconf 88' lang='lat' dir='ltr'>ad</span> <span class='ocrx_word' id='word_1_215' title='bbox 904 1992 1170 2043; x_wconf 87' lang='lat' dir='ltr'>societatem</span> <span class='ocrx_word' id='word_1_216' title='bbox 1199 1991 1402 2057; x_wconf 89' lang='lat' dir='ltr'>corporis</span> <span class='ocrx_word' id='word_1_217' title='bbox 1441 2006 1563 2055; x_wconf 53' lang='lat' dir='ltr'>mifi-</span> 
     </span>
     <span class='ocr_line' id='line_1_27' title="bbox 0 2063 1563 2131; baseline -0.003 -16"><span class='ocrx_word' id='word_1_218' title='bbox 0 2068 39 2116; x_wconf 88' lang='lat' dir='ltr'>ci</span> <span class='ocrx_word' id='word_1_219' title='bbox 62 2066 300 2131; x_wconf 86' lang='lat' dir='ltr'>pertinent</span> <span class='ocrx_word' id='word_1_220' title='bbox 327 2064 512 2126; x_wconf 89' lang='lat' dir='ltr'>quidem</span> <span class='ocrx_word' id='word_1_221' title='bbox 545 2068 593 2113; x_wconf 87' lang='lat' dir='ltr'>et</span> <span class='ocrx_word' id='word_1_222' title='bbox 617 2063 827 2114; x_wconf 85' lang='lat' dir='ltr'>homines</span> <span class='ocrx_word' id='word_1_223' title='bbox 852 2067 900 2113; x_wconf 91' lang='lat' dir='ltr'>et</span> <span class='ocrx_word' id='word_1_224' title='bbox 926 2064 1105 2127; x_wconf 84' lang='lat' dir='ltr'>angeli3</span> <span class='ocrx_word' id='word_1_225' title='bbox 1133 2064 1213 2116; x_wconf 89' lang='lat' dir='ltr'>sed</span> <span class='ocrx_word' id='word_1_226' title='bbox 1245 2064 1461 2115; x_wconf 89' lang='lat' dir='ltr'>homines</span> <span class='ocrx_word' id='word_1_227' title='bbox 1483 2079 1563 2127; x_wconf 64' lang='lat' dir='ltr'>per</span> 
     </span>
     <span class='ocr_line' id='line_1_28' title="bbox 0 2136 1560 2200; baseline -0.003 -12"><span class='ocrx_word' id='word_1_228' title='bbox 0 2140 128 2200; x_wconf 77' lang='lat' dir='ltr'>iem,</span> <span class='ocrx_word' id='word_1_229' title='bbox 161 2136 311 2199; x_wconf 86' lang='lat' dir='ltr'>angeli</span> <span class='ocrx_word' id='word_1_230' title='bbox 352 2140 505 2185; x_wconf 88' lang='lat' dir='ltr'>autem</span> <span class='ocrx_word' id='word_1_231' title='bbox 545 2145 628 2199; x_wconf 84' lang='lat' dir='ltr'>per</span> <span class='ocrx_word' id='word_1_232' title='bbox 666 2136 951 2185; x_wconf 77' lang='lat' dir='ltr'>manifestam</span> <span class='ocrx_word' id='word_1_233' title='bbox 991 2136 1231 2187; x_wconf 86' lang='lat' dir='ltr'>visionem.</span> <span class='ocrx_word' id='word_1_234' title='bbox 1276 2137 1560 2187; x_wconf 71' lang='lat' dir='ltr'>Sacramenta</span> 
     </span>
     <span class='ocr_line' id='line_1_29' title="bbox 0 2206 1567 2274; baseline -0.002 -16"><span class='ocrx_word' id='word_1_235' title='bbox 0 2222 114 2261; x_wconf 78' lang='lat' dir='ltr'>item</span> <span class='ocrx_word' id='word_1_236' title='bbox 143 2208 543 2274; x_wconf 85' lang='lat' dir='ltr'>proportionantur</span> <span class='ocrx_word' id='word_1_237' title='bbox 564 2206 669 2257; x_wconf 81' lang='lat' dir='ltr'>fidei</span> <span class='ocrx_word' id='word_1_238' title='bbox 688 2246 699 2266; x_wconf 89' lang='lat'>,</span> <span class='ocrx_word' id='word_1_239' title='bbox 719 2220 802 2271; x_wconf 87' lang='lat' dir='ltr'>per</span> <span class='ocrx_word' id='word_1_240' title='bbox 825 2221 961 2271; x_wconf 90' lang='lat' dir='ltr'>quam</span> <span class='ocrx_word' id='word_1_241' title='bbox 988 2207 1156 2258; x_wconf 87' lang='lat' dir='ltr'>veritas</span> <span class='ocrx_word' id='word_1_242' title='bbox 1183 2208 1363 2259; x_wconf 82' lang='lat' dir='ltr'>videtur</span> <span class='ocrx_word' id='word_1_243' title='bbox 1389 2210 1438 2257; x_wconf 87' lang='lat' dir='ltr'>in</span> <span class='ocrx_word' id='word_1_244' title='bbox 1462 2223 1567 2271; x_wconf 65' lang='lat' dir='ltr'>spu-</span> 
     </span>
     <span class='ocr_line' id='line_1_30' title="bbox 0 2278 1563 2343; baseline -0.003 -13"><span class='ocrx_word' id='word_1_245' title='bbox 0 2281 62 2333; x_wconf 75' lang='lat' dir='ltr'>ilo</span> <span class='ocrx_word' id='word_1_246' title='bbox 93 2284 141 2332; x_wconf 90' lang='lat' dir='ltr'>et</span> <span class='ocrx_word' id='word_1_247' title='bbox 165 2281 214 2330; x_wconf 88' lang='lat' dir='ltr'>in</span> <span class='ocrx_word' id='word_1_248' title='bbox 236 2279 478 2342; x_wconf 84' lang='lat' dir='ltr'>aenigmate</span> <span class='ocrx_word' id='word_1_249' title='bbox 503 2294 515 2327; x_wconf 71' lang='grc' dir='ltr'>ε</span> <span class='ocrx_word' id='word_1_250' title='bbox 542 2283 589 2329; x_wconf 86' lang='lat' dir='ltr'>et</span> <span class='ocrx_word' id='word_1_251' title='bbox 606 2278 710 2330; x_wconf 87' lang='lat' dir='ltr'>ideo</span> <span class='ocrx_word' id='word_1_252' title='bbox 726 2317 739 2341; x_wconf 90' lang='lat'>‚</span> <span class='ocrx_word' id='word_1_253' title='bbox 763 2278 945 2343; x_wconf 75' lang='lat' dir='ltr'>proprie</span> <span class='ocrx_word' id='word_1_254' title='bbox 971 2279 1222 2343; x_wconf 87' lang='lat' dir='ltr'>loquendo,</span> <span class='ocrx_word' id='word_1_255' title='bbox 1245 2293 1336 2330; x_wconf 87' lang='lat' dir='ltr'>non</span> <span class='ocrx_word' id='word_1_256' title='bbox 1371 2279 1563 2343; x_wconf 33' lang='lat' dir='ltr'>angelis!</span> 
     </span>
     <span class='ocr_line' id='line_1_31' title="bbox 0 2350 1567 2416; baseline -0.003 -15"><span class='ocrx_word' id='word_1_257' title='bbox 0 2354 40 2402; x_wconf 71' lang='lat' dir='ltr'>zd</span> <span class='ocrx_word' id='word_1_258' title='bbox 77 2352 344 2403; x_wconf 86' lang='lat' dir='ltr'>hominibus</span> <span class='ocrx_word' id='word_1_259' title='bbox 378 2350 594 2401; x_wconf 85' lang='lat' dir='ltr'>convenit</span> <span class='ocrx_word' id='word_1_260' title='bbox 636 2350 905 2401; x_wconf 88' lang='lat' dir='ltr'>manducare</span> <span class='ocrx_word' id='word_1_261' title='bbox 958 2351 1255 2416; x_wconf 84' lang='lat' dir='ltr'>spiritualiter</span> <span class='ocrx_word' id='word_1_262' title='bbox 1291 2354 1379 2402; x_wconf 92' lang='lat' dir='ltr'>hoc</span> <span class='ocrx_word' id='word_1_263' title='bbox 1419 2364 1567 2400; x_wconf 70' lang='lat' dir='ltr'>saera-</span> 
     </span>
     <span class='ocr_line' id='line_1_32' title="bbox 0 2426 191 2473; baseline 0.01 -2"><span class='ocrx_word' id='word_1_264' title='bbox 0 2426 191 2473; x_wconf 75' lang='lat' dir='ltr'>lentum.</span> 
     </span>
    </p>

    <p class='ocr_par' dir='ltr' id='par_1_6' title="bbox 0 2491 1571 2761">
     <span class='ocr_line' id='line_1_33' title="bbox 30 2491 1571 2557; baseline -0.003 -13"><span class='ocrx_word' id='word_1_265' title='bbox 30 2496 95 2544; x_wconf 81' lang='lat' dir='ltr'>Ad</span> <span class='ocrx_word' id='word_1_266' title='bbox 135 2495 321 2546; x_wconf 87' lang='lat' dir='ltr'>tertium</span> <span class='ocrx_word' id='word_1_267' title='bbox 354 2493 598 2545; x_wconf 89' lang='lat' dir='ltr'>dicendum</span> <span class='ocrx_word' id='word_1_268' title='bbox 617 2532 631 2556; x_wconf 90' lang='lat'>,</span> <span class='ocrx_word' id='word_1_269' title='bbox 658 2494 778 2557; x_wconf 77' lang='lat' dir='ltr'>quod</span> <span class='ocrx_word' id='word_1_270' title='bbox 818 2493 1025 2545; x_wconf 86' lang='lat' dir='ltr'>Christus</span> <span class='ocrx_word' id='word_1_271' title='bbox 1060 2507 1195 2544; x_wconf 85' lang='lat' dir='ltr'>mane</span> <span class='ocrx_word' id='word_1_272' title='bbox 1222 2493 1271 2543; x_wconf 90' lang='lat' dir='ltr'>in</span> <span class='ocrx_word' id='word_1_273' title='bbox 1312 2491 1571 2542; x_wconf 55' lang='lat' dir='ltr'>hominihus</span> 
     </span>
     <span class='ocr_line' id='line_1_34' title="bbox 0 2563 1571 2631; baseline -0.004 -17"><span class='ocrx_word' id='word_1_274' title='bbox 0 2566 215 2617; x_wconf 80' lang='lat' dir='ltr'>ecundiim</span> <span class='ocrx_word' id='word_1_275' title='bbox 249 2568 522 2631; x_wconf 82' lang='lat' dir='ltr'>praesentem</span> <span class='ocrx_word' id='word_1_276' title='bbox 551 2569 717 2615; x_wconf 87' lang='lat' dir='ltr'>statum</span> <span class='ocrx_word' id='word_1_277' title='bbox 759 2579 841 2630; x_wconf 91' lang='lat' dir='ltr'>per</span> <span class='ocrx_word' id='word_1_278' title='bbox 869 2566 1022 2627; x_wconf 86' lang='lat' dir='ltr'>fidem,</span> <span class='ocrx_word' id='word_1_279' title='bbox 1048 2566 1127 2617; x_wconf 84' lang='lat' dir='ltr'>sed</span> <span class='ocrx_word' id='word_1_280' title='bbox 1149 2565 1198 2615; x_wconf 84' lang='lat' dir='ltr'>in</span> <span class='ocrx_word' id='word_1_281' title='bbox 1224 2564 1398 2627; x_wconf 86' lang='lat' dir='ltr'>angelis</span> <span class='ocrx_word' id='word_1_282' title='bbox 1426 2563 1571 2613; x_wconf 51' lang='lat' dir='ltr'>beatis</span> 
     </span>
     <span class='ocr_line' id='line_1_35' title="bbox 0 2634 1571 2702; baseline -0.002 -17"><span class='ocrx_word' id='word_1_283' title='bbox 0 2641 38 2686; x_wconf 85' lang='lat' dir='ltr'>st</span> <span class='ocrx_word' id='word_1_284' title='bbox 74 2651 157 2702; x_wconf 90' lang='lat' dir='ltr'>per</span> <span class='ocrx_word' id='word_1_285' title='bbox 182 2637 472 2687; x_wconf 78' lang='lat' dir='ltr'>manifestam</span> <span class='ocrx_word' id='word_1_286' title='bbox 514 2636 772 2701; x_wconf 80' lang='lat' dir='ltr'>visionem3</span> <span class='ocrx_word' id='word_1_287' title='bbox 799 2642 844 2687; x_wconf 88' lang='lat' dir='ltr'>et</span> <span class='ocrx_word' id='word_1_288' title='bbox 875 2636 979 2687; x_wconf 87' lang='lat' dir='ltr'>ideo</span> <span class='ocrx_word' id='word_1_289' title='bbox 1007 2650 1100 2687; x_wconf 90' lang='lat' dir='ltr'>non</span> <span class='ocrx_word' id='word_1_290' title='bbox 1128 2640 1198 2688; x_wconf 85' lang='lat' dir='ltr'>est</span> <span class='ocrx_word' id='word_1_291' title='bbox 1240 2634 1386 2687; x_wconf 86' lang='lat' dir='ltr'>simile</span> <span class='ocrx_word' id='word_1_292' title='bbox 1404 2671 1417 2694; x_wconf 92' lang='lat'>‚</span> <span class='ocrx_word' id='word_1_293' title='bbox 1453 2635 1571 2683; x_wconf 76' lang='lat' dir='ltr'>sicul</span> 
     </span>
     <span class='ocr_line' id='line_1_36' title="bbox 0 2710 255 2761; baseline 0.008 -3"><span class='ocrx_word' id='word_1_294' title='bbox 0 2710 141 2760; x_wconf 80' lang='lat' dir='ltr'>lictum</span> <span class='ocrx_word' id='word_1_295' title='bbox 169 2715 255 2761; x_wconf 87' lang='lat' dir='ltr'>est.</span> 
     </span>
    </p>
   </div>
   <div class='ocr_carea' id='block_1_3' title="bbox 1779 2861 1803 2999">
    <p class='ocr_par' dir='ltr' id='par_1_7' title="bbox 1779 2861 1803 2999">
     <span class='ocr_line' id='line_1_37' title="bbox 1779 2861 1803 2999; textangle 90"><span class='ocrx_word' id='word_1_296' title='bbox 1779 2920 1803 2999; x_wconf 33' lang='grc' dir='ltr'>μμ.</span> <span class='ocrx_word' id='word_1_297' title='bbox 1793 2861 1795 2867; x_wconf 85' lang='grc'>.</span> 
     </span>
    </p>
   </div>
  </div>
 </body>
</html>
