1942 3284
127 174 174 222 ton
315 182 376 220 raes
391 183 431 232 un,
448 182 540 230 puaesr.
557 183 625 229 unx,
643 181 697 226 uer.
715 183 742 218 u.

128 261 239 312 meritum
253 257 363 323 passionis
376 256 475 318 Christi,
485 269 532 307 nou
543 270 609 308 secus
622 269 650 307 ae
663 256 683 306 si
694 256 744 321 ipse
757 262 869 310 mortuus
878 266 934 312 esset

127 335 151 382 et
165 332 450 395 passus,oonseqnouscst
463 341 503 392 per
515 328 623 394 baptismi
633 333 801 380 sacromentum
815 332 934 384 homiuem
957 386 958 399 χ

129 403 156 454 ab
171 404 234 454 omni
254 405 318 452 reatu
331 414 405 466 poeue
418 400 536 463 biberari.)

162 470 297 540 Respondeo
309 472 439 533 dicendum,
450 471 512 536 qubd
525 472 586 522 sicut
598 472 764 538 supradictum
778 477 817 524 est
832 476 888 541 (qu.
899 482 934 536 68,

131 550 173 598 art.
188 549 220 611 5),
234 559 276 612 per
283 544 421 609 baptismum
434 544 517 608 aliquis
533 544 688 608 incorporatur
701 545 807 608 passioni
829 550 858 597 et
873 549 935 599 morti
958 594 959 601 ,

132 619 228 682 Christi,
243 617 368 672 secuudhm
385 616 440 668 ibud
454 619 535 673 Rom..
546 617 596 670 Vl:
614 634 628 665 u
642 615 667 666 Si
682 617 766 668 mortui
786 632 875 671 sumus
887 634 932 671 cnm
958 616 959 677 ζ

133 689 235 752 Christo,
253 689 366 742 credimus
386 689 440 754 ouria
458 689 525 741 simul
539 689 607 738 etiam
621 688 725 742 vivemus
740 702 793 742 cum
810 703 854 742 eo.
877 709 892 740 s
905 693 933 742 ιι

133 777 178 830 quo
195 767 258 830 patet
275 762 336 827 qubd
353 761 415 813 omui
427 761 543 825 baptizato
557 759 739 813 communicatur
757 762 839 825 passio
854 763 935 814 Christi

133 837 160 891 ad
172 835 311 895 remedium,
322 847 348 884 ac
358 834 378 886 si
386 833 435 898 ipse
448 846 529 897 passus
542 836 565 883 et
576 836 748 884 moruusesset.
763 833 850 885 Passio
861 841 934 889 autem

133 908 232 968 Christi,
247 908 307 958 sicut
316 905 400 956 dicium
411 909 447 956 est
460 905 510 970 (qu.
525 909 565 967 68,
582 908 626 954 art.
639 902 671 967 t),
686 909 725 954 est
737 903 862 961 sufficiens
873 907 935 958 satis

133 979 203 1030 tactio
216 992 257 1042 pro
271 977 376 1029 omuibus
389 977 490 1040 peccatis
505 975 606 1026 omnium
625 974 753 1027 homiuum.
776 976 808 1026 Et
827 978 884 1030 ideo
901 979 935 1028 itte

134 1051 174 1118 qui
187 1051 328 1116 baptisatur,
346 1049 453 1100 liberatur
466 1047 555 1098 hreatu
570 1047 641 1103 totius
653 1060 728 1111 poehm
742 1047 786 1099 sibi
801 1049 934 1114 uehitaepro

135 1121 245 1186 peccatis,
257 1135 283 1172 ac
296 1120 316 1172 si
332 1120 381 1185 ipse
393 1119 533 1172 sufficienter
544 1119 695 1173 satisfecisset
706 1133 748 1184 pro
762 1121 876 1172 omuibus
888 1135 936 1186 pec·
959 1125 961 1130 ’

135 1195 192 1245 catis
204 1193 260 1244 suis.
729 1225 732 1230 ·
959 1218 960 1235 2

167 1267 200 1318 ιι
219 1265 317 1330 primum
338 1277 391 1327 ergo
415 1263 552 1325 dicendum,
576 1262 711 1328 quidquia
730 1277 800 1328 poena
825 1266 935 1330 passionis
959 1278 960 1283 ¹

135 1335 219 1390 Christi
243 1334 422 1393 communicatur
439 1334 566 1398 baptisato,
585 1335 611 1385 in
632 1338 741 1398 quantum
764 1336 790 1386 tit
810 1339 933 1388 ruembruu

136 1407 230 1469 Christi,
238 1421 265 1460 ac
276 1408 295 1458 si
304 1407 354 1472 ipse
363 1419 453 1472 poenam
463 1406 526 1457 iiiam
540 1406 700 1469 sustinuisset,
713 1404 765 1459 ideo
779 1406 835 1471 ejus
847 1413 932 1472 peccata

137 1484 253 1530 remanent
267 1479 369 1530 ordinata
382 1491 422 1542 per
436 1491 527 1542 poenam
541 1478 656 1543 passionis
668 1479 760 1530 Christi.

169 1553 202 1602 td
215 1553 339 1603 secuudum
353 1550 486 1611 dicendum,
502 1550 563 1616 qubd
576 1564 636 1614 aqua
652 1564 699 1601 nou
713 1549 787 1602 solhm
802 1552 892 1617 abluit,
901 1551 934 1602 set

138 1623 206 1679 etiam
222 1622 347 1688 refrigerat.
363 1621 391 1682 Et
403 1619 434 1672 itu
448 1635 490 1672 suo
506 1621 623 1686 refrigerio
636 1621 747 1685 siguificat
760 1623 935 1676 subtractionem
960 1654 962 1665 ·

139 1695 215 1751 neatis
234 1709 323 1760 poena,
337 1695 396 1746 sicut
410 1691 451 1744 sui
472 1693 587 1746 ablutione
598 1693 712 1759 siguificat
727 1695 935 1748 emundatiouemi

138 1767 214 1832 cuppa.

171 1841 204 1892 ιι
221 1839 312 1891 tertium
331 1837 467 1902 dicendum,
484 1836 545 1902 quod
559 1838 584 1888 iu
594 1839 669 1904 punis
681 1853 732 1903 qua
742 1839 830 1905 judicio
841 1843 934 1894 buum

139 1912 280 1974 ipieruutor,
295 1922 342 1965 nou
360 1909 433 1962 solhm
448 1911 570 1963 attenditur
586 1911 632 1976 qut
648 1911 715 1975 prena
726 1912 759 1962 sit
770 1913 842 1963 homo
859 1915 936 1977 diguus

138 1983 213 2047 quoad
225 1984 314 2046 Deum,
326 1982 366 2034 sed
379 1983 448 2034 etiam
462 1983 488 2032 in
501 1997 546 2047 quo
561 1984 593 2034 sit
606 1985 718 2048 obligatus
738 1985 814 2048 quoad
825 1985 935 2044 homiues,

139 2054 240 2118 philosi
253 2059 276 2104 et
292 2053 440 2114 scandalizati
455 2060 509 2108 suut
528 2069 569 2120 per
581 2061 700 2120 peceatum
719 2056 823 2121 alicujus.
836 2056 934 2112 titides,

140 2121 195 2179 ticet
205 2123 319 2178 homicida
339 2138 381 2190 por
398 2126 537 2192 baptismum
552 2126 686 2179 liberaturi
702 2131 765 2179 reatu
780 2141 856 2190 pecua
868 2123 936 2191 qusai

141 2195 220 2257 heum,
235 2199 337 2246 remanet
352 2202 427 2254 tamen
441 2198 556 2261 obligatus
568 2199 643 2250 adhuc
656 2199 729 2262 quoad
745 2197 867 2261 homiues,
884 2209 937 2260 quoe

139 2268 225 2330 justum
238 2271 274 2318 cst
284 2268 392 2329 edificari
401 2269 429 2324 de
437 2282 522 2333 pecua,
535 2269 595 2321 siem
605 2273 658 2322 suut
666 2269 813 2324 scandalizati
822 2269 852 2322 ute
864 2269 936 2333 culpa.

142 2337 182 2388 Ριι
203 2342 279 2388 tamen
298 2339 381 2390 tatibus
394 2339 503 2406 prinecps
520 2343 598 2406 posset
611 2353 703 2405 pmunm
717 2340 847 2406 indulgere.

957 70 959 107 i
