1942 3284
129 167 177 215 ‘tid
281 172 483 222 smunsnrrrun,
502 172 596 219 ouasr.
613 172 668 220 xix,
684 170 742 209 aar.
759 172 776 209 n.

128 255 231 318 potestas
247 250 309 312 regia
322 263 368 301 non
382 248 465 299 fuisset
481 247 591 299 distincta
602 246 615 298 a
628 246 784 299 sacerdotati:
801 261 858 313 ergo
867 248 926 313 suin'-

127 324 221 375 tuaiem.
232 322 261 372 et
273 323 322 372 trac
339 324 373 371 est
387 318 470 371 clavis.
482 320 542 384 Ergo
557 320 673 370 habebant
687 319 785 369 clavem.

158 396 202 445 Sed
212 398 298 456 conca,
312 392 389 442 claues
402 392 538 442 ordinantur
548 392 575 442 ad
590 390 739 455 aperiendum
753 404 853 455 regnum
864 391 927 441 cnlo-

127 480 195 529 rum,
209 466 270 529 qnod
282 462 366 528 aperiri
386 475 432 513 non
450 462 527 527 potuit
547 461 702 513 antechristi
720 463 865 527 passionem.
876 462 927 527 Erro

126 538 233 588 sacerdos
244 536 325 598 legatis
341 534 417 585 clares
428 547 476 586 non
484 534 573 587 habuit.

158 612 285 671 Praeterea,
296 611 437 658 sacramenta
445 606 530 657 veteris
539 606 597 671 legis
606 606 702 670 gratiam
711 617 760 655 nou
771 606 926 657 conterebant.

126 681 170 731 Sed
183 680 257 730 aditus
274 679 340 742 regni
354 678 453 729 caelestis
466 678 549 742 aperiri
562 691 608 728 non
618 676 696 742 potuit
709 676 758 727 nisi
772 678 927 741 pergratiam
959 724 960 735 ,

126 753 187 815 Ergo
202 763 243 815 per
258 750 298 801 illa
316 753 455 801 sacramenta
471 762 519 800 non
541 752 631 813 poterat
650 748 752 812 aperiri3
773 751 799 797 et
816 749 853 799 sic
868 748 928 799 etia:

127 824 246 886 sacerdos,
261 822 300 887 qni
312 821 417 872 minister
428 834 507 872 eorum
517 824 583 882 erat,
596 821 672 871 clares
690 820 757 885 mgni
774 821 879 871 coelest'm
891 834 929 873 utu

127 894 234 945 natabat.

163 964 417 1029 (cosduno-cnm
433 967 537 1029 potestas
554 964 696 1016 sacerdotum
713 962 829 1026 legalium
849 976 926 1015 nonst

127 1039 257 1089 extenderit
269 1040 298 1088 ad
313 1038 426 1097 caelestia,
440 1038 481 1088 sed
494 1036 568 1087 solim
584 1038 612 1088 ad
628 1035 712 1100 figuras
723 1034 874 1100 coeitstinm,
890 1050 927 1087 nun

127 1109 258 1159 habuerunt
275 1110 368 1171 claues,
384 1108 462 1159 sedin
476 1107 511 1157 eis
525 1107 623 1158 clavium
636 1107 709 1172 figura
722 1108 877 1173 praecessit.)

160 1180 298 1244 Respondeo
310 1180 440 1239 dicendum,
451 1178 512 1242 qudd
526 1178 618 1242 quidam
628 1178 736 1228 dixerunt
750 1177 817 1243 qudd
828 1178 855 1229 in
866 1176 928 1231 reteri

127 1253 179 1315 lege
194 1254 259 1301 erant
272 1252 346 1301 claues
367 1250 432 1314 regui
445 1251 508 1314 apud
526 1250 669 1311 sacerdotes,
683 1250 738 1314 quia
756 1250 792 1301 eis
812 1256 867 1303 erat
878 1264 930 1302 con

127 1322 223 1371 missum
242 1321 360 1383 imponere
372 1332 464 1384 poenam
478 1332 520 1384 pro
538 1320 642 1383 delictis,
657 1322 683 1369 nt
699 1319 786 1371 dIcitnr
802 1320 930 1379 Leuit.,t,

127 1392 188 1455 quod
209 1391 237 1440 ad
256 1391 333 1441 clares
351 1392 465 1455 pertinere
485 1390 590 1453 uidetur;
607 1392 647 1441 sed
666 1391 763 1442 fuerunt
779 1395 840 1443 tunc
856 1393 931 1443 innon

125 1461 194 1526 pletas
201 1498 210 1524 ‚
222 1474 283 1510 nunc
302 1466 378 1512 antem
397 1476 437 1525 per
452 1461 567 1513 Christum
583 1462 608 1511 in
626 1461 785 1513 sacerdotibus
799 1478 871 1514 noran
882 1464 931 1527 leg's

125 1533 235 1597 perfecta
247 1537 309 1583 sunt.
325 1534 370 1583 Sed
383 1534 428 1585 hoc
439 1534 592 1584 videturesse
604 1538 682 1584 contra
698 1535 864 1587 intentionem
880 1538 931 1600 tuo

98 1606 104 1613 '
126 1604 195 1665 stoli,
210 1605 237 1655 in
252 1605 329 1669 Epist.
343 1605 379 1654 od
391 1606 475 1661 fleur..
492 1606 532 1655 ix.
547 1605 582 1655 tii
596 1605 658 1655 enim
678 1606 841 1657 sacerdotium
856 1604 931 1659 cnrsti

125 1678 246 1741 prefertur
268 1677 393 1727 sacerdotio
410 1676 492 1741 legali,
504 1689 545 1741 per
559 1677 604 1727 hoc
616 1676 677 1741 qudd
693 1694 708 1725 u
721 1678 836 1729 Christus
855 1676 931 1729 assistit

125 1749 236 1800 Pontifex
246 1749 373 1799 futurorum
386 1748 511 1810 bonorum,
527 1746 672 1799 introducens
687 1761 729 1811 per
743 1752 874 1814 proprium
887 1762 929 1799 sarr

126 1821 221 1884 guinem
236 1820 263 1871 in
278 1819 446 1870 tabernaculum
460 1833 506 1870 non
524 1820 676 1870 manufactum
684 1856 692 1882 ‚
707 1820 734 1869 iu
751 1822 821 1885 quod
837 1820 931 1873 introdu-

127 1893 193 1943 rebat
202 1892 351 1942 sacerdotium
363 1891 447 1941 veteris
459 1891 517 1954 legis
527 1904 568 1954 per
577 1890 711 1955 sanguinem
723 1892 849 1943 hircorum
861 1898 932 1944 etian-

126 1977 213 2015 rorum.
234 1979 249 2009 n
265 1963 330 2012 Unde
351 1967 414 2025 patet
431 1962 492 2026 qudd
509 1962 630 2013 sacerdotii
644 1962 706 2012 illius
719 1967 832 2027 potestas
854 1978 900 2017 non
913 1976 933 2013 se

127 2034 267 2084 extendebat
280 2033 308 2083 ad
318 2033 426 2094 caelestia,
442 2035 481 2085 sed
496 2034 524 2083 ad
536 2032 620 2096 figuras
631 2032 781 2098 coeiestium3
798 2040 825 2087 et
839 2036 893 2088 ideo
906 2048 936 2085 se

126 2104 226 2155 cundiam
242 2103 299 2155 aiios
319 2103 440 2155 dicendum
450 2143 457 2167 ,
469 2104 530 2169 qudd
543 2118 590 2157 non
606 2104 721 2156 habebant
741 2106 843 2172 claues,
860 2108 935 2159 sedin

126 2176 161 2227 eis
174 2176 244 2239 figura
257 2175 356 2226 ciarinm
367 2178 496 2241 praecessit.

158 2249 192 2298 td
201 2246 300 2311 primum
316 2261 370 2311 ergo
381 2248 500 2299 dicendum
510 2287 518 2313 ‚
528 2249 588 2314 qudd
598 2248 674 2300 clares
690 2249 755 2312 regni
765 2251 877 2303 coelestis
889 2264 935 2301 eun·
964 2290 965 2309 a

120 2321 253 2383 sequuntur
267 2319 297 2368 td
310 2320 476 2385 sacerdotium,
491 2333 532 2385 per
546 2322 607 2386 quod
621 2322 674 2372 hom
703 2321 729 2371 in
744 2322 858 2392 caelestia
873 2324 936 2374 intro

125 2390 224 2450 deutur,
241 2402 289 2441 non
308 2394 385 2441 autem
399 2393 444 2441 taio
458 2395 508 2441 erat
523 2393 673 2443 sacerdotium
720 2391 834 2457 viticum;
852 2400 878 2446 et
893 2395 935 2444 ido

125 2463 202 2513 claues
215 2461 266 2511 cmii
286 2474 334 2512 non
350 2462 487 2527 habuerunt,
502 2464 543 2514 sed
556 2464 632 2515 clares
646 2464 731 2513 terreni
748 2465 912 2517 tabernaculi.

157 2534 191 2583 nd
211 2532 338 2583 meandum
350 2534 469 2584 dicendum
481 2573 487 2596 ,
500 2532 559 2599 qudd
571 2536 699 2585 sacerdotes
715 2535 806 2586 veteris
820 2536 885 2600 legis
902 2538 937 2587 hr-

123 2602 208 2654 itebant
218 2602 379 2654 auctoritatem
390 2604 531 2656 discernendi
548 2609 572 2656 et
586 2604 714 2669 judicandi,
730 2606 774 2655 sed
794 2620 845 2657 non
864 2612 892 2657 ut
904 2608 937 2657 ad·

120 2674 251 2726 ‘mitteretur
272 2678 340 2726 homo
354 2676 471 2740 judicatus
488 2678 516 2727 ab
533 2677 567 2727 eis
581 2677 606 2727 iu
620 2676 735 2740 coelestia,
752 2678 794 2728 sed
808 2677 835 2728 in
856 2684 938 2743 tignras

122 2746 262 2796 celestium.

154 2816 191 2865 nd
206 2816 297 2867 tertium
313 2816 449 2879 dicendum,
462 2816 523 2883 qudd
537 2831 581 2870 non
599 2818 716 2879 habehant
730 2818 884 2885 spiritualem
898 2834 938 2885 prr

121 2883 245 2949 testatem,
257 2886 311 2951 quia
324 2900 364 2951 per
378 2885 518 2940 sacramenia
535 2888 620 2953 legatia
637 2902 684 2941 nou
702 2888 715 2941 ir
733 2890 827 2955 culpis,
849 2892 894 2943 ssd
910 2890 937 2941 at
