1942 3284
268 162 298 199 on
312 138 444 204 uuncrra'ns
460 161 636 201 cunrrssrortrs.
800 154 845 200 637

19 248 93 289 esse
115 234 195 289 etiarn
208 233 232 286 in
245 247 273 287 eo
290 234 330 301 qni
343 248 389 288 noo
403 240 439 287 ast
449 234 577 298 contritos,
591 234 646 301 quia
660 240 737 301 potest
752 244 846 303 peccata

21 317 81 355 sua
96 306 209 369 pandera
222 304 348 368 conon,
361 308 386 355 et
400 303 503 358 clavibus
520 305 629 357 Ecclesia,
645 318 670 357 se
683 306 811 371 subjicere3
822 314 847 361 et

24 374 160 438 quamvis
172 379 229 425 tunc
241 387 288 427 non
301 374 412 441 percipiat
423 374 572 427 absolutionis
583 375 697 439 fructum,
711 381 788 429 tumen
805 392 848 431 rs·

26 446 150 499 cedente
161 445 253 497 flatione
265 446 383 511 percipere
391 445 503 510 incipiet3
517 444 578 497 sicut
588 445 656 497 etiam
669 446 695 497 in
704 446 755 499 aliis
769 460 848 500 sacm-

30 515 139 567 mentis
153 521 197 567 est.
215 516 278 568 Unio
290 529 336 568 non
348 520 438 568 tenetm
449 516 533 567 iterare
545 516 710 569 confessionem
729 517 769 583 qni
782 521 847 569 botos

30 587 149 650 accedit,
162 587 202 639 sed
211 589 301 638 monor
313 586 457 651 postmodum
467 586 581 638 bononem
592 600 656 638 suam
672 587 782 643 mnflteri.

72 658 115 709 Au
127 657 231 721 primurn
241 669 294 722 argo
303 658 437 720 bmnium,
448 657 510 721 qobo
520 657 640 709 auctoritas
650 658 689 709 illa
699 658 846 724 intelligentia

32 732 82 779 est
108 726 225 792 qnantum
241 728 271 779 ad
286 728 388 779 fructum
408 726 557 779 confessionis
576 728 762 793 percipiendum,
778 734 846 795 qoem

34 799 130 851 nutius
143 801 211 849 extra
222 796 354 849 charitatem
367 797 467 850 existens
478 797 582 861 percipit.

76 870 116 920 fid
130 868 256 921 mennatum
272 868 408 929 dicendum,
422 867 482 933 outo
500 868 606 919 contritio
618 871 643 920 et
655 867 779 921 satisfactio
788 870 848 922 bant

35 943 106 1002 Deo,
118 938 162 991 sed
175 938 287 991 confessio
299 939 325 990 ut
338 938 426 992 bomini
444 952 451 987 ι
465 942 491 989 ct
502 936 554 990 ideo
565 938 594 990 be
607 936 693 991 ratione
705 939 848 992 contritionis

38 1017 69 1062 et
86 1008 256 1062 satisfactionis
266 1016 310 1072 est,
321 1007 382 1075 qnbd
390 1011 460 1061 bomo
468 1008 552 1061 sititeo
561 1009 748 1075 perennitatem
758 1008 847 1075 unitus,

39 1095 97 1135 non
109 1084 188 1131 annm
198 1079 227 1131 ba
238 1079 324 1133 rabono
336 1078 496 1131 confessionis.

78 1153 118 1203 Ab
139 1150 231 1203 tertium
248 1151 383 1213 dicendum,
394 1149 455 1215 qnod
472 1150 512 1201 itta
529 1150 569 1215 qni
587 1152 681 1216 peccans
696 1150 847 1215 coenabat,

42 1227 139 1285 narrat,
148 1221 202 1275 verb
213 1222 325 1286 loquitnr3
335 1221 403 1273 etsie
416 1220 597 1273 mucoriatroci
610 1219 648 1272 rei
656 1219 729 1273 verbis
737 1221 847 1286 qnantum

43 1295 79 1345 aui
97 1291 251 1344 substantiam
265 1291 421 1356 confessionis,
432 1290 538 1355 quamuis
550 1290 662 1345 uismrocr
673 1288 848 1344 iconfessiouis

45 1366 108 1417 tine.

351 1473 511 1525 nnrtcunus
523 1474 553 1523 ΙΙ.

176 1599 261 1645 Uirrius
268 1600 373 1655 oporteat
381 1595 549 1653 comessionem
556 1607 606 1641 esse
612 1596 739 1654 intentum.

88 1726 124 1778 bd
145 1722 268 1775 meandum
288 1722 322 1772 sic
340 1718 476 1785 proceditur.
490 1716 587 1771 videtur
604 1717 666 1783 qood
683 1730 730 1771 non
747 1723 851 1785 oporteat

49 1794 221 1849 confessionem
231 1805 281 1845 essa
293 1793 420 1855 integram,
431 1793 458 1839 ut
470 1788 555 1841 scilicet
565 1789 641 1841 omnia
650 1791 748 1852 peecata
762 1788 803 1840 nni
812 1804 852 1841 sa·

51 1865 144 1919 cerdoti
154 1862 287 1916 coornatur
300 1861 389 1925 aliquis.
404 1859 462 1921 Quia
476 1859 632 1912 erubescentia
646 1859 701 1908 facit
710 1857 738 1910 ad
752 1857 853 1910 diminu-

52 1938 145 1989 tionem
160 1947 240 1999 prena.
256 1933 302 1983 Sed
318 1929 403 1995 quanto
419 1928 521 1996 pluribus
537 1928 690 1982 sacerdotibus
707 1928 759 1994 quis
777 1929 852 1981 conb-

53 2011 128 2063 tetur.
139 2003 200 2055 norb
217 2001 328 2067 majorem
343 1999 523 2052 erubescentiam
536 1999 629 2064 patitur.
644 1999 702 2063 Ergo
715 1998 853 2051 fructuosior

55 2081 96 2131 est
104 2074 228 2137 confessio,
242 2074 262 2124 si
275 2072 377 2137 pluribus
389 2070 542 2123 sacerdotibus
555 2068 679 2121 dividatur.

91 2151 118 2199 b.
132 2146 252 2205 Preterea,
263 2142 377 2195 confesso
386 2141 469 2192 adbuc
481 2139 609 2191 necesaria
620 2143 656 2190 ast
670 2138 851 2205 inpoenitentia,

59 2221 88 2270 nt
99 2228 182 2281 poeoa,
192 2212 316 2266 meurbim
325 2210 442 2262 arbitrium
455 2209 587 2273 sacerdotis,
596 2210 691 2275 peccato
697 2214 796 2262 taxetur.
806 2210 853 2262 Sed

60 2285 174 2341 snffiuem
181 2296 248 2348 pena
256 2285 331 2347 potest
339 2280 426 2345 imponi
435 2278 553 2331 abversis
561 2277 713 2330 mcerbotibus
719 2279 748 2330 do
756 2278 852 2330 dirersis

60 2355 229 2425 promisitrgo
237 2366 283 2405 nun
290 2348 426 2417 oportetuni
432 2349 543 2402 sacerdoti
551 2349 629 2401 omnia
635 2352 730 2413 paccata
737 2349 849 2401 confiteri.

94 2431 117 2475 s.
137 2426 261 2487 Fraterno,
282 2424 358 2487 potest
377 2420 508 2485 contingere
529 2417 588 2484 qubd
608 2423 661 2483 post
683 2418 850 2470 confessionem

61 2501 143 2551 fanum
162 2499 187 2546 et
202 2492 380 2545 satisfactionem
400 2492 523 2555 perfectam
544 2491 673 2541 recordetur
689 2491 741 2554 quis
753 2491 851 2553 alicujus

62 2566 149 2633 [necati
160 2563 276 2626 mortalis,
284 2564 353 2627 quob,
363 2562 416 2613 dum
427 2558 586 2622 confitebatur,
595 2558 620 2609 in
632 2558 739 2612 memoria
752 2573 799 2611 non
810 2561 852 2609 ba·

62 2640 142 2700 bebat;
156 2640 179 2686 et
191 2640 247 2685 tunc
260 2632 347 2697 copiam
355 2630 442 2697 proprii
454 2630 593 2690 sacerdotis,
603 2629 641 2680 eni
653 2628 727 2694 prirnb
736 2630 854 2681 mofossos
959 2643 961 2652 ’

63 2711 151 2769 fuerat,
163 2706 247 2759 babere
265 2717 311 2755 non
322 2702 404 2770 possit.
416 2702 475 2766 Ergo
485 2701 542 2753 iilud
555 2700 628 2753 solum
639 2706 755 2765 peccatum
768 2702 853 2764 poterit
959 2749 960 2752 ,

64 2778 128 2831 atteri
143 2775 260 2838 mnbteri,
273 2780 296 2827 et
317 2776 351 2825 sin
366 2773 455 2827 diuersa
475 2775 569 2838 peccata
584 2770 681 2824 dirersis
700 2772 854 2823 sacerdotibus
959 2833 960 2840 ἵ

68 2848 214 2909 confitebitur.

710 2913 751 2961 18*
