<?xml version="1.0" encoding="UTF-8"?>
<!DOCTYPE html PUBLIC "-//W3C//DTD XHTML 1.0 Transitional//EN"
    "http://www.w3.org/TR/xhtml1/DTD/xhtml1-transitional.dtd">
<html xmlns="http://www.w3.org/1999/xhtml" xml:lang="en" lang="en">
 <head>
  <title>
</title>
<meta http-equiv="Content-Type" content="text/html;charset=utf-8" />
  <meta name='ocr-system' content='tesseract 3.04.00' />
  <meta name='ocr-capabilities' content='ocr_page ocr_carea ocr_par ocr_line ocrx_word'/>
</head>
<body>
  <div class='ocr_page' id='page_1' title='image "./summatheologica01nicogoog_0148.png"; bbox 0 0 1942 3284; ppageno 0'>
   <div class='ocr_carea' id='block_1_1' title="bbox 137 201 769 258">
    <p class='ocr_par' dir='ltr' id='par_1_1' title="bbox 137 201 769 258">
     <span class='ocr_line' id='line_1_1' title="bbox 137 201 769 258; baseline -0.005 -9"><span class='ocrx_word' id='word_1_1' title='bbox 137 201 183 249; x_wconf 84' lang='lat' dir='ltr'><strong>ato</strong></span> <span class='ocrx_word' id='word_1_2' title='bbox 304 209 364 247; x_wconf 79' lang='lat' dir='ltr'><strong>rans</strong></span> <span class='ocrx_word' id='word_1_3' title='bbox 379 209 420 258; x_wconf 85' lang='lat' dir='ltr'><strong>nr,</strong></span> <span class='ocrx_word' id='word_1_4' title='bbox 436 207 530 254; x_wconf 75' lang='lat' dir='ltr'><strong>oossr.</strong></span> <span class='ocrx_word' id='word_1_5' title='bbox 548 209 627 258; x_wconf 81' lang='lat' dir='ltr'><strong>nxvrr,</strong></span> <span class='ocrx_word' id='word_1_6' title='bbox 643 207 699 247; x_wconf 78' lang='lat' dir='ltr'><strong>nnn.</strong></span> <span class='ocrx_word' id='word_1_7' title='bbox 717 207 769 248; x_wconf 85' lang='lat' dir='ltr'><strong>vrrr.</strong></span> 
     </span>
    </p>
   </div>
   <div class='ocr_carea' id='block_1_2' title="bbox 72 285 940 3008">
    <p class='ocr_par' dir='ltr' id='par_1_2' title="bbox 135 285 940 708">
     <span class='ocr_line' id='line_1_2' title="bbox 135 285 940 350; baseline 0.001 -13"><span class='ocrx_word' id='word_1_8' title='bbox 135 291 159 337; x_wconf 90' lang='lat' dir='ltr'><strong>et</strong></span> <span class='ocrx_word' id='word_1_9' title='bbox 170 285 321 349; x_wconf 74' lang='lat' dir='ltr'><strong>disciplinam,</strong></span> <span class='ocrx_word' id='word_1_10' title='bbox 335 288 362 335; x_wconf 93' lang='lat' dir='ltr'><strong>ut</strong></span> <span class='ocrx_word' id='word_1_11' title='bbox 373 285 526 350; x_wconf 77' lang='lat' dir='ltr'><strong>Philosophus</strong></span> <span class='ocrx_word' id='word_1_12' title='bbox 540 285 597 336; x_wconf 90' lang='lat' dir='ltr'><strong>dicit</strong></span> <span class='ocrx_word' id='word_1_13' title='bbox 608 285 635 335; x_wconf 87' lang='lat' dir='ltr'><strong>in</strong></span> <span class='ocrx_word' id='word_1_14' title='bbox 644 285 704 336; x_wconf 85' lang='lat' dir='ltr'><strong>Vlll.</strong></span> <span class='ocrx_word' id='word_1_15' title='bbox 714 287 799 336; x_wconf 78' lang='lat' dir='ltr'><strong>liticic.</strong></span> <span class='ocrx_word' id='word_1_16' title='bbox 810 285 874 350; x_wconf 86' lang='lat' dir='ltr'><strong>(cap.</strong></span> <span class='ocrx_word' id='word_1_17' title='bbox 888 289 940 350; x_wconf 72' lang='lat' dir='ltr'><strong>tt).</strong></span> 
     </span>
     <span class='ocr_line' id='line_1_3' title="bbox 135 356 939 422; baseline 0.002 -14"><span class='ocrx_word' id='word_1_18' title='bbox 135 356 160 408; x_wconf 90' lang='lat' dir='ltr'><strong>Si</strong></span> <span class='ocrx_word' id='word_1_19' title='bbox 179 370 231 422; x_wconf 81' lang='lat' dir='ltr'><strong>ergo</strong></span> <span class='ocrx_word' id='word_1_20' title='bbox 249 357 288 408; x_wconf 90' lang='lat' dir='ltr'><strong>ille</strong></span> <span class='ocrx_word' id='word_1_21' title='bbox 301 357 342 421; x_wconf 89' lang='lat' dir='ltr'><strong>qni</strong></span> <span class='ocrx_word' id='word_1_22' title='bbox 355 358 452 422; x_wconf 80' lang='lat' dir='ltr'><strong>suscipit</strong></span> <span class='ocrx_word' id='word_1_23' title='bbox 463 357 602 422; x_wconf 87' lang='lat' dir='ltr'><strong>baptizatum</strong></span> <span class='ocrx_word' id='word_1_24' title='bbox 619 359 737 408; x_wconf 88' lang='lat' dir='ltr'><strong>teneretur</strong></span> <span class='ocrx_word' id='word_1_25' title='bbox 748 370 801 407; x_wconf 88' lang='lat' dir='ltr'><strong>cum</strong></span> <span class='ocrx_word' id='word_1_26' title='bbox 814 357 939 422; x_wconf 76' lang='lat' dir='ltr'><strong>insinuens,</strong></span> 
     </span>
     <span class='ocr_line' id='line_1_4' title="bbox 135 427 940 493; baseline 0.002 -13"><span class='ocrx_word' id='word_1_27' title='bbox 135 429 208 492; x_wconf 73' lang='lat' dir='ltr'><strong>magis</strong></span> <span class='ocrx_word' id='word_1_28' title='bbox 226 431 287 480; x_wconf 88' lang='lat' dir='ltr'><strong>esset</strong></span> <span class='ocrx_word' id='word_1_29' title='bbox 302 429 440 480; x_wconf 82' lang='lat' dir='ltr'><strong>conueniens</strong></span> <span class='ocrx_word' id='word_1_30' title='bbox 460 429 522 493; x_wconf 83' lang='lat' dir='ltr'><strong>qudd</strong></span> <span class='ocrx_word' id='word_1_31' title='bbox 537 432 602 493; x_wconf 82' lang='lat' dir='ltr'><strong>pater</strong></span> <span class='ocrx_word' id='word_1_32' title='bbox 621 427 718 478; x_wconf 87' lang='lat' dir='ltr'><strong>earnalis</strong></span> <span class='ocrx_word' id='word_1_33' title='bbox 731 427 804 478; x_wconf 89' lang='lat' dir='ltr'><strong>filium</strong></span> <span class='ocrx_word' id='word_1_34' title='bbox 823 443 894 480; x_wconf 90' lang='lat' dir='ltr'><strong>suum</strong></span> <span class='ocrx_word' id='word_1_35' title='bbox 913 432 940 482; x_wconf 90' lang='lat' dir='ltr'><strong>de</strong></span> 
     </span>
     <span class='ocr_line' id='line_1_5' title="bbox 135 498 939 564; baseline 0.005 -16"><span class='ocrx_word' id='word_1_36' title='bbox 135 499 200 550; x_wconf 83' lang='lat' dir='ltr'><strong>tonte</strong></span> <span class='ocrx_word' id='word_1_37' title='bbox 211 499 348 563; x_wconf 87' lang='lat' dir='ltr'><strong>susciperet,</strong></span> <span class='ocrx_word' id='word_1_38' title='bbox 362 499 429 563; x_wconf 85' lang='lat' dir='ltr'><strong>qnlm</strong></span> <span class='ocrx_word' id='word_1_39' title='bbox 443 499 525 564; x_wconf 90' lang='lat' dir='ltr'><strong>aliquis</strong></span> <span class='ocrx_word' id='word_1_40' title='bbox 538 499 594 550; x_wconf 86' lang='lat' dir='ltr'><strong>alius</strong></span> <span class='ocrx_word' id='word_1_41' title='bbox 604 515 610 562; x_wconf 91' lang='lat'>;</span> <span class='ocrx_word' id='word_1_42' title='bbox 622 498 682 564; x_wconf 89' lang='lat' dir='ltr'><strong>quod</strong></span> <span class='ocrx_word' id='word_1_43' title='bbox 690 502 769 549; x_wconf 86' lang='lat' dir='ltr'><strong>tannen</strong></span> <span class='ocrx_word' id='word_1_44' title='bbox 781 499 876 550; x_wconf 85' lang='lat' dir='ltr'><strong>videtur</strong></span> <span class='ocrx_word' id='word_1_45' title='bbox 889 515 939 552; x_wconf 87' lang='lat' dir='ltr'><strong>esse</strong></span> 
     </span>
     <span class='ocr_line' id='line_1_6' title="bbox 135 569 937 638; baseline 0.004 -18"><span class='ocrx_word' id='word_1_46' title='bbox 135 569 328 635; x_wconf 70' lang='lat' dir='ltr'><strong>prosiliamus</strong></span> <span class='ocrx_word' id='word_1_47' title='bbox 345 571 440 621; x_wconf 86' lang='lat' dir='ltr'><strong>habetur</strong></span> <span class='ocrx_word' id='word_1_48' title='bbox 459 571 484 620; x_wconf 91' lang='lat' dir='ltr'><strong>in</strong></span> <span class='ocrx_word' id='word_1_49' title='bbox 504 569 631 620; x_wconf 82' lang='lat' dir='ltr'><strong>Decretoli</strong></span> <span class='ocrx_word' id='word_1_50' title='bbox 646 571 724 632; x_wconf 87' lang='lat' dir='ltr'>XXX,</span> <span class='ocrx_word' id='word_1_51' title='bbox 738 585 778 634; x_wconf 93' lang='lat' dir='ltr'><strong>qn.</strong></span> <span class='ocrx_word' id='word_1_52' title='bbox 801 573 830 632; x_wconf 87' lang='lat' dir='ltr'><strong>l,</strong></span> <span class='ocrx_word' id='word_1_53' title='bbox 846 585 901 638; x_wconf 89' lang='lat' dir='ltr'><strong>cap.</strong></span> <span class='ocrx_word' id='word_1_54' title='bbox 918 578 937 636; x_wconf 87' lang='lat' dir='ltr'><strong>l,</strong></span> 
     </span>
     <span class='ocr_line' id='line_1_7' title="bbox 135 643 540 708; baseline -0.002 -16"><span class='ocrx_word' id='word_1_55' title='bbox 135 643 260 699; x_wconf 81' lang='lat' dir='ltr'><strong>Peruenit,</strong></span> <span class='ocrx_word' id='word_1_56' title='bbox 275 647 300 693; x_wconf 90' lang='lat' dir='ltr'><strong>et</strong></span> <span class='ocrx_word' id='word_1_57' title='bbox 312 657 364 708; x_wconf 88' lang='lat' dir='ltr'><strong>cap.</strong></span> <span class='ocrx_word' id='word_1_58' title='bbox 380 644 484 693; x_wconf 78' lang='lat' dir='ltr'><em>Dictum</em></span> <span class='ocrx_word' id='word_1_59' title='bbox 495 652 540 692; x_wconf 86' lang='lat' dir='ltr'><strong>cst.</strong></span> 
     </span>
    </p>

    <p class='ocr_par' dir='ltr' id='par_1_3' title="bbox 134 711 939 1137">
     <span class='ocr_line' id='line_1_8' title="bbox 169 711 936 780; baseline 0.004 -17"><span class='ocrx_word' id='word_1_60' title='bbox 169 718 192 764; x_wconf 79' lang='lat'><strong>3.</strong></span> <span class='ocrx_word' id='word_1_61' title='bbox 207 715 328 778; x_wconf 79' lang='lat' dir='ltr'><strong>Praeterea,</strong></span> <span class='ocrx_word' id='word_1_62' title='bbox 338 714 413 780; x_wconf 88' lang='lat' dir='ltr'><strong>plures</strong></span> <span class='ocrx_word' id='word_1_63' title='bbox 426 715 499 779; x_wconf 83' lang='lat' dir='ltr'><strong>magis</strong></span> <span class='ocrx_word' id='word_1_64' title='bbox 510 718 606 779; x_wconf 80' lang='lat' dir='ltr'><strong>possunt</strong></span> <span class='ocrx_word' id='word_1_65' title='bbox 618 713 730 764; x_wconf 86' lang='lat' dir='ltr'><strong>instruere</strong></span> <span class='ocrx_word' id='word_1_66' title='bbox 744 711 813 776; x_wconf 78' lang='lat' dir='ltr'><strong>quim</strong></span> <span class='ocrx_word' id='word_1_67' title='bbox 827 728 892 765; x_wconf 87' lang='lat' dir='ltr'><strong>unus</strong></span> <span class='ocrx_word' id='word_1_68' title='bbox 901 729 936 766; x_wconf 89' lang='lat' dir='ltr'><strong>so-</strong></span> 
     </span>
     <span class='ocr_line' id='line_1_9' title="bbox 136 783 938 852; baseline 0.004 -19"><span class='ocrx_word' id='word_1_69' title='bbox 136 784 183 834; x_wconf 86' lang='lat' dir='ltr'><strong>lus.</strong></span> <span class='ocrx_word' id='word_1_70' title='bbox 197 785 222 835; x_wconf 87' lang='lat' dir='ltr'><strong>Si</strong></span> <span class='ocrx_word' id='word_1_71' title='bbox 241 799 294 849; x_wconf 79' lang='lat' dir='ltr'><strong>ergo</strong></span> <span class='ocrx_word' id='word_1_72' title='bbox 309 786 348 838; x_wconf 89' lang='lat' dir='ltr'><strong>ille</strong></span> <span class='ocrx_word' id='word_1_73' title='bbox 364 788 404 850; x_wconf 93' lang='lat' dir='ltr'><strong>qui</strong></span> <span class='ocrx_word' id='word_1_74' title='bbox 423 786 518 852; x_wconf 79' lang='lat' dir='ltr'><strong>suscipit</strong></span> <span class='ocrx_word' id='word_1_75' title='bbox 542 785 640 850; x_wconf 82' lang='lat' dir='ltr'><strong>aliquem</strong></span> <span class='ocrx_word' id='word_1_76' title='bbox 661 783 799 850; x_wconf 85' lang='lat' dir='ltr'><strong>baptizatum</strong></span> <span class='ocrx_word' id='word_1_77' title='bbox 818 788 938 837; x_wconf 86' lang='lat' dir='ltr'><strong>teneretur</strong></span> 
     </span>
     <span class='ocr_line' id='line_1_10' title="bbox 134 855 939 922; baseline 0.001 -15"><span class='ocrx_word' id='word_1_78' title='bbox 134 867 188 907; x_wconf 81' lang='lat' dir='ltr'><strong>cum</strong></span> <span class='ocrx_word' id='word_1_79' title='bbox 207 856 334 922; x_wconf 88' lang='lat' dir='ltr'><strong>instruere,</strong></span> <span class='ocrx_word' id='word_1_80' title='bbox 346 857 419 922; x_wconf 82' lang='lat' dir='ltr'><strong>magis</strong></span> <span class='ocrx_word' id='word_1_81' title='bbox 437 859 545 908; x_wconf 87' lang='lat' dir='ltr'><strong>deberent</strong></span> <span class='ocrx_word' id='word_1_82' title='bbox 563 858 640 922; x_wconf 89' lang='lat' dir='ltr'><strong>plures</strong></span> <span class='ocrx_word' id='word_1_83' title='bbox 658 856 776 918; x_wconf 75' lang='lat' dir='ltr'><strong>suscipere</strong></span> <span class='ocrx_word' id='word_1_84' title='bbox 792 855 865 920; x_wconf 78' lang='lat' dir='ltr'><strong>quim</strong></span> <span class='ocrx_word' id='word_1_85' title='bbox 884 872 939 909; x_wconf 88' lang='lat' dir='ltr'><strong>unns</strong></span> 
     </span>
     <span class='ocr_line' id='line_1_11' title="bbox 135 927 937 994; baseline 0.002 -16"><span class='ocrx_word' id='word_1_86' title='bbox 135 931 211 990; x_wconf 82' lang='lat' dir='ltr'><strong>solus3</strong></span> <span class='ocrx_word' id='word_1_87' title='bbox 226 930 291 993; x_wconf 85' lang='lat' dir='ltr'><strong>cujus</strong></span> <span class='ocrx_word' id='word_1_88' title='bbox 309 930 444 981; x_wconf 87' lang='lat' dir='ltr'><strong>contrarium</strong></span> <span class='ocrx_word' id='word_1_89' title='bbox 462 931 558 981; x_wconf 81' lang='lat' dir='ltr'><strong>habetur</strong></span> <span class='ocrx_word' id='word_1_90' title='bbox 572 942 600 978; x_wconf 86' lang='lat' dir='ltr'><strong>ex</strong></span> <span class='ocrx_word' id='word_1_91' title='bbox 618 927 730 978; x_wconf 84' lang='lat' dir='ltr'><strong>llecretali</strong></span> <span class='ocrx_word' id='word_1_92' title='bbox 748 928 833 978; x_wconf 86' lang='lat' dir='ltr'><strong>Leonis</strong></span> <span class='ocrx_word' id='word_1_93' title='bbox 846 930 917 994; x_wconf 78' lang='lat' dir='ltr'><strong>Papa</strong></span> <span class='ocrx_word' id='word_1_94' title='bbox 931 948 937 979; x_wconf 76' lang='grc' dir='ltr'>ε</span> 
     </span>
     <span class='ocr_line' id='line_1_12' title="bbox 138 999 939 1066; baseline 0.006 -19"><span class='ocrx_word' id='word_1_95' title='bbox 138 999 210 1049; x_wconf 81' lang='lat' dir='ltr'><strong>«Non</strong></span> <span class='ocrx_word' id='word_1_96' title='bbox 222 1000 299 1064; x_wconf 91' lang='lat' dir='ltr'><strong>plures</strong></span> <span class='ocrx_word' id='word_1_97' title='bbox 311 1001 417 1066; x_wconf 85' lang='lat' dir='ltr'><strong>(inquit)</strong></span> <span class='ocrx_word' id='word_1_98' title='bbox 432 1002 461 1052; x_wconf 89' lang='lat' dir='ltr'><strong>ad</strong></span> <span class='ocrx_word' id='word_1_99' title='bbox 471 1001 639 1066; x_wconf 89' lang='lat' dir='ltr'><strong>suscipiendum</strong></span> <span class='ocrx_word' id='word_1_100' title='bbox 654 1001 682 1051; x_wconf 94' lang='lat' dir='ltr'><strong>de</strong></span> <span class='ocrx_word' id='word_1_101' title='bbox 698 999 811 1063; x_wconf 83' lang='lat' dir='ltr'><strong>baptismo</strong></span> <span class='ocrx_word' id='word_1_102' title='bbox 829 999 939 1052; x_wconf 80' lang='lat' dir='ltr'><strong>infantem</strong></span> 
     </span>
     <span class='ocr_line' id='line_1_13' title="bbox 136 1070 732 1137; baseline -0.003 -17"><span class='ocrx_word' id='word_1_103' title='bbox 136 1070 204 1134; x_wconf 82' lang='lat' dir='ltr'><strong>quim</strong></span> <span class='ocrx_word' id='word_1_104' title='bbox 220 1085 280 1122; x_wconf 92' lang='lat' dir='ltr'><strong>unns</strong></span> <span class='ocrx_word' id='word_1_105' title='bbox 293 1075 414 1137; x_wconf 85' lang='lat' dir='ltr'><strong>accedant,</strong></span> <span class='ocrx_word' id='word_1_106' title='bbox 430 1075 534 1136; x_wconf 77' lang='lat' dir='ltr'><strong>sinesin,</strong></span> <span class='ocrx_word' id='word_1_107' title='bbox 551 1074 600 1124; x_wconf 91' lang='lat' dir='ltr'><strong>sive</strong></span> <span class='ocrx_word' id='word_1_108' title='bbox 612 1073 702 1123; x_wconf 89' lang='lat' dir='ltr'><strong>mulier.</strong></span> <span class='ocrx_word' id='word_1_109' title='bbox 718 1088 732 1119; x_wconf 78' lang='lat' dir='ltr'><strong>o</strong></span> 
     </span>
    </p>

    <p class='ocr_par' dir='ltr' id='par_1_4' title="bbox 134 1143 939 1427">
     <span class='ocr_line' id='line_1_14' title="bbox 168 1143 939 1210; baseline 0 -16"><span class='ocrx_word' id='word_1_110' title='bbox 168 1143 213 1194; x_wconf 85' lang='lat' dir='ltr'><strong>Sed</strong></span> <span class='ocrx_word' id='word_1_111' title='bbox 229 1149 307 1196; x_wconf 89' lang='lat' dir='ltr'><strong>contra</strong></span> <span class='ocrx_word' id='word_1_112' title='bbox 324 1149 377 1209; x_wconf 90' lang='lat' dir='ltr'><strong>est,</strong></span> <span class='ocrx_word' id='word_1_113' title='bbox 392 1147 452 1210; x_wconf 91' lang='lat' dir='ltr'><strong>qnod</strong></span> <span class='ocrx_word' id='word_1_114' title='bbox 465 1145 606 1210; x_wconf 77' lang='lat' dir='ltr'><strong>Augustinus</strong></span> <span class='ocrx_word' id='word_1_115' title='bbox 620 1145 675 1196; x_wconf 91' lang='lat' dir='ltr'><strong>dicit</strong></span> <span class='ocrx_word' id='word_1_116' title='bbox 685 1144 710 1192; x_wconf 92' lang='lat' dir='ltr'><strong>in</strong></span> <span class='ocrx_word' id='word_1_117' title='bbox 722 1143 820 1207; x_wconf 87' lang='lat' dir='ltr'><strong>quodam</strong></span> <span class='ocrx_word' id='word_1_118' title='bbox 836 1157 939 1196; x_wconf 88' lang='lat' dir='ltr'><strong>sermone</strong></span> 
     </span>
     <span class='ocr_line' id='line_1_15' title="bbox 137 1215 938 1281; baseline 0.002 -17"><span class='ocrx_word' id='word_1_119' title='bbox 137 1215 257 1266; x_wconf 86' lang='lat' dir='ltr'><strong>Paschali:</strong></span> <span class='ocrx_word' id='word_1_120' title='bbox 275 1235 289 1265; x_wconf 83' lang='lat' dir='ltr'><strong>u</strong></span> <span class='ocrx_word' id='word_1_121' title='bbox 301 1217 347 1268; x_wconf 83' lang='lat' dir='ltr'><strong>Vos</strong></span> <span class='ocrx_word' id='word_1_122' title='bbox 364 1221 417 1268; x_wconf 90' lang='lat' dir='ltr'><strong>ante</strong></span> <span class='ocrx_word' id='word_1_123' title='bbox 435 1217 527 1278; x_wconf 84' lang='lat' dir='ltr'><strong>omnic,</strong></span> <span class='ocrx_word' id='word_1_124' title='bbox 541 1219 588 1266; x_wconf 89' lang='lat' dir='ltr'><strong>tarn</strong></span> <span class='ocrx_word' id='word_1_125' title='bbox 606 1217 668 1266; x_wconf 86' lang='lat' dir='ltr'><strong>uiros</strong></span> <span class='ocrx_word' id='word_1_126' title='bbox 681 1215 749 1279; x_wconf 76' lang='lat' dir='ltr'><strong>qutun</strong></span> <span class='ocrx_word' id='word_1_127' title='bbox 766 1215 891 1278; x_wconf 87' lang='lat' dir='ltr'><strong>mulieres,</strong></span> <span class='ocrx_word' id='word_1_128' title='bbox 904 1217 938 1281; x_wconf 91' lang='lat' dir='ltr'><strong>qni</strong></span> 
     </span>
     <span class='ocr_line' id='line_1_16' title="bbox 136 1286 939 1354; baseline 0.001 -17"><span class='ocrx_word' id='word_1_129' title='bbox 136 1286 195 1338; x_wconf 85' lang='lat' dir='ltr'><strong>filios</strong></span> <span class='ocrx_word' id='word_1_130' title='bbox 206 1288 230 1338; x_wconf 93' lang='lat' dir='ltr'><strong>in</strong></span> <span class='ocrx_word' id='word_1_131' title='bbox 248 1289 361 1353; x_wconf 88' lang='lat' dir='ltr'><strong>baptismo</strong></span> <span class='ocrx_word' id='word_1_132' title='bbox 375 1289 516 1354; x_wconf 72' lang='lat' dir='ltr'><strong>suscepistis,</strong></span> <span class='ocrx_word' id='word_1_133' title='bbox 535 1301 618 1340; x_wconf 88' lang='lat' dir='ltr'><strong>moneo</strong></span> <span class='ocrx_word' id='word_1_134' title='bbox 633 1293 715 1339; x_wconf 87' lang='lat' dir='ltr'><strong>utros</strong></span> <span class='ocrx_word' id='word_1_135' title='bbox 729 1289 877 1352; x_wconf 79' lang='lat' dir='ltr'><strong>cognoscatis</strong></span> <span class='ocrx_word' id='word_1_136' title='bbox 890 1291 939 1339; x_wconf 82' lang='lat' dir='ltr'><strong>tide-</strong></span> 
     </span>
     <span class='ocr_line' id='line_1_17' title="bbox 134 1359 938 1427; baseline 0 -17"><span class='ocrx_word' id='word_1_137' title='bbox 134 1361 237 1424; x_wconf 84' lang='lat' dir='ltr'><strong>jussores</strong></span> <span class='ocrx_word' id='word_1_138' title='bbox 250 1363 310 1427; x_wconf 92' lang='lat' dir='ltr'><strong>apud</strong></span> <span class='ocrx_word' id='word_1_139' title='bbox 327 1364 399 1413; x_wconf 90' lang='lat' dir='ltr'><strong>lleum</strong></span> <span class='ocrx_word' id='word_1_140' title='bbox 410 1362 513 1413; x_wconf 85' lang='lat' dir='ltr'><strong>extitisse</strong></span> <span class='ocrx_word' id='word_1_141' title='bbox 524 1374 566 1426; x_wconf 85' lang='lat' dir='ltr'><strong>pro</strong></span> <span class='ocrx_word' id='word_1_142' title='bbox 577 1361 623 1412; x_wconf 92' lang='lat' dir='ltr'><strong>illis</strong></span> <span class='ocrx_word' id='word_1_143' title='bbox 637 1373 695 1426; x_wconf 89' lang='lat' dir='ltr'><strong>quos</strong></span> <span class='ocrx_word' id='word_1_144' title='bbox 708 1359 754 1411; x_wconf 86' lang='lat' dir='ltr'><strong>risi</strong></span> <span class='ocrx_word' id='word_1_145' title='bbox 766 1359 824 1410; x_wconf 88' lang='lat' dir='ltr'><strong>estis</strong></span> <span class='ocrx_word' id='word_1_146' title='bbox 837 1361 868 1411; x_wconf 86' lang='lat' dir='ltr'><strong>de</strong></span> <span class='ocrx_word' id='word_1_147' title='bbox 878 1373 938 1412; x_wconf 79' lang='lat' dir='ltr'><strong>sacro</strong></span> 
     </span>
    </p>

    <p class='ocr_par' dir='ltr' id='par_1_5' title="bbox 72 1432 364 1498">
     <span class='ocr_line' id='line_1_18' title="bbox 72 1432 364 1498; baseline 0.003 -18"><span class='ocrx_word' id='word_1_148' title='bbox 72 1458 75 1465; x_wconf 90' lang='lat'>·</span> <span class='ocrx_word' id='word_1_149' title='bbox 136 1432 199 1483; x_wconf 83' lang='lat' dir='ltr'><strong>tonte</strong></span> <span class='ocrx_word' id='word_1_150' title='bbox 213 1434 364 1498; x_wconf 70' lang='lat' dir='ltr'><strong>suscipere.»</strong></span> 
     </span>
    </p>

    <p class='ocr_par' dir='ltr' id='par_1_6' title="bbox 136 1504 939 1711">
     <span class='ocr_line' id='line_1_19' title="bbox 170 1504 938 1570; baseline 0 -16"><span class='ocrx_word' id='word_1_151' title='bbox 170 1504 423 1567; x_wconf 78' lang='lat' dir='ltr'><strong>(Gessacem—Non</strong></span> <span class='ocrx_word' id='word_1_152' title='bbox 439 1505 483 1555; x_wconf 90' lang='lat' dir='ltr'><strong>nisi</strong></span> <span class='ocrx_word' id='word_1_153' title='bbox 502 1506 527 1555; x_wconf 92' lang='lat' dir='ltr'><strong>in</strong></span> <span class='ocrx_word' id='word_1_154' title='bbox 548 1518 603 1555; x_wconf 89' lang='lat' dir='ltr'><strong>casu</strong></span> <span class='ocrx_word' id='word_1_155' title='bbox 618 1504 775 1568; x_wconf 82' lang='lat' dir='ltr'><strong>necessitatis,</strong></span> <span class='ocrx_word' id='word_1_156' title='bbox 789 1505 831 1568; x_wconf 91' lang='lat' dir='ltr'><strong>qui</strong></span> <span class='ocrx_word' id='word_1_157' title='bbox 843 1506 938 1570; x_wconf 83' lang='lat' dir='ltr'><strong>aliquem</strong></span> 
     </span>
     <span class='ocr_line' id='line_1_20' title="bbox 137 1575 939 1642; baseline 0 -17"><span class='ocrx_word' id='word_1_158' title='bbox 137 1575 165 1626; x_wconf 88' lang='lat' dir='ltr'><strong>de</strong></span> <span class='ocrx_word' id='word_1_159' title='bbox 176 1589 240 1628; x_wconf 83' lang='lat' dir='ltr'><strong>sacro</strong></span> <span class='ocrx_word' id='word_1_160' title='bbox 257 1576 399 1642; x_wconf 85' lang='lat' dir='ltr'><strong>baptismatis</strong></span> <span class='ocrx_word' id='word_1_161' title='bbox 415 1578 479 1627; x_wconf 89' lang='lat' dir='ltr'><strong>lente</strong></span> <span class='ocrx_word' id='word_1_162' title='bbox 492 1575 590 1640; x_wconf 86' lang='lat' dir='ltr'><strong>levarit,</strong></span> <span class='ocrx_word' id='word_1_163' title='bbox 605 1579 696 1627; x_wconf 87' lang='lat' dir='ltr'><strong>tenetur</strong></span> <span class='ocrx_word' id='word_1_164' title='bbox 709 1589 762 1628; x_wconf 88' lang='lat' dir='ltr'><strong>enm</strong></span> <span class='ocrx_word' id='word_1_165' title='bbox 777 1576 908 1642; x_wconf 85' lang='lat' dir='ltr'><strong>instrucre,</strong></span> <span class='ocrx_word' id='word_1_166' title='bbox 922 1577 939 1627; x_wconf 90' lang='lat' dir='ltr'><strong>si</strong></span> 
     </span>
     <span class='ocr_line' id='line_1_21' title="bbox 136 1647 754 1711; baseline 0.003 -14"><span class='ocrx_word' id='word_1_167' title='bbox 136 1647 241 1698; x_wconf 70' lang='lat' dir='ltr'><strong>nimium</strong></span> <span class='ocrx_word' id='word_1_168' title='bbox 252 1650 419 1700; x_wconf 83' lang='lat' dir='ltr'><strong>animaduertat</strong></span> <span class='ocrx_word' id='word_1_169' title='bbox 435 1649 500 1700; x_wconf 91' lang='lat' dir='ltr'><strong>illum</strong></span> <span class='ocrx_word' id='word_1_170' title='bbox 513 1663 560 1700; x_wconf 94' lang='lat' dir='ltr'><strong>non</strong></span> <span class='ocrx_word' id='word_1_171' title='bbox 572 1648 633 1700; x_wconf 79' lang='lat' dir='ltr'><strong>recte</strong></span> <span class='ocrx_word' id='word_1_172' title='bbox 645 1648 754 1711; x_wconf 90' lang='lat' dir='ltr'><strong>institui.)</strong></span> 
     </span>
    </p>

    <p class='ocr_par' dir='ltr' id='par_1_7' title="bbox 137 1719 940 2133">
     <span class='ocr_line' id='line_1_22' title="bbox 168 1719 939 1785; baseline 0.004 -15"><span class='ocrx_word' id='word_1_173' title='bbox 168 1721 304 1784; x_wconf 79' lang='lat' dir='ltr'><strong>Respondes</strong></span> <span class='ocrx_word' id='word_1_174' title='bbox 317 1723 444 1781; x_wconf 87' lang='lat' dir='ltr'><strong>dicendum,</strong></span> <span class='ocrx_word' id='word_1_175' title='bbox 459 1721 519 1785; x_wconf 87' lang='lat' dir='ltr'><strong>qudd</strong></span> <span class='ocrx_word' id='word_1_176' title='bbox 536 1719 691 1784; x_wconf 86' lang='lat' dir='ltr'><strong>unusquisque</strong></span> <span class='ocrx_word' id='word_1_177' title='bbox 708 1721 820 1785; x_wconf 84' lang='lat' dir='ltr'><strong>obligatur</strong></span> <span class='ocrx_word' id='word_1_178' title='bbox 839 1721 869 1771; x_wconf 90' lang='lat' dir='ltr'><strong>ad</strong></span> <span class='ocrx_word' id='word_1_179' title='bbox 884 1736 939 1772; x_wconf 84' lang='lat' dir='ltr'><strong>exc-</strong></span> 
     </span>
     <span class='ocr_line' id='line_1_23' title="bbox 137 1793 938 1860; baseline 0.004 -19"><span class='ocrx_word' id='word_1_180' title='bbox 137 1795 250 1857; x_wconf 89' lang='lat' dir='ltr'><strong>quendnm</strong></span> <span class='ocrx_word' id='word_1_181' title='bbox 269 1794 371 1844; x_wconf 82' lang='lat' dir='ltr'><strong>officium</strong></span> <span class='ocrx_word' id='word_1_182' title='bbox 385 1796 445 1860; x_wconf 92' lang='lat' dir='ltr'><strong>quod</strong></span> <span class='ocrx_word' id='word_1_183' title='bbox 458 1795 553 1858; x_wconf 88' lang='lat' dir='ltr'><strong>accepit.</strong></span> <span class='ocrx_word' id='word_1_184' title='bbox 568 1793 659 1844; x_wconf 84' lang='lat' dir='ltr'><strong>Dictum</strong></span> <span class='ocrx_word' id='word_1_185' title='bbox 677 1799 713 1844; x_wconf 92' lang='lat' dir='ltr'><strong>est</strong></span> <span class='ocrx_word' id='word_1_186' title='bbox 730 1797 807 1844; x_wconf 87' lang='lat' dir='ltr'><strong>autem</strong></span> <span class='ocrx_word' id='word_1_187' title='bbox 823 1793 887 1856; x_wconf 82' lang='lat' dir='ltr'><strong>qudd</strong></span> <span class='ocrx_word' id='word_1_188' title='bbox 906 1795 938 1844; x_wconf 86' lang='lat' dir='ltr'><strong>illc</strong></span> 
     </span>
     <span class='ocr_line' id='line_1_24' title="bbox 137 1863 938 1932; baseline 0.001 -18"><span class='ocrx_word' id='word_1_189' title='bbox 137 1864 177 1928; x_wconf 92' lang='lat' dir='ltr'><strong>qni</strong></span> <span class='ocrx_word' id='word_1_190' title='bbox 190 1865 286 1929; x_wconf 86' lang='lat' dir='ltr'><strong>suscipit</strong></span> <span class='ocrx_word' id='word_1_191' title='bbox 297 1865 396 1930; x_wconf 87' lang='lat' dir='ltr'><strong>aliquem</strong></span> <span class='ocrx_word' id='word_1_192' title='bbox 410 1867 438 1916; x_wconf 93' lang='lat' dir='ltr'><strong>de</strong></span> <span class='ocrx_word' id='word_1_193' title='bbox 457 1865 604 1927; x_wconf 84' lang='lat' dir='ltr'><strong>sacrofonte,</strong></span> <span class='ocrx_word' id='word_1_194' title='bbox 618 1866 714 1916; x_wconf 89' lang='lat' dir='ltr'><strong>assumit</strong></span> <span class='ocrx_word' id='word_1_195' title='bbox 724 1864 768 1916; x_wconf 90' lang='lat' dir='ltr'><strong>sihi</strong></span> <span class='ocrx_word' id='word_1_196' title='bbox 781 1863 884 1916; x_wconf 81' lang='lat' dir='ltr'><strong>officium</strong></span> <span class='ocrx_word' id='word_1_197' title='bbox 897 1881 938 1932; x_wconf 83' lang='lat' dir='ltr'><strong>ps-</strong></span> 
     </span>
     <span class='ocr_line' id='line_1_25' title="bbox 137 1936 939 2001; baseline 0.006 -17"><span class='ocrx_word' id='word_1_198' title='bbox 137 1936 225 1999; x_wconf 81' lang='lat' dir='ltr'><strong>dagogi.</strong></span> <span class='ocrx_word' id='word_1_199' title='bbox 243 1937 273 1986; x_wconf 86' lang='lat' dir='ltr'><strong>Et</strong></span> <span class='ocrx_word' id='word_1_200' title='bbox 282 1937 333 1987; x_wconf 84' lang='lat' dir='ltr'><strong>ideo</strong></span> <span class='ocrx_word' id='word_1_201' title='bbox 350 1937 461 2000; x_wconf 82' lang='lat' dir='ltr'><strong>obligatur</strong></span> <span class='ocrx_word' id='word_1_202' title='bbox 474 1939 503 1987; x_wconf 92' lang='lat' dir='ltr'><strong>ad</strong></span> <span class='ocrx_word' id='word_1_203' title='bbox 514 1937 641 1987; x_wconf 85' lang='lat' dir='ltr'><strong>hahendam</strong></span> <span class='ocrx_word' id='word_1_204' title='bbox 655 1950 731 1987; x_wconf 89' lang='lat' dir='ltr'><strong>curam</strong></span> <span class='ocrx_word' id='word_1_205' title='bbox 745 1938 772 1988; x_wconf 91' lang='lat' dir='ltr'><strong>de</strong></span> <span class='ocrx_word' id='word_1_206' title='bbox 785 1936 847 2001; x_wconf 88' lang='lat' dir='ltr'><strong>ipso,</strong></span> <span class='ocrx_word' id='word_1_207' title='bbox 863 1939 886 1988; x_wconf 91' lang='lat' dir='ltr'><strong>si</strong></span> <span class='ocrx_word' id='word_1_208' title='bbox 900 1953 939 1989; x_wconf 86' lang='lat' dir='ltr'><strong>ne-</strong></span> 
     </span>
     <span class='ocr_line' id='line_1_26' title="bbox 138 2007 940 2075; baseline 0.002 -17"><span class='ocrx_word' id='word_1_209' title='bbox 138 2007 234 2059; x_wconf 85' lang='lat' dir='ltr'><strong>cessitas</strong></span> <span class='ocrx_word' id='word_1_210' title='bbox 246 2009 387 2070; x_wconf 84' lang='lat' dir='ltr'><strong>immineret,</strong></span> <span class='ocrx_word' id='word_1_211' title='bbox 402 2010 463 2059; x_wconf 91' lang='lat' dir='ltr'><strong>sicut</strong></span> <span class='ocrx_word' id='word_1_212' title='bbox 476 2023 503 2060; x_wconf 86' lang='lat' dir='ltr'><strong>eo</strong></span> <span class='ocrx_word' id='word_1_213' title='bbox 519 2013 621 2074; x_wconf 87' lang='lat' dir='ltr'><strong>tempore</strong></span> <span class='ocrx_word' id='word_1_214' title='bbox 639 2013 662 2061; x_wconf 88' lang='lat' dir='ltr'><strong>et</strong></span> <span class='ocrx_word' id='word_1_215' title='bbox 674 2011 724 2061; x_wconf 89' lang='lat' dir='ltr'><strong>loco</strong></span> <span class='ocrx_word' id='word_1_216' title='bbox 736 2011 815 2074; x_wconf 91' lang='lat' dir='ltr'><strong>inquo</strong></span> <span class='ocrx_word' id='word_1_217' title='bbox 829 2010 940 2075; x_wconf 82' lang='lat' dir='ltr'><strong>baptizati</strong></span> 
     </span>
     <span class='ocr_line' id='line_1_27' title="bbox 137 2078 938 2133; baseline 0.004 -4"><span class='ocrx_word' id='word_1_218' title='bbox 137 2078 198 2129; x_wconf 90' lang='lat' dir='ltr'><strong>inter</strong></span> <span class='ocrx_word' id='word_1_219' title='bbox 215 2079 319 2131; x_wconf 88' lang='lat' dir='ltr'><strong>infideles</strong></span> <span class='ocrx_word' id='word_1_220' title='bbox 332 2081 471 2132; x_wconf 90' lang='lat' dir='ltr'><strong>nutriuntur.</strong></span> <span class='ocrx_word' id='word_1_221' title='bbox 488 2081 531 2132; x_wconf 86' lang='lat' dir='ltr'><strong>Sed</strong></span> <span class='ocrx_word' id='word_1_222' title='bbox 545 2081 585 2131; x_wconf 88' lang='lat' dir='ltr'><strong>ubi</strong></span> <span class='ocrx_word' id='word_1_223' title='bbox 595 2081 726 2132; x_wconf 88' lang='lat' dir='ltr'><strong>nutriuntur</strong></span> <span class='ocrx_word' id='word_1_224' title='bbox 736 2081 797 2132; x_wconf 88' lang='lat' dir='ltr'><strong>inter</strong></span> <span class='ocrx_word' id='word_1_225' title='bbox 814 2083 938 2133; x_wconf 85' lang='lat' dir='ltr'><strong>catholicos</strong></span> 
     </span>
    </p>

    <p class='ocr_par' dir='ltr' id='par_1_8' title="bbox 114 2151 940 2489">
     <span class='ocr_line' id='line_1_28' title="bbox 114 2151 939 2218; baseline 0.006 -20"><span class='ocrx_word' id='word_1_226' title='bbox 114 2193 118 2198; x_wconf 92' lang='lat'>.</span> <span class='ocrx_word' id='word_1_227' title='bbox 137 2151 290 2216; x_wconf 89' lang='lat' dir='ltr'><strong>christianos,</strong></span> <span class='ocrx_word' id='word_1_228' title='bbox 305 2151 361 2202; x_wconf 86' lang='lat' dir='ltr'><strong>satis</strong></span> <span class='ocrx_word' id='word_1_229' title='bbox 374 2154 509 2215; x_wconf 80' lang='lat' dir='ltr'><strong>pessumas</strong></span> <span class='ocrx_word' id='word_1_230' title='bbox 525 2155 569 2203; x_wconf 88' lang='lat' dir='ltr'><strong>hac</strong></span> <span class='ocrx_word' id='word_1_231' title='bbox 582 2166 635 2203; x_wconf 88' lang='lat' dir='ltr'><strong>cura</strong></span> <span class='ocrx_word' id='word_1_232' title='bbox 651 2154 768 2216; x_wconf 84' lang='lat' dir='ltr'><strong>excusari,</strong></span> <span class='ocrx_word' id='word_1_233' title='bbox 781 2155 939 2218; x_wconf 82' lang='lat' dir='ltr'><strong>praesumendo</strong></span> 
     </span>
     <span class='ocr_line' id='line_1_29' title="bbox 137 2223 939 2292; baseline 0.002 -18"><span class='ocrx_word' id='word_1_234' title='bbox 137 2223 198 2288; x_wconf 86' lang='lat' dir='ltr'><strong>qudd</strong></span> <span class='ocrx_word' id='word_1_235' title='bbox 211 2223 224 2274; x_wconf 78' lang='lat' dir='ltr'><strong>l</strong></span> <span class='ocrx_word' id='word_1_236' title='bbox 237 2224 285 2274; x_wconf 91' lang='lat' dir='ltr'><strong>suis</strong></span> <span class='ocrx_word' id='word_1_237' title='bbox 297 2223 430 2288; x_wconf 89' lang='lat' dir='ltr'><strong>parentibus</strong></span> <span class='ocrx_word' id='word_1_238' title='bbox 447 2224 568 2288; x_wconf 85' lang='lat' dir='ltr'><strong>diligenter</strong></span> <span class='ocrx_word' id='word_1_239' title='bbox 586 2225 736 2276; x_wconf 88' lang='lat' dir='ltr'><strong>instmantur.</strong></span> <span class='ocrx_word' id='word_1_240' title='bbox 752 2225 778 2276; x_wconf 84' lang='lat' dir='ltr'><strong>Si</strong></span> <span class='ocrx_word' id='word_1_241' title='bbox 793 2229 871 2278; x_wconf 87' lang='lat' dir='ltr'><strong>tamen</strong></span> <span class='ocrx_word' id='word_1_242' title='bbox 885 2239 939 2292; x_wconf 82' lang='lat' dir='ltr'><strong>qno</strong></span> 
     </span>
     <span class='ocr_line' id='line_1_30' title="bbox 137 2295 939 2360; baseline 0.002 -16"><span class='ocrx_word' id='word_1_243' title='bbox 137 2308 235 2360; x_wconf 89' lang='lat' dir='ltr'><strong>cumque</strong></span> <span class='ocrx_word' id='word_1_244' title='bbox 257 2296 326 2347; x_wconf 89' lang='lat' dir='ltr'><strong>modo</strong></span> <span class='ocrx_word' id='word_1_245' title='bbox 348 2295 461 2346; x_wconf 88' lang='lat' dir='ltr'><strong>sentirent</strong></span> <span class='ocrx_word' id='word_1_246' title='bbox 485 2295 637 2359; x_wconf 87' lang='lat' dir='ltr'><strong>contrarium,</strong></span> <span class='ocrx_word' id='word_1_247' title='bbox 651 2299 796 2358; x_wconf 84' lang='lat' dir='ltr'><strong>tenerentur,</strong></span> <span class='ocrx_word' id='word_1_248' title='bbox 815 2298 939 2348; x_wconf 79' lang='lat' dir='ltr'><strong>secundum</strong></span> 
     </span>
     <span class='ocr_line' id='line_1_31' title="bbox 138 2365 940 2433; baseline 0.004 -17"><span class='ocrx_word' id='word_1_249' title='bbox 138 2379 206 2416; x_wconf 91' lang='lat' dir='ltr'><strong>suum</strong></span> <span class='ocrx_word' id='word_1_250' title='bbox 230 2368 342 2430; x_wconf 89' lang='lat' dir='ltr'><strong>modum,</strong></span> <span class='ocrx_word' id='word_1_251' title='bbox 365 2365 433 2416; x_wconf 81' lang='lat' dir='ltr'><strong>saluti</strong></span> <span class='ocrx_word' id='word_1_252' title='bbox 455 2367 604 2432; x_wconf 84' lang='lat' dir='ltr'><strong>spiritualium</strong></span> <span class='ocrx_word' id='word_1_253' title='bbox 628 2367 724 2418; x_wconf 84' lang='lat' dir='ltr'><strong>filiorum</strong></span> <span class='ocrx_word' id='word_1_254' title='bbox 753 2379 830 2418; x_wconf 81' lang='lat' dir='ltr'><strong>curam</strong></span> <span class='ocrx_word' id='word_1_255' title='bbox 852 2369 940 2433; x_wconf 85' lang='lat' dir='ltr'><strong>impen-</strong></span> 
     </span>
     <span class='ocr_line' id='line_1_32' title="bbox 137 2439 200 2489; baseline -0.016 -1"><span class='ocrx_word' id='word_1_256' title='bbox 137 2439 200 2489; x_wconf 88' lang='lat' dir='ltr'><strong>dere.</strong></span> 
     </span>
    </p>

    <p class='ocr_par' dir='ltr' id='par_1_9' title="bbox 137 2509 940 3008">
     <span class='ocr_line' id='line_1_33' title="bbox 168 2509 938 2575; baseline 0.004 -16"><span class='ocrx_word' id='word_1_257' title='bbox 168 2509 202 2560; x_wconf 81' lang='lat' dir='ltr'><strong>ld</strong></span> <span class='ocrx_word' id='word_1_258' title='bbox 214 2509 313 2574; x_wconf 91' lang='lat' dir='ltr'><strong>primum</strong></span> <span class='ocrx_word' id='word_1_259' title='bbox 325 2522 380 2573; x_wconf 83' lang='lat' dir='ltr'><strong>ergo</strong></span> <span class='ocrx_word' id='word_1_260' title='bbox 390 2509 525 2570; x_wconf 87' lang='lat' dir='ltr'><strong>dicendum,</strong></span> <span class='ocrx_word' id='word_1_261' title='bbox 539 2509 599 2574; x_wconf 87' lang='lat' dir='ltr'><strong>qudd</strong></span> <span class='ocrx_word' id='word_1_262' title='bbox 611 2511 649 2562; x_wconf 84' lang='lat' dir='ltr'><strong>ubi</strong></span> <span class='ocrx_word' id='word_1_263' title='bbox 663 2511 793 2562; x_wconf 88' lang='lat' dir='ltr'><strong>immineret</strong></span> <span class='ocrx_word' id='word_1_264' title='bbox 801 2511 938 2575; x_wconf 82' lang='lat' dir='ltr'><strong>pericnlum,</strong></span> 
     </span>
     <span class='ocr_line' id='line_1_34' title="bbox 137 2582 938 2648; baseline 0 -16"><span class='ocrx_word' id='word_1_265' title='bbox 137 2585 252 2646; x_wconf 86' lang='lat' dir='ltr'><strong>oporteret</strong></span> <span class='ocrx_word' id='word_1_266' title='bbox 260 2596 311 2634; x_wconf 88' lang='lat' dir='ltr'><strong>esse</strong></span> <span class='ocrx_word' id='word_1_267' title='bbox 322 2582 421 2646; x_wconf 86' lang='lat' dir='ltr'><strong>aliquem</strong></span> <span class='ocrx_word' id='word_1_268' title='bbox 430 2584 521 2634; x_wconf 87' lang='lat' dir='ltr'><strong>doctum</strong></span> <span class='ocrx_word' id='word_1_269' title='bbox 536 2583 560 2632; x_wconf 95' lang='lat' dir='ltr'><strong>in</strong></span> <span class='ocrx_word' id='word_1_270' title='bbox 572 2583 664 2646; x_wconf 78' lang='lat' dir='ltr'><strong>diuinis,</strong></span> <span class='ocrx_word' id='word_1_271' title='bbox 675 2583 734 2634; x_wconf 90' lang='lat' dir='ltr'><strong>sient</strong></span> <span class='ocrx_word' id='word_1_272' title='bbox 744 2583 867 2648; x_wconf 78' lang='lat' dir='ltr'><strong>Dionysius</strong></span> <span class='ocrx_word' id='word_1_273' title='bbox 876 2584 938 2642; x_wconf 85' lang='lat' dir='ltr'><strong>dicit,</strong></span> 
     </span>
     <span class='ocr_line' id='line_1_35' title="bbox 137 2653 940 2720; baseline 0.002 -18"><span class='ocrx_word' id='word_1_274' title='bbox 137 2654 177 2716; x_wconf 92' lang='lat' dir='ltr'><strong>qui</strong></span> <span class='ocrx_word' id='word_1_275' title='bbox 191 2654 330 2718; x_wconf 83' lang='lat' dir='ltr'><strong>baptizatum</strong></span> <span class='ocrx_word' id='word_1_276' title='bbox 345 2655 373 2705; x_wconf 89' lang='lat' dir='ltr'><strong>de</strong></span> <span class='ocrx_word' id='word_1_277' title='bbox 385 2667 451 2705; x_wconf 84' lang='lat' dir='ltr'><strong>sacro</strong></span> <span class='ocrx_word' id='word_1_278' title='bbox 469 2653 533 2706; x_wconf 84' lang='lat' dir='ltr'><strong>fonte</strong></span> <span class='ocrx_word' id='word_1_279' title='bbox 548 2655 683 2719; x_wconf 87' lang='lat' dir='ltr'><strong>susciperet.</strong></span> <span class='ocrx_word' id='word_1_280' title='bbox 698 2655 743 2706; x_wconf 85' lang='lat' dir='ltr'><strong>Sed</strong></span> <span class='ocrx_word' id='word_1_281' title='bbox 760 2655 799 2705; x_wconf 89' lang='lat' dir='ltr'><strong>nbi</strong></span> <span class='ocrx_word' id='word_1_282' title='bbox 813 2657 858 2706; x_wconf 89' lang='lat' dir='ltr'><strong>hoc</strong></span> <span class='ocrx_word' id='word_1_283' title='bbox 876 2656 940 2720; x_wconf 88' lang='lat' dir='ltr'><strong>peri-</strong></span> 
     </span>
     <span class='ocr_line' id='line_1_36' title="bbox 138 2725 938 2792; baseline 0.001 -18"><span class='ocrx_word' id='word_1_284' title='bbox 138 2726 215 2775; x_wconf 90' lang='lat' dir='ltr'><strong>cnlum</strong></span> <span class='ocrx_word' id='word_1_285' title='bbox 228 2738 276 2776; x_wconf 91' lang='lat' dir='ltr'><strong>non</strong></span> <span class='ocrx_word' id='word_1_286' title='bbox 289 2725 409 2788; x_wconf 89' lang='lat' dir='ltr'><strong>imminet,</strong></span> <span class='ocrx_word' id='word_1_287' title='bbox 422 2729 515 2791; x_wconf 90' lang='lat' dir='ltr'><strong>propter</strong></span> <span class='ocrx_word' id='word_1_288' title='bbox 525 2727 569 2777; x_wconf 90' lang='lat' dir='ltr'><strong>hoc</strong></span> <span class='ocrx_word' id='word_1_289' title='bbox 584 2726 645 2790; x_wconf 90' lang='lat' dir='ltr'><strong>qudd</strong></span> <span class='ocrx_word' id='word_1_290' title='bbox 659 2725 723 2792; x_wconf 80' lang='lat' dir='ltr'><strong>pueri</strong></span> <span class='ocrx_word' id='word_1_291' title='bbox 734 2725 868 2777; x_wconf 86' lang='lat' dir='ltr'><strong>nutriuntur</strong></span> <span class='ocrx_word' id='word_1_292' title='bbox 880 2727 938 2776; x_wconf 86' lang='lat' dir='ltr'><strong>inter</strong></span> 
     </span>
     <span class='ocr_line' id='line_1_37' title="bbox 138 2796 939 2861; baseline 0 -15"><span class='ocrx_word' id='word_1_293' title='bbox 138 2796 278 2858; x_wconf 84' lang='lat' dir='ltr'><strong>catholicos,</strong></span> <span class='ocrx_word' id='word_1_294' title='bbox 291 2796 438 2846; x_wconf 88' lang='lat' dir='ltr'><strong>admittuntur</strong></span> <span class='ocrx_word' id='word_1_295' title='bbox 451 2796 589 2860; x_wconf 91' lang='lat' dir='ltr'><strong>quicumque</strong></span> <span class='ocrx_word' id='word_1_296' title='bbox 607 2797 635 2847; x_wconf 93' lang='lat' dir='ltr'><strong>ad</strong></span> <span class='ocrx_word' id='word_1_297' title='bbox 651 2799 696 2848; x_wconf 89' lang='lat' dir='ltr'><strong>hoc</strong></span> <span class='ocrx_word' id='word_1_298' title='bbox 708 2797 827 2859; x_wconf 83' lang='lat' dir='ltr'><strong>officium,</strong></span> <span class='ocrx_word' id='word_1_299' title='bbox 842 2797 895 2861; x_wconf 85' lang='lat' dir='ltr'><strong>quis</strong></span> <span class='ocrx_word' id='word_1_300' title='bbox 913 2811 939 2846; x_wconf 85' lang='lat' dir='ltr'><strong>ea</strong></span> 
     </span>
     <span class='ocr_line' id='line_1_38' title="bbox 138 2867 939 2933; baseline -0.001 -14"><span class='ocrx_word' id='word_1_301' title='bbox 138 2881 190 2932; x_wconf 78' lang='lat' dir='ltr'><strong>qum</strong></span> <span class='ocrx_word' id='word_1_302' title='bbox 206 2867 321 2932; x_wconf 89' lang='lat' dir='ltr'><strong>pertinent</strong></span> <span class='ocrx_word' id='word_1_303' title='bbox 330 2869 358 2919; x_wconf 91' lang='lat' dir='ltr'><strong>ad</strong></span> <span class='ocrx_word' id='word_1_304' title='bbox 366 2868 513 2919; x_wconf 86' lang='lat' dir='ltr'><strong>christianam</strong></span> <span class='ocrx_word' id='word_1_305' title='bbox 522 2869 594 2920; x_wconf 86' lang='lat' dir='ltr'><strong>uitam</strong></span> <span class='ocrx_word' id='word_1_306' title='bbox 603 2874 628 2920; x_wconf 93' lang='lat' dir='ltr'><strong>et</strong></span> <span class='ocrx_word' id='word_1_307' title='bbox 639 2869 706 2920; x_wconf 85' lang='lat' dir='ltr'><strong>fidem</strong></span> <span class='ocrx_word' id='word_1_308' title='bbox 716 2907 723 2931; x_wconf 91' lang='lat'>,</span> <span class='ocrx_word' id='word_1_309' title='bbox 733 2868 824 2933; x_wconf 84' lang='lat' dir='ltr'><strong>publicd</strong></span> <span class='ocrx_word' id='word_1_310' title='bbox 837 2869 939 2920; x_wconf 85' lang='lat' dir='ltr'><strong>omnibus</strong></span> 
     </span>
     <span class='ocr_line' id='line_1_39' title="bbox 138 2940 939 3008; baseline 0.002 -16"><span class='ocrx_word' id='word_1_311' title='bbox 138 2942 192 2992; x_wconf 87' lang='lat' dir='ltr'><strong>nota</strong></span> <span class='ocrx_word' id='word_1_312' title='bbox 202 2943 264 2993; x_wconf 90' lang='lat' dir='ltr'><strong>sunt.</strong></span> <span class='ocrx_word' id='word_1_313' title='bbox 275 2942 382 2994; x_wconf 62' lang='lat' dir='ltr'><strong>dtamen</strong></span> <span class='ocrx_word' id='word_1_314' title='bbox 389 2940 429 2996; x_wconf 90' lang='lat' dir='ltr'><strong>ille</strong></span> <span class='ocrx_word' id='word_1_315' title='bbox 441 2940 538 3006; x_wconf 87' lang='lat' dir='ltr'><strong>quinon</strong></span> <span class='ocrx_word' id='word_1_316' title='bbox 547 2945 584 2994; x_wconf 87' lang='lat' dir='ltr'><strong>cst</strong></span> <span class='ocrx_word' id='word_1_317' title='bbox 595 2941 731 3008; x_wconf 79' lang='lat' dir='ltr'><strong>baptisatus,</strong></span> <span class='ocrx_word' id='word_1_318' title='bbox 745 2952 792 2995; x_wconf 87' lang='lat' dir='ltr'><strong>non</strong></span> <span class='ocrx_word' id='word_1_319' title='bbox 806 2944 939 3006; x_wconf 85' lang='lat' dir='ltr'><strong>potcstsus·</strong></span> 
     </span>
    </p>
   </div>
   <div class='ocr_carea' id='block_1_3' title="bbox 73 3157 139 3178">
    <p class='ocr_par' dir='ltr' id='par_1_10' title="bbox 73 3157 139 3178">
     <span class='ocr_line' id='line_1_40' title="bbox 73 3157 139 3178; baseline 0 0"><span class='ocrx_word' id='word_1_320' title='bbox 73 3157 139 3178; x_wconf 52' lang='lat' dir='ltr'>A</span> 
     </span>
    </p>
   </div>
   <div class='ocr_carea' id='block_1_4' title="bbox 31 3197 164 3246">
    <p class='ocr_par' dir='ltr' id='par_1_11' title="bbox 31 3197 164 3246">
     <span class='ocr_line' id='line_1_41' title="bbox 31 3197 164 3246; baseline 0 0"><span class='ocrx_word' id='word_1_321' title='bbox 31 3197 164 3246; x_wconf 66' lang='lat' dir='ltr'><strong>A—-l</strong></span> 
     </span>
    </p>
   </div>
   <div class='ocr_carea' id='block_1_5' title="bbox 0 0 977 3284">
    <p class='ocr_par' dir='ltr' id='par_1_12' title="bbox 0 0 977 3284">
     <span class='ocr_line' id='line_1_42' title="bbox 0 0 977 3284; baseline 0 0"><span class='ocrx_word' id='word_1_322' title='bbox 0 0 977 3284; x_wconf 95' lang='lat' dir='ltr'><strong> </strong></span> 
     </span>
    </p>
   </div>
  </div>
 </body>
</html>
