1942 3284
159 208 193 244 us
210 207 370 244 mnnssnoau
384 206 465 251 ouosu
480 207 537 243 neus
552 206 737 244 nmsssnrnrsnr.
800 197 846 244 605

51 282 205 345 grunnitus
219 282 285 333 mudu
295 295 324 333 ex
332 281 384 346 jure
398 280 490 343 dirius,
504 293 534 333 ex
543 283 589 332 lune
600 281 664 345 ipss,
678 281 740 346 quud
751 285 788 332 est
800 297 848 333 me·

51 353 144 413 licina;
158 357 184 404 et
204 352 327 402 seeundum
341 353 385 404 tuoe
398 365 443 402 nou
464 365 544 402 omnes
560 356 667 403 tenentur
683 353 711 403 ad
724 352 847 404 confessio·

50 437 100 474 nem
109 460 119 486 ‚
133 423 177 474 sed
197 422 232 472 illi
249 421 336 472 lentium
351 421 391 486 qui
408 426 524 486 peceatum
546 423 639 473 mortale
658 422 778 473 incurrunt
794 427 847 487 pest

50 493 200 557 baptismum.
218 493 268 544 sliu
286 493 353 544 medo
366 506 395 544 ex
410 497 522 557 precepto
539 492 599 556 juris
610 492 716 555 positu,
729 496 754 544 et
765 494 800 544 sic
812 498 848 545 te·

51 567 133 613 nentur
146 575 254 614 somnes
267 576 296 613 er
309 562 448 614 institutione
463 563 568 614 Ecclesia
580 564 641 614 edita
651 563 675 614 in
691 563 794 615 coneilio
805 576 846 627 ge·

49 633 118 683 nemli
131 633 177 684 sub
193 633 379 695 innocentiani,
391 637 440 684 tum
450 637 476 682 ut
489 634 582 696 quilibet
592 639 732 697 pensionem
746 648 771 685 se
780 647 846 685 neen-

49 705 181 765 guosceret,
194 703 250 766 qnia
267 717 282 752 c
298 716 377 754 omnes
396 708 562 767 peccauerunt,
575 708 598 754 st
613 708 681 766 egent
695 704 767 767 gratia
778 704 819 754 liei
830 721 845 752 s

51 773 148 836 illum..
161 771 213 837 v),
229 776 277 822 tum
295 777 322 824 ut
332 787 384 823 eum
401 773 482 837 majori
496 774 623 826 reuerentia
637 775 666 824 ad
679 774 856 825 Eucharistiam·

49 844 185 905 accedatur,
199 845 250 892 tum
269 842 337 894 etiam
358 847 385 894 ut
400 844 551 895 Ecclesiemm
567 845 691 896 rectoribus
707 843 743 895 sui
761 845 846 897 subditi

49 910 202 974 innotescant,
216 927 245 964 ne
258 914 326 978 lupus
339 914 398 964 intra
412 927 504 978 gregem
516 915 594 965 lentem.

77 983 111 1032 lu
133 982 238 1046 primum
255 996 308 1046 ergo
329 984 463 1045 dicendum,
477 985 539 1048 quid
556 985 659 1048 quamuis
674 986 743 1036 humo
759 986 786 1037 in
802 987 845 1036 luae

50 1053 137 1103 munuli
149 1054 201 1106 vitu
214 1058 267 1118 post
281 1055 417 1118 baptismum
429 1057 571 1119 naufragium
584 1056 680 1106 eradere
692 1056 774 1119 possit,
784 1059 844 1118 quod

50 1125 83 1171 est
99 1129 226 1186 peecatum
242 1126 350 1188 mertule3
373 1139 419 1178 nun
437 1129 515 1178 tamen
534 1127 631 1178 evadens
652 1129 729 1190 potest
746 1126 845 1176 usnialin

50 1193 130 1255 quihus
143 1195 173 1246 ael
183 1196 327 1256 naufragium
336 1196 470 1261 disponitur,
483 1203 561 1248 cenna
569 1211 621 1262 quat
633 1199 702 1248 etium
711 1197 845 1261 punitentia

49 1262 180 1328 ordinatur3
195 1269 221 1317 et
233 1263 284 1316 ileo
298 1271 375 1317 manat
386 1269 528 1331 poeniteutiae
546 1268 610 1318 luens
624 1268 694 1318 etiam
706 1268 731 1316 in
744 1266 790 1317 illis
804 1268 844 1330 qni

50 1345 92 1383 nun
110 1336 239 1387 mortaliter
252 1341 359 1400 peccant,
373 1342 397 1388 et
409 1351 449 1401 per
463 1351 604 1401 consequens
620 1337 780 1388 confessionis.

78 1405 111 1454 ld
132 1407 261 1458 secundnm
278 1407 415 1469 dicendum,
429 1407 580 1471 quianullus
599 1407 688 1468 estqui
702 1420 748 1458 nnn
763 1407 846 1458 hahent

48 1473 145 1535 jurdieem
162 1477 290 1540 Christum,
301 1478 338 1529 eui
348 1491 389 1542 per
399 1492 464 1528 suum
481 1478 589 1528 marium
600 1477 846 1540 assumpsissent

50 1547 149 1604 quumvis
168 1561 199 1600 eo
215 1546 306 1600 inferior
323 1548 389 1599 sitin
408 1552 517 1612 qnantum
530 1549 637 1613 prelatus
656 1552 706 1611 est3
720 1552 798 1598 tamen
810 1552 846 1598 est

51 1624 76 1662 eu
90 1618 207 1680 superior,
216 1619 243 1670 iu
256 1624 364 1683 quantum
377 1623 483 1682 peccator
496 1621 532 1668 est
541 1619 603 1682 ipse,
617 1622 642 1668 et
654 1618 791 1668 illecturisti
802 1618 846 1667 mi-

50 1683 125 1736 auter.

79 1757 110 1806 nu
125 1758 219 1810 tertium
232 1774 286 1824 ergo
299 1761 436 1821 dicentum,
448 1759 509 1824 quud
519 1772 549 1810 ex
564 1761 588 1810 ui
601 1759 737 1810 sacramenti
752 1771 799 1810 nun
811 1763 846 1810 te-

50 1830 113 1878 netur
130 1830 216 1894 aliquis
229 1831 326 1882 venialia
343 1831 461 1894 eonium,
476 1831 517 1881 sed
531 1844 560 1882 ex
574 1831 718 1882 institutione
730 1829 845 1892 Ecclesiae,
949 1840 950 1871 l

51 1899 138 1956 munit
158 1913 207 1952 nen
224 1899 350 1951 halelulia
370 1913 422 1964 qus
436 1901 633 1952 muliermala
652 1903 728 1964 puteat
747 1899 792 1950 dici
809 1913 846 1951 se·

52 1965 146 2018 cundum
160 1971 284 2034 quosdam,
296 1969 357 2034 quid
367 1984 397 2021 ex
415 1970 526 2021 Decretnli
540 1971 649 2036 predicta
662 1981 708 2020 nun
718 1969 846 2033 obligantur

51 2035 92 2085 nisi
106 2038 139 2090 illi
149 2041 191 2104 qui
209 2041 293 2090 habent
305 2045 399 2104 peccata
414 2041 530 2105 mortalia3
543 2042 605 2104 quud
616 2044 680 2104 patet
690 2052 719 2090 ex
731 2041 776 2091 hou
785 2041 845 2104 quod

52 2103 112 2181 tlicit,
121 2110 183 2172 quud
193 2126 208 2159 a
217 2110 301 2161 (telem
309 2111 385 2162 emnia
395 2115 490 2175 peecata
502 2111 613 2172 multem,
623 2128 638 2159 s
652 2111 713 2174 quenl
725 2111 754 2160 de
766 2112 846 2161 uenia·

53 2171 107 2226 lubus
120 2180 219 2244 intelligi
233 2193 279 2231 non
296 2185 384 2244 potest,
394 2182 448 2246 qnia
462 2182 540 2232 nullus
553 2181 630 2233 emnia
644 2181 744 2231 confieri
759 2185 843 2245 putes&

51 2247 73 2293 el
83 2250 208 2302 mumdum
221 2252 267 2302 huc
277 2250 315 2302 ille
325 2253 365 2314 qui
378 2266 425 2303 nun
437 2253 506 2302 habet
516 2252 636 2313 mortalia,
652 2264 699 2302 nun
715 2255 804 2301 tenetur
816 2253 844 2300 au

52 2317 214 2374 contessionem
229 2319 364 2382 venialium3
380 2322 420 2372 ssd
439 2322 524 2372 sustitit
540 2323 569 2372 ad
581 2327 719 2385 preceptum
737 2321 844 2372 Ecclesia
947 2318 948 2325 ’

52 2381 196 2455 implendum,
207 2395 233 2442 ut
247 2405 272 2442 se
284 2391 394 2442 sacerdoti
404 2396 552 2456 representet
555 2428 565 2455 ‚
575 2397 599 2442 et
607 2406 633 2442 se
645 2393 750 2443 ostendat
758 2392 843 2454 absque

51 2459 187 2513 consumta
198 2461 300 2514 monialis
313 2475 381 2526 esse;
394 2466 417 2513 et
425 2463 468 2514 troc
478 2462 501 2512 ei
511 2475 552 2527 pru
560 2462 704 2514 confessione
716 2464 841 2524 reputatur.
945 2508 947 2527 4
