1942 3284
142 166 186 211 tec
287 144 490 225 sensimsensrm,
506 176 596 221 pumsr.
615 176 674 223 xxv,
688 174 745 213 sur·
765 175 798 211 ru.

433 358 592 410 salicetus
608 360 647 409 iii.

168 482 254 526 virium
263 493 311 537 pro
329 482 456 537 temporati
469 482 574 527 subsidio
587 483 670 527 aebeat
678 483 739 537 fleri
754 482 902 537 inculpatur.

168 609 203 660 Ad
214 607 306 659 tertium
319 607 355 657 sic
368 608 506 671 proceditur.
522 607 616 659 Videtur
624 608 688 671 ruba
699 622 743 673 pro
755 606 920 673 temperalisub
941 638 942 643 =

137 680 252 732 sidienon
267 680 348 731 debeat
364 678 576 743 tieriinclulgeutia.
595 680 652 739 Quia
671 681 780 732 remissio
799 686 921 745 pecmtornn

135 757 173 805 est
185 751 297 816 quoddam
309 750 436 815 spirituale.
445 752 491 801 Sed
505 750 559 802 dare
569 752 687 815 spirituale
700 766 746 816 pro
761 752 922 817 temporatim

136 823 243 875 simonia.
256 824 316 886 Eupo
329 824 374 873 buc
385 822 435 873 lieri
447 836 495 873 non
505 823 582 873 debet.

167 900 192 947 ἢ.
201 898 316 947 Pretereu
325 934 332 957 ,
341 894 469 959 spiritualia
478 894 580 945 subsidia
589 898 643 945 sunt
652 896 730 957 magis
741 894 922 957 neeessariapuln
942 910 943 959 l

135 966 279 1030 temporalia.
296 966 343 1017 Sed
355 979 396 1030 pro
410 965 566 1029 spiritualibus
583 965 693 1017 subsidiis
707 980 760 1017 non
777 968 881 1018 uidentur
891 964 922 1014 lui
942 984 943 1023 r

138 1038 294 1102 indulgentiae.
304 1039 365 1100 Ergo
374 1036 446 1088 multb
460 1034 539 1086 minirs
551 1050 592 1101 pru
602 1038 776 1100 temporalibus
789 1038 840 1089 fieri
852 1037 921 1089 uelut

169 1110 214 1161 Sed
233 1113 312 1161 contra
333 1111 370 1159 est
388 1107 516 1159 communis
536 1106 644 1159 Ecclesia
659 1111 826 1173 consuetudo,
845 1122 923 1173 puapu

137 1179 359 1246 peregrinationibus
374 1183 399 1229 et
413 1178 567 1243 eleemosynis
579 1178 689 1231 iaciendis
706 1179 920 1244 indulgentissimi

173 1249 440 1316 (Concessum-Licet
452 1262 494 1314 pre
512 1250 633 1315 temporali
650 1250 756 1302 subsidio
770 1252 801 1302 ud
822 1248 922 1315 spirituli

137 1324 258 1385 ordinato,
278 1322 432 1390 indulgentias
452 1322 571 1385 conterre;
591 1334 639 1372 non
659 1326 740 1371 autem
766 1336 812 1387 pro
831 1319 924 1385 tenpuul

137 1394 282 1458 simpliciter,
297 1392 326 1443 aci
335 1392 451 1442 vitandam
463 1391 610 1456 simoniam.)

168 1464 305 1529 Respondes
323 1463 460 1523 dicendum,
474 1463 536 1526 qubd
548 1463 682 1529 temporalia
700 1466 729 1514 ad
748 1464 875 1530 spiritualia
883 1462 924 1513 orl·

137 1541 233 1598 uantur,
243 1535 298 1600 qnia
310 1539 403 1600 propter
415 1534 542 1599 spiritualis
556 1536 665 1587 debemus
678 1536 713 1585 uti
729 1536 922 1602 temporalium

136 1608 190 1660 ileo
201 1621 244 1672 pro
253 1606 416 1671 temporalibus
425 1606 560 1671 simpliciter
574 1620 619 1659 uon
633 1610 710 1671 potest
719 1607 777 1659 [ieri
789 1606 922 1671 induigentia,
944 1634 945 1698 p

138 1680 180 1732 sed
194 1693 236 1744 pro
255 1678 418 1744 temporalibus
438 1678 549 1731 ordinatis
563 1679 591 1730 ad
608 1678 759 1744 spiritualia3
776 1680 839 1731 sium
855 1682 923 1729 estre
944 1706 945 1711 =

136 1751 226 1816 pressio
234 1750 378 1802 inimicorum
391 1748 514 1813 Ecclesia,
525 1750 565 1813 qui
575 1762 656 1813 paceni
669 1750 789 1803 Ecclesiae
802 1749 920 1817 perurunt

75 1816 115 1847 *s
137 1822 198 1873 sicut
211 1820 350 1873 constructio
365 1820 511 1871 ecclesiarum
524 1824 548 1871 et
560 1819 680 1885 pontium,
698 1825 723 1871 et
737 1822 841 1873 alierum
848 1822 922 1871 eteenr

138 1905 247 1958 spnurum
259 1893 359 1957 largitio.

168 1965 199 2015 Et
213 1976 254 2027 per
267 1964 311 2014 boc
323 1965 388 2026 patet
400 1960 462 2025 qubd
473 1976 520 2013 nen
537 1962 568 2014 sit
580 1963 612 2014 ibi
628 1963 739 2025 simonia,
757 1966 814 2030 quin
824 1978 869 2017 non
877 1962 922 2013 datu

137 2033 255 2098 spirituale
264 2033 442 2099 protemporali,
454 2034 495 2085 sed
506 2048 547 2098 pro
559 2034 680 2099 spirituali.
696 2036 768 2088 Unde
782 2040 850 2103 patet
861 2034 922 2086 solatio

137 2106 167 2157 ad
179 2106 287 2169 primum.

169 2176 204 2227 Ad
216 2178 339 2227 secundnm
356 2175 489 2236 dicendum,
498 2175 561 2241 quid
577 2176 645 2228 etiem
658 2192 701 2243 pro
715 2181 777 2244 purb
791 2177 925 2246 spiritulia

136 2251 214 2312 potest
233 2248 283 2299 fieri
301 2248 463 2312 indulgentia,
477 2252 503 2299 et
521 2249 547 2299 tlt
559 2249 710 2313 quandoque3
728 2253 792 2303 sient
810 2252 924 2316 queamus*

30 2333 31 2354 t
137 2323 186 2370 orat
206 2332 249 2384 pm
265 2333 319 2384 rege
333 2319 451 2380 Francis,
469 2320 539 2371 babet
557 2320 635 2371 decem
651 2320 704 2373 dies
724 2324 755 2375 de
773 2316 923 2388 inungentui

136 2392 199 2456 Papa
212 2391 344 2442 Innocentio
357 2391 406 2441 iv:
420 2396 445 2441 et
458 2390 563 2441 similiter
576 2404 667 2442 erucem
684 2394 864 2457 praedicantibus
874 2393 922 2441 latus

135 2462 271 2527 quandmpue
282 2463 360 2514 eaden
371 2461 528 2525 indulgentia,
543 2476 594 2525 quae
606 2476 700 2515 crucem
715 2464 889 2532 accipientibus.
