1942 3284
668 1 966 12 ..u-,W

317 188 348 222 nn
362 187 505 224 nrancnrsus
521 189 640 224 nnnrrsrrr.
828 178 873 224 tta

60 264 88 312 in
109 263 205 314 mantia
226 263 263 312 vel
285 262 401 326 sacrilegio
419 266 595 326 perseverante,
612 265 755 324 peccatorum
778 261 874 312 ablutio-

61 347 123 385 nem
138 335 174 400 (t)
192 347 238 384 non
249 333 337 384 sinebat
352 333 409 384 beri.
421 351 435 382 u

95 409 267 468 (Cosmusro.
276 405 417 460 7-Fietione
426 419 466 468 per
474 404 633 469 penitentiam
642 404 875 468 remntd‚baptismus

61 477 180 528 effectum
193 491 259 527 suum
276 476 383 526 continue
396 475 567 539 consequitur.)

96 549 243 613 Responden
253 547 385 608 dicendum,
396 546 456 610 qudd
471 546 532 596 sicut
543 547 610 611 snprd
623 547 711 597 dietum
721 551 757 598 est
766 548 776 610 (
784 561 823 611 qn.
835 554 873 609 ott,

60 625 110 670 art.
127 623 174 685 9),
190 619 317 683 baptismus
337 623 373 669 est
386 620 489 682 quaedarn
506 617 630 682 spiritualis
649 620 797 682 regeneratio.
817 618 874 670 Cum

62 697 147 742 autem
165 691 255 754 aliquid
268 697 403 753 generatur,
423 689 489 740 simut
513 705 565 740 eum
581 689 654 740 foruna
672 690 753 753 recipit
769 690 874 740 effectum

65 763 158 824 tormer,
171 762 219 813 nisi
229 762 260 812 sit
271 762 353 825 aliquid
367 762 512 826 impediens,
527 775 571 824 quo
585 765 688 822 remoto,
701 762 776 812 forma
787 761 822 812 rei
835 775 875 824 ge·

64 841 153 886 neratae
168 834 261 899 perficit
278 847 344 884 suurn
362 835 479 896 effectum3
494 833 553 883 sicut
565 833 635 883 simul
648 832 699 883 edm
711 846 794 896 corpus
807 845 875 895 grane

61 909 203 967 generatur,
219 907 324 956 mouetur
342 904 461 967 deorsum,
475 903 521 954 nisi
534 904 565 954 sit
577 904 661 966 aliquid
678 905 816 968 prohibens,
830 918 876 968 qno

63 981 173 1038 remoto,
190 977 268 1027 stetim
279 976 360 1040 incipit
378 977 465 1026 moveri
479 971 592 1027 deorsum.
607 977 635 1025 nt
652 976 768 1037 similiter,
785 976 876 1040 qnando

63 1048 159 1112 aliquis
171 1048 314 1112 baptizatur,
326 1047 409 1110 accipit
421 1049 574 1098 characterem
585 1047 652 1110 quasi
665 1050 768 1108 tornum,
783 1052 806 1098 et
817 1059 876 1098 con-

63 1119 177 1182 sequitur
195 1119 312 1183 proprium
332 1119 453 1180 effectum,
472 1121 512 1182 qui
530 1124 566 1168 est
583 1118 654 1182 gratia
669 1120 788 1169 remittens
800 1118 876 1168 omnia

62 1192 175 1253 peccata.
204 1190 329 1254 impeditur
352 1193 427 1240 autem
447 1191 583 1254 quandoque
603 1203 644 1253 per
663 1189 778 1240 fictionem
794 1205 800 1238 ε
816 1189 876 1239 unde

63 1265 165 1324 oportet
182 1260 258 1324 quod,
273 1259 359 1310 remota
373 1260 401 1310 ee
414 1273 455 1324 per
469 1261 643 1324 poeuitentiam,
658 1261 785 1326 baptismus
801 1261 876 1310 statim

65 1337 228 1396 consequatur
242 1344 308 1382 suum
321 1331 435 1382 effectum.

98 1403 137 1453 Ad
151 1401 254 1466 primunr
267 1415 320 1466 ergo
334 1402 462 1464 dicendum,
474 1401 534 1468 qudd
545 1406 709 1453 sacramentum
720 1400 828 1466 baptismi
841 1406 878 1451 est

66 1487 129 1538 opus
149 1474 209 1534 bei,
224 1477 247 1524 et
261 1487 306 1524 uon
323 1473 433 1524 hominis.
448 1475 478 1524 Et
488 1474 539 1526 ideo
552 1487 599 1524 non
610 1478 645 1525 est
655 1478 770 1525 mortuum
783 1474 809 1524 in
824 1473 876 1523 dcto

66 1546 109 1608 qui
120 1545 174 1596 sine
184 1545 297 1595 charitate
307 1545 446 1608 baptizatur,

101 1617 137 1666 nd
157 1616 285 1665 secundum
307 1615 442 1677 dicendum,
464 1616 523 1679 qudd
544 1616 605 1665 fictio
624 1629 671 1666 non
690 1619 820 1665 removetur
836 1628 878 1678 per

68 1687 231 1751 baptismum,
243 1687 282 1736 sed
297 1699 337 1750 per
349 1687 507 1751 poenitentiam
521 1690 713 1749 consequentem,
725 1686 770 1750 qut
781 1684 877 1746 remoti,

69 1757 204 1822 baptismus
222 1757 297 1807 uuiert
309 1771 401 1808 omnem
412 1759 504 1822 culpam
519 1761 543 1807 et
553 1763 640 1806 reatum
654 1756 756 1806 omnium
767 1760 879 1820 peecato-

70 1843 124 1879 rum
134 1829 315 1892 precedentium
324 1829 471 1893 baptismum,
481 1833 506 1879 et
514 1829 583 1878 otiam
594 1828 661 1878 simut
671 1827 816 1878 existentium
826 1841 878 1877 cnm

69 1901 198 1966 baptismo.
218 1901 284 1951 Unde
302 1901 440 1964 burgastinus
459 1900 514 1950 dicit
524 1900 550 1949 in
561 1899 601 1950 tib.
617 1901 655 1949 Dc
675 1901 809 1963 Baptiemo
822 1899 880 1960 (nbi

73 1972 160 2038 snprb)
176 1988 182 2020 :
202 1987 216 2018 u
228 1971 328 2022 Solvitur
339 1973 461 2022 hesternus
475 1972 544 2034 dies,
556 1978 580 2022 et
593 1971 703 2034 quidquid
716 1974 821 2035 superest
833 1970 880 2020 sot-

72 2042 144 2105 dtur,
161 2043 232 2094 etiam
250 2043 300 2106 ipsu
316 2045 373 2094 bore
391 2047 575 2106 momentumque
594 2047 647 2092 ante
665 2042 804 2106 baptismum
818 2044 842 2092 et
855 2042 879 2090 in

73 2113 204 2178 bsptism03
218 2113 327 2178 deinceps
336 2118 412 2164 autem
426 2113 536 2164 continuo
550 2127 603 2164 reus
615 2127 666 2164 esse
678 2112 767 2177 incipit.
778 2128 793 2159 n
807 2113 837 2162 nt
847 2111 880 2162 sic

74 2186 102 2235 ad
120 2185 232 2249 baptismi
250 2184 356 2235 effectum
376 2186 559 2248 consequendum
581 2183 693 2236 cotemnit
711 2183 838 2247 baptismus
857 2185 880 2232 et

76 2257 231 2320 poenitentia3
247 2257 286 2308 sed
303 2256 430 2320 baptismus
450 2255 509 2306 sicut
524 2268 593 2306 caum
611 2269 652 2320 per
670 2269 695 2306 ee
710 2267 795 2319 agenn,
807 2252 880 2320 porni-

76 2327 150 2378 tentiu
161 2327 222 2378 sicut
239 2339 308 2377 cause
324 2340 365 2391 per
373 2327 485 2390 accidens,
496 2327 521 2377 id
530 2331 566 2378 est
577 2339 697 2378 remouens
714 2325 848 2390 prohibens.

108 2401 143 2450 nd
153 2399 248 2449 tertium
257 2397 387 2457 dicendum,
402 2397 462 2460 qudd
472 2399 566 2448 effectus
576 2397 684 2461 baptismi
697 2410 742 2448 non
754 2401 789 2447 est
801 2397 881 2447 tollere

78 2475 170 2532 peccuu
188 2471 281 2534 futuru,
298 2469 337 2520 sed
355 2470 478 2532 presentie
497 2471 534 2520 vet
550 2470 673 2533 preterita.
687 2471 718 2518 nt
736 2469 804 2532 ideo,
818 2481 880 2518 rece-

78 2545 145 2594 dente
168 2542 277 2606 fictione‚
299 2545 392 2606 peccate
410 2544 528 2606 sequentia
548 2542 695 2592 remittuntur
714 2541 820 2605 quidem,
842 2542 882 2590 sed

80 2628 119 2678 per
131 2613 308 2678 penitentium,
324 2625 369 2663 nou
383 2627 424 2676 per
439 2614 585 2678 baptismum.
601 2614 664 2664 Unde
678 2627 724 2662 non
737 2612 882 2662 remittuntur

81 2685 190 2764 quintium
210 2687 239 2736 ad
254 2688 327 2735 toturn
345 2691 450 2758 renum,-
465 2685 524 2735 siunt
546 2687 638 2746 peecata
661 2681 810 2746 precedentis
828 2681 882 2744 bup-

79 2761 177 2810 tremunt.

113 2865 148 2928 (1)
163 2867 229 2913 Attus
243 2866 406 2912 abolitionem.
