1942 3284
215 205 248 244 nn
261 203 419 244 encunmrro
434 201 645 244 manuninum.
779 195 827 244 tte

24 282 149 346 ueniente,
163 281 295 332 nullatenus
312 282 402 348 possint
416 282 544 347 segregari,
556 287 580 334 et
593 295 665 334 unum
684 280 734 332 sine
756 283 827 334 uitem

24 353 66 404 rite
80 352 164 417 perfici
179 365 228 404 non
239 354 320 417 possit.
334 369 348 401 u
363 355 392 404 nt
405 354 457 406 iden
468 355 549 405 endem
560 359 663 418 tempora
673 355 826 418 euntpraettxu

25 425 140 489 baptismo
152 424 285 476 solemniter
299 425 445 488 celebrando,
456 430 480 476 et
490 424 543 476 huie
553 428 702 478 sacramento.
713 425 765 485 Sed,
775 424 829 490 qnia

25 496 66 546 hnc
79 499 251 546 sacramentum
262 497 275 546 h
286 497 341 547 sniis
354 497 555 562 episcopisdutnr,
566 497 607 562 qui
619 511 666 548 non
674 500 728 547 sunt
737 508 829 560 semper

26 571 152 630 praesentes
163 567 204 618 uhi
218 568 346 633 presbyteri
354 569 480 633 baptizant,
492 569 599 633 oportuit,
611 566 720 632 queuntium
730 568 759 618 ad
768 582 830 619 cum-

29 653 120 689 munem
130 653 211 702 usum,
229 643 393 691 sacramentnm
405 639 584 691 confirmationis
597 640 665 690 etiam
678 639 702 688 in
715 639 757 690 aliu
770 644 829 691 tem·

29 723 81 773 pura
92 710 190 761 differri.

58 781 91 830 nd
100 782 229 832 secundum
237 781 365 842 dicendum,
372 781 431 846 quhd
440 782 467 832 ah
478 781 518 832 iila
524 781 674 848 prohibitione
682 780 827 846 excipiuntur

29 852 110 902 infirmi
123 857 147 902 et
164 857 237 904 ruente
249 853 409 918 periclitantes,
426 854 484 904 sicut
497 854 522 904 in
537 857 623 904 statuto
636 853 756 904 hietdensis
769 866 829 904 cen-

29 922 70 972 uitii
85 923 182 986 tegitur.
191 923 220 972 Et
231 922 291 986 iden,
302 928 394 988 propter
406 924 573 976 multitudinem
584 924 693 985 fidetium,
704 928 727 974 et
735 930 828 989 propter

28 994 126 1057 pericula
150 994 310 1059 imminentia,
330 995 455 1046 sustinetur
470 1001 497 1046 ut
514 995 557 1047 hoc
571 999 752 1061 sacramentum,
769 995 829 1059 quud

29 1078 72 1115 mu
89 1065 137 1115 nisi
152 1066 183 1115 ab
199 1065 314 1130 episcopis
325 1066 373 1116 dari
386 1071 477 1130 potest,
491 1067 559 1118 etiam
575 1065 589 1116 h
604 1079 650 1116 non
666 1066 751 1130 jejunis
763 1067 829 1118 detur

30 1138 62 1187 ret
74 1136 214 1201 accipiatur,
230 1138 283 1202 quia
296 1151 355 1188 unns
366 1138 500 1203 episcopus,
515 1137 628 1203 praecipui
642 1137 666 1187 in
680 1150 762 1202 magna
772 1137 829 1188 dim-

31 1209 82 1271 nesi,
93 1221 143 1258 nnn
156 1208 273 1260 sufficeret
283 1209 312 1260 ad
325 1213 360 1261 tut
369 1211 476 1261 hemines
485 1210 660 1272 confirmandus,
668 1209 728 1260 sieis
736 1213 830 1272 temnus

31 1283 161 1330 arctaretur.
173 1279 215 1329 Ubi
228 1282 304 1331 tamen
321 1280 421 1344 congrue
432 1281 549 1333 observari
560 1283 645 1346 potest,
656 1279 831 1331 convenientius

32 1355 62 1401 cut
73 1350 123 1402 uth
130 1350 221 1416 jejunis
233 1352 299 1402 detur
311 1357 336 1402 et
345 1352 477 1416 accipiatur.

58 1424 91 1473 hd
107 1421 204 1473 tertium
219 1421 348 1486 dicentum,
364 1423 424 1488 quhd
438 1424 497 1474 sicut
508 1437 536 1476 er
547 1423 647 1476 Concilio
661 1422 751 1474 Martini
761 1423 833 1488 Papae

32 1493 124 1545 hahetur
134 1493 184 1558 (t),
193 1493 256 1543 omni
273 1497 374 1558 tempore
384 1495 466 1546 tieehat
478 1496 579 1548 chrisma
592 1495 711 1547 conficere.
722 1495 767 1545 Sed
778 1495 831 1559 quin

33 1564 136 1616 eutemnin
146 1565 292 1629 baptismus.
307 1566 336 1616 ad
349 1579 416 1630 quem
434 1567 557 1631 requiritur
575 1581 631 1618 usus
648 1565 790 1630 chrismatis,
806 1566 831 1616 iu

33 1635 216 1699 humanarumue
229 1637 366 1701 celebratur,
381 1637 483 1701 congrue
495 1638 620 1689 ordinatum
637 1641 686 1699 eet,
701 1640 727 1686 ut
742 1649 784 1700 per
796 1637 832 1686 hi-

36 1705 97 1756 iuum
117 1711 172 1758 ante
196 1709 225 1757 ah
242 1708 349 1773 episcopo
366 1710 464 1760 chrisma
483 1709 643 1769 benedicatur,
662 1711 688 1758 ut
704 1707 778 1772 possit
792 1719 834 1772 per

37 1776 147 1829 diaecesim
161 1779 279 1830 destinari.
294 1780 346 1831 Dies
359 1781 428 1832 etiam
442 1781 480 1830 ille
493 1780 548 1831 satis
563 1779 666 1844 congruit
683 1779 712 1828 ud
726 1779 833 1829 materias

38 1855 222 1901 sacramentorum
240 1852 419 1916 benedicendas,
435 1853 459 1902 in
475 1865 520 1917 qun
540 1851 583 1901 tuit
598 1850 741 1902 eucharistie
757 1863 832 1900 suern·

39 1925 131 1972 mentum
148 1923 294 1985 institutum,
307 1924 335 1974 ad
348 1925 406 1988 qnod
422 1924 499 1975 omnin
515 1921 558 1973 alia
571 1926 710 1974 sacramente
724 1923 832 1987 quodum-

40 1993 99 2043 mndc
112 1994 254 2055 ordinantur,
270 1995 328 2046 sicut
342 1995 411 2060 enprh
421 1995 511 2046 nictum
526 1998 563 2045 est
576 1995 630 2058 (qu.
649 1999 687 2054 tt,
705 2001 748 2045 art.
762 1995 798 2057 ι).

69 2099 98 2161 (1)
112 2105 167 2161 Gap.
191 2104 237 2162 51,
251 2105 311 2150 sient
330 2105 428 2152 retertur
441 2106 466 2151 in
488 2106 610 2155 Decretis,
632 2104 667 2150 De
689 2108 833 2154 consecrat..

43 2161 88 2209 titt.
100 2164 131 2225 t,
149 2179 203 2225 cap.
219 2165 294 2214 Omni
304 2172 416 2226 uapore.
429 2169 495 2214 Idem
510 2168 614 2214 decernit
627 2167 744 2214 nantinus
758 2169 831 2226 Papa,

43 2224 138 2280 Darem,
152 2229 188 2276 De
206 2235 351 2281 consecret„
364 2232 419 2276 (liet.
431 2230 456 2289 ³,
469 2243 521 2288 cup.
536 2232 650 2281 Litteris,
663 2236 686 2276 et
705 2231 758 2290 hoc,
770 2230 833 2276 reiut

44 2289 70 2332 ab
80 2292 196 2352 Apcstetie
208 2298 339 2354 acceptum,
353 2295 472 2340 obseruari
484 2294 599 2352 praecipit.
