1942 3284
516 135 604 175 :itm
853 139 978 178 rant
1005 140 1082 188 m,
1112 139 1298 185 Qusssr.
1333 138 1458 175 unx
1476 164 1488 188 ,
1516 139 1628 177 Amr.
1660 136 1766 176 vm.

516 216 782 267 armamenti
818 218 1040 266 honorem
1083 215 1575 280 etsignificationem,
1608 220 1708 265 tum
1746 215 1879 265 etiam
1915 228 1942 265 ο

520 289 654 339 nuliis
675 293 723 338 et
750 287 982 337 ebrietatis
1001 287 1292 350 periculum.)

580 360 846 423 Respondet·
887 359 1161 419 dicendum,
1200 359 1319 421 quod
1359 358 1529 422 aliquid
1581 359 1773 422 impedit
1808 363 1942 421 sumpt

520 435 655 495 liujus
692 430 963 481 sacramenti
991 430 1230 493 dupliciter
1266 446 1278 479 ε
1312 444 1403 480 uno
1433 431 1565 482 modo
1595 430 1847 481 secundum
1887 443 1932 479 se

524 509 752 567 [ructatum
781 503 999 565 mortale,
1026 502 1147 566 quod
1177 502 1315 551 habet
1338 503 1686 566 repugnantiam
1725 502 1782 551 ad
1817 500 1942 562 signi!

520 579 657 639 liujus
680 573 978 635 sacramenti,
1006 578 1055 623 ut
1077 572 1212 637 supra
1235 572 1401 623 dictum
1422 577 1491 623 est
1514 574 1632 637 (art.
1658 577 1684 621 4
1706 580 1752 623 et
1775 572 1843 635 7);
1873 570 1942 621 ali(

524 652 701 711 propter
747 646 1098 712 prohibitionem
1144 645 1386 707 Ecclesiae3
1430 650 1476 696 et
1523 646 1590 695 sic
1632 645 1876 710 impeditur
1905 644 1941 693 al

520 719 777 782 §irruptione
796 719 934 782 hujus
967 717 1253 780 sacramenti,
1273 722 1377 781 post
1395 717 1543 767 cibum
1565 721 1608 767 et
1635 721 1794 781 potum
1822 730 1942 766 assuu

524 791 691 855 triplici
715 791 908 841 ratione.
939 789 1090 840 Primb
1124 789 1338 854 quidem,
1364 789 1483 839 sicut
1512 790 1796 853 Augustinus
1837 788 1937 838 dicit

528 871 740 913 tinnorem
762 862 900 925 hujus
937 862 1226 919 sacramenti,
1245 877 1272 908 »
1303 867 1353 911 ut
1387 862 1624 911 scilicetin
1655 874 1710 911 os
1739 859 1932 911 hominis

528 937 723 985 trundum
764 935 916 998 aliquo
952 933 1054 983 cibo
1101 933 1174 983 vel
1221 926 1332 996 potu
1374 933 1609 983 infectum.
1650 932 1893 994 Secundo,
1936 946 1942 994 i

524 1006 927 1071 significationem,
958 1010 1008 1054 ut
1034 1004 1209 1055 scilicet
1236 1006 1366 1054 detur
1400 1003 1594 1068 intelligi
1619 1004 1741 1067 quud
1775 1003 1942 1054 Christo

532 1087 600 1127 est
628 1091 700 1127 res
725 1078 864 1140 hujus
886 1076 1209 1139 sacramenti),
1238 1081 1286 1127 et
1320 1076 1518 1126 ebaritas
1545 1076 1648 1139 ejus
1676 1076 1814 1126 debet
1839 1075 1942 1139 prim

528 1151 622 1199 nari
644 1150 690 1199 in
708 1150 917 1199 cordibus
940 1147 1108 1198 nostris
1127 1186 1139 1208 ,
1163 1148 1416 1199 secuudum
1444 1147 1555 1197 illud
1585 1150 1790 1203 Mattk„
1820 1149 1906 1197 vl:
1935 1166 1942 1191 t

532 1223 612 1271 rite
646 1221 841 1285 primum
880 1233 1071 1283 regnum
1112 1221 1213 1270 Dei.
1246 1236 1274 1268 »ι
1317 1218 1500 1279 Tertio,
1544 1222 1730 1283 propter
1763 1219 1942 1283 periculi

532 1292 665 1341 mitiis
690 1296 736 1342 et
762 1291 1019 1353 ebrietatis,
1058 1305 1158 1356 quae
1195 1292 1466 1355 quandoque
1500 1291 1775 1353 contingunt
1803 1304 1856 1340 ex
1886 1292 1942 1340 ho

532 1363 733 1413 immines
773 1362 1025 1413 inordinate
1061 1364 1177 1413 cibis
1204 1366 1418 1425 utuntur,
1451 1361 1570 1413 sicut
1612 1366 1660 1411 et
1701 1363 1939 1427 Apostolus

532 1439 564 1483 l.
604 1436 741 1491 Cor„
761 1436 851 1485 xl:
884 1452 912 1484 α
934 1435 1060 1485 Alius
1080 1435 1263 1498 quidem
1287 1434 1445 1490 esurit,
1472 1434 1588 1484 alius
1617 1438 1770 1484 autem
1806 1434 1942 1484 ebrius

532 1511 596 1559 nb
616 1510 700 1559 hac
740 1515 892 1558 tamen
920 1509 1122 1572 generali
1149 1510 1306 1572 regula
1333 1507 1620 1571 excipiuntur
1647 1508 1847 1569 infirmi,
1873 1507 1942 1570 qui

532 1581 893 1632 .,-.mnmunicandi
926 1584 1036 1630 sunt
1071 1580 1208 1631 etiam
1235 1583 1336 1643 post
1360 1579 1513 1629 cibum
1531 1615 1548 1642 ‚
1579 1579 1620 1629 si
1651 1580 1708 1629 de
1737 1592 1893 1630 eorum
1927 1592 1942 1640 1

532 1652 775 1714 dubitatur,
802 1666 859 1702 ne
879 1653 979 1702 sine
1001 1651 1318 1701 communione
1333 1652 1571 1712 decedant,
1592 1651 1700 1714 quia
1718 1651 1942 1702 necessita

536 1743 623 1775 tlon
657 1728 810 1778 habet.
842 1727 969 1776 Unde
1001 1724 1168 1775 dicitur
1198 1725 1270 1774 De
1296 1727 1589 1780 consecrat..
1617 1724 1729 1773 dist.
1753 1728 1784 1772 2
1812 1727 1901 1788 (ex
1925 1724 1942 1771 (

536 1798 885 1861 ᾞῐῡτωεῑίεηεί)
911 1814 923 1847 z
956 1815 984 1847 «
1003 1798 1244 1861 Presbyter
1272 1797 1502 1847 infirmum
1523 1795 1677 1846 statim
1708 1794 1942 1846 communi<

535 1871 631 1921 taine
650 1870 971 1921 communione
1005 1869 1240 1919 moriatur.
1260 1886 1287 1916 2>

600 1945 661 1995 „nd
686 1944 881 2006 primum
906 1955 1014 2004 ergo
1035 1942 1294 2003 dicendum,
1318 1939 1439 2003 qudd
1461 1940 1579 1990 sicut
1600 1939 1880 2001 Augustinus
1898 1938 1942 1987 in

540 2015 646 2063 libro
682 2014 794 2063 dicit
823 2028 835 2061 ι
870 2030 896 2059 «
927 2014 1086 2075 Neque
1122 2013 1226 2076 quia
1255 2018 1360 2076 post
1397 2013 1524 2063 cibos
1553 2012 1776 2061 Dominus
1810 2010 1934 2061 dedit

540 2095 657 2135 terea
678 2084 835 2147 pransi
857 2087 936 2132 aut
960 2083 1127 2133 coenati
1159 2083 1319 2133 fratres
1346 2083 1401 2132 ad
1427 2084 1514 2133 boc
1550 2084 1882 2131 sacramentum
1909 2093 1942 2129 a«

540 2159 641 2207 ilum
665 2155 909 2207 convenire
939 2156 1138 2218 debent,
1169 2159 1247 2205 aut
1274 2155 1446 2206 mensis
1468 2155 1565 2203 suis
1600 2152 1818 2215 miscere,
1848 2152 1941 2201 sicu

536 2231 643 2279 liunt
660 2265 679 2291 ,
703 2241 817 2290 quos
844 2227 1091 2292 Apostolus
1127 2226 1272 2289 arguit
1303 2230 1350 2277 et
1393 2226 1605 2276 emendat
1637 2239 1650 2273 ε
1682 2237 1878 2287 namque
1908 2223 1939 2269 S

536 2299 624 2363 quii
661 2298 979 2350 vehementius
1017 2298 1352 2349 commendaret
1402 2296 1608 2362 mysterii
1646 2296 1768 2345 illius
1818 2296 1942 2343 altitu

540 2371 741 2420 ultimum
763 2373 850 2421 hoc
870 2370 1011 2421 voluit
1032 2369 1200 2420 arctius
1225 2368 1414 2430 infigere
1443 2368 1652 2419 cordibus
1673 2370 1720 2417 ct
1740 2364 1942 2416 memoria

536 2443 775 2506 pulorum3
808 2449 855 2491 et
885 2443 988 2492 ideo
1012 2455 1103 2491 non
1131 2440 1347 2505 praecepit
1373 2439 1491 2504 quod
1525 2439 1737 2501 deinceps
1762 2438 1844 2488 tali
1875 2437 1942 2487 ord

536 2520 760 2577 meretur,
800 2518 851 2564 ut
883 2514 1100 2578 apostolis
1128 2525 1210 2577 per
1245 2526 1358 2576 quos
1402 2510 1626 2612 Ecclesias
1652 2508 1942 2573 dispositurus

536 2591 736 2637 servaret
764 2589 888 2636 bunc
919 2587 1120 2636 modum.
1153 2600 1179 2630 »

600 2660 661 2708 td
686 2658 934 2709 secundum
963 2657 1235 2717 dicendum,
1265 2654 1387 2719 quod
1420 2654 1532 2705 illud
1575 2653 1759 2703 verbum
1801 2652 1850 2701 in
1877 2650 1942 2699 Gl(

536 2730 778 2795 uis-„ponitur
807 2746 817 2778 :
849 2728 943 2778 «Si
970 2728 1074 2792 quis
1096 2728 1270 2787 esurit,
1299 2732 1346 2777 et
1367 2726 1611 2790 impatiens
1639 2738 1728 2775 nou
1761 2724 1859 2773 vult
1887 2735 1942 2772 ex

536 2803 677 2865 alios,
714 2802 950 2852 manducet
982 2800 1104 2851 domi
1137 2800 1264 2850 cibos
1301 2811 1438 2861 suos,
1470 2799 1516 2848 id
1543 2800 1645 2860 est,
1676 2808 1798 2859 pane
1821 2797 1942 2845 terrei

536 2883 680 2939 catur,
709 2888 794 2927 nec
818 2875 927 2937 post
952 2870 1272 2922 eucharistiam
1297 2873 1462 2921 sumat.
1494 2886 1522 2917 u
