1942 3284
31 2395 75 2413 „nul

456 135 548 183 3ῧὲ
770 138 911 181 -rm
934 141 1024 192 m,
1049 135 1257 185 ,Quas-rr
1275 137 1505 189 mnus
1520 127 1636 177 nr.
1671 138 1726 178 v.

456 218 768 281 materialiter,
793 216 899 267 oiim
925 214 1172 268 >recitative
1199 215 1479 281 proferatur3
1501 214 1667 268 recitat
1697 213 1823 265 enim
1851 225 1942 264 sao«

456 291 689 343 Christum
714 289 881 341 dixisse
914 304 928 338 ε
964 305 992 337 ιι
1017 289 1116 339 Hoc
1152 291 1223 339 est
1261 300 1426 352 eorpus
1451 299 1626 339 meum.
1654 302 1686 336 ιι
1715 287 1805 338 Sed
1827 288 1917 337 boe

460 379 552 415 nnn
586 364 768 425 potest,
798 359 905 423 quia
926 359 1176 411 seeundum
1202 360 1293 409 hoe
1317 358 1456 409 verba
1485 360 1584 409 haee
1605 371 1701 409 non
1729 358 1942 423 applicari

460 435 512 483 ιιι]
556 430 791 483 materiam
820 430 1102 495 corporalem
1136 431 1438 494 praesentem,
1464 432 1514 480 et
1553 429 1620 479 ita
1650 442 1747 481 non
1771 428 1942 494 perfice

464 506 818 567 santamentum3
864 502 972 552 dicit
1009 501 1133 551 enim
1177 500 1460 564 Augustinus
1491 514 1648 565 super
1692 501 1840 551 Joan.
1884 499 1942 564 (Ἰ

464 575 647 639 Lxxx)
670 589 683 625 ι
702 589 733 623 ιι
747 574 934 625 Accedit
952 573 1144 624 verbum
1161 572 1219 623 ad
1232 574 1515 624 elementum
1530 572 1643 624 etfit
1655 574 1942 622 sacramenta

464 647 524 699 Et
542 650 759 711 praeterea
774 659 830 697 ex
851 647 940 697 hoc
954 645 1156 695 totaliter
1171 656 1263 695 non
1278 644 1478 694 evitatur
1492 643 1738 695 difficultas
1755 643 1898 707 hujus
1916 656 1942 705 q

464 718 629 781 tinnis,
642 718 749 781 quia
769 718 941 768 eaedem
958 716 1159 768 rationes
1175 718 1360 766 manent
1381 715 1505 766 cirea
1516 711 1715 779 primam
1740 713 1942 779 prolatioi

468 803 556 855 qna
581 790 792 841 Christus
826 790 925 840 baee
944 790 1083 839 verba
1111 786 1324 852 protulit3
1348 801 1490 852 quare
1514 787 1809 838 manifestum
1833 790 1922 844 est,

468 879 560 915 nun
576 862 883 923 materialiter,
913 861 998 912 sed
1019 858 1320 925 significative
1347 860 1665 911 sumebantur.
1692 860 1755 909 Et
1783 858 1888 910 ideo
1914 858 1942 909 d

472 937 577 983 dum
598 932 719 996 quod
743 933 881 983 etiam
907 932 1090 997 quando
1110 930 1399 996 proferuntur
1424 931 1450 980 a
1481 932 1738 993 sacerdote,
1766 929 1942 995 signific

468 1011 516 1059 et
534 1017 624 1056 non
646 1008 822 1055 tantum
839 1003 1136 1055 materialiter
1156 1006 1414 1054 sumuntur.
1426 1004 1521 1054 Nee
1537 1003 1690 1054 obstat
1709 1004 1836 1067 quod
1857 1015 1942 1053 sae«

468 1091 524 1127 ea
552 1074 784 1127 recitative
819 1074 1016 1139 profert,
1046 1075 1178 1139 quasi
1200 1075 1229 1125 a
1253 1075 1437 1127 Christo
1473 1074 1618 1139 dieta3
1644 1074 1757 1139 quia
1783 1078 1942 1140 propte

468 1147 639 1199 finitam
674 1147 893 1197 virtutem
924 1146 1129 1212 Christi,
1154 1145 1279 1198 sieut
1317 1160 1376 1199 ex
1410 1150 1623 1199 contactu
1657 1146 1816 1198 earnis
1845 1159 1942 1198 suae

468 1218 781 1283 regenerativa
809 1218 1022 1282 pervenit
1049 1232 1138 1269 non
1161 1217 1308 1271 solnm
1336 1219 1394 1269 ad
1419 1219 1522 1269 illas
1539 1230 1679 1283 aquas
1705 1232 1812 1283 quae
1837 1218 1942 1269 Clu-i

472 1291 745 1353 tetigerunt,
775 1289 858 1340 sed
879 1290 937 1339 ad
971 1301 1132 1341 omnes
1162 1289 1331 1353 ubique
1352 1294 1586 1354 terrarum,
1615 1303 1700 1355 per
1729 1290 1893 1341 omnia
1919 1289 1942 1338 f

472 1361 657 1423 saecula,
676 1363 731 1410 ιιι
757 1360 927 1411 dietum
945 1364 1020 1413 est
1040 1362 1153 1427 (qu.
1173 1368 1267 1425 66,
1283 1365 1372 1412 art.
1395 1367 1425 1411 3
1440 1363 1475 1427 );
1498 1363 1563 1413 ita
1573 1362 1717 1413 etiam
1735 1374 1798 1413 ex
1814 1362 1942 1425 prola

472 1435 617 1499 ipsius
643 1431 837 1495 Christi,
854 1433 953 1484 haec
975 1433 1131 1484 verba
1141 1433 1351 1485 virtutem
1373 1434 1732 1485 consecrativam
1770 1437 1885 1485 sunt
1910 1447 1942 1483 α

472 1507 603 1566 ruta,
629 1504 658 1555 a
676 1516 962 1569 quocumque
993 1505 1224 1556 sacerdote
1252 1505 1480 1570 dieantur,
1510 1518 1564 1557 ac
1588 1506 1629 1557 si
1653 1505 1868 1557 Christus
1884 1518 1942 1557 ea

476 1591 556 1627 sen
564 1575 725 1627 tialiter
753 1575 996 1640 proferret.

536 1651 592 1699 Et
618 1648 721 1700 ideo
747 1646 828 1698 alii
847 1648 1058 1698 dixerunt
1083 1648 1203 1712 quod
1224 1650 1322 1700 baee
1345 1648 1483 1700 dictio
1510 1648 1597 1699 hoc
1622 1649 1674 1699 in
1701 1649 1795 1698 bae
1822 1648 1942 1699 loen!

479 1723 516 1771 [a
524 1719 586 1771 nit
608 1718 1040 1772 demonstrationem
1060 1756 1075 1781 ,
1101 1732 1198 1770 non
1225 1720 1284 1770 ad
1305 1733 1488 1771 sensum
1505 1758 1519 1781 ,
1548 1722 1628 1772 sed
1660 1721 1718 1771 ad
1753 1719 1942 1771 intellec

476 1795 524 1839 ut
564 1790 622 1841 sit
639 1803 805 1842 sensus
834 1805 847 1840 ε
870 1806 899 1838 ιι
915 1792 1011 1841 Ηοε
1030 1794 1103 1842 est·
1120 1804 1284 1856 corpus
1298 1805 1473 1855 meum,
1489 1809 1518 1839 ιι
1539 1792 1587 1843 id
1605 1796 1695 1856 est,
1721 1808 1752 1840 ιι
1768 1792 1942 1856 signina

476 1875 560 1923 per
576 1863 689 1921 hoc,
714 1864 788 1912 est
812 1874 978 1925 eorpus
1010 1875 1184 1913 meum.
1209 1879 1242 1910 »
1267 1864 1360 1915 Sed
1380 1876 1468 1914 nec
1493 1864 1582 1915 hoc
1613 1866 1734 1914 stare
1760 1866 1942 1928 potest,

476 1931 578 1983 cnm
606 1932 657 1981 in
678 1933 972 1983 sacramentis
996 1933 1086 1985 hoe
1107 1934 1334 1986 efficiatur
1360 1936 1483 1999 quod
1508 1934 1810 1999 significatur,
1838 1946 1937 1985 non

472 2015 556 2067 per
585 2004 705 2053 hanc
741 2002 935 2054 formam
954 2040 969 2067 ,
999 2007 1055 2054 ut
1079 2018 1245 2070 corpus
1277 2006 1453 2057 Christi
1496 2005 1631 2055 sitin
1668 2008 1762 2057 hoe
1799 2018 1942 2056 sacra·

473 2073 725 2125 seeundum
744 2074 1002 2137 veritatem,
1028 2078 1106 2128 sed
1136 2076 1282 2127 solnm
1302 2077 1421 2128 sieut
1447 2076 1494 2127 in
1521 2077 1684 2141 sign03
1714 2076 1841 2141 quod
1871 2080 1942 2127 est

476 2147 664 2195 reticum
681 2183 695 2207 ,
722 2150 775 2196 ut
799 2146 938 2211 supra
964 2146 1134 2198 dietum
1161 2151 1234 2199 est
1263 2150 1378 2215 (qu.
1407 2154 1496 2213 75,
1528 2154 1617 2199 art.
1643 2150 1729 2213 1).

540 2218 594 2267 Et
620 2217 725 2269 ideo
749 2217 826 2267 alii
847 2218 1061 2270 dixerunt
1090 2219 1212 2284 quod
1237 2221 1336 2272 baec
1364 2220 1504 2271 dictio
1530 2220 1620 2271 hoe
1647 2220 1762 2270 facit
1788 2221 1942 2271 demur

476 2287 646 2339 tionem
666 2290 720 2339 ad
738 2302 942 2354 sensum,
962 2290 1044 2341 sed
1060 2290 1332 2354 intelligitur
1357 2294 1458 2343 baeo
1479 2292 1815 2343 demonstratio
1834 2330 1849 2353 ,
1877 2304 1942 2342 uo}

472 2359 552 2411 illo
568 2358 756 2410 instanti
780 2361 1039 2422 locutioniS,
1059 2375 1150 2426 quo
1175 2363 1406 2427 profertur
1419 2366 1517 2415 haeo
1530 2364 1690 2426 dictio,
1711 2366 1793 2415 sed
1810 2377 1897 2429 pro
1913 2378 1942 2412 u

472 2430 661 2481 instanti
687 2431 962 2498 locutionis;
995 2433 1116 2484 sicut
1136 2433 1243 2483 oiim
1272 2434 1438 2499 aliquis
1472 2435 1582 2486 dicit
1606 2451 1618 2485 :
1657 2451 1687 2483 «
1707 2437 1845 2487 Nune
1861 2438 1942 2486 tac«

472 2503 560 2551 hon
577 2502 840 2553 adverbium
860 2520 991 2556 nunc
1007 2505 1121 2556 facit
1141 2506 1572 2558 demonstrationem
1590 2521 1675 2572 pro
1699 2508 1899 2559 instanti
1919 2507 1942 2555 i]

472 2573 594 2623 diste
610 2577 819 2638 sequenti
833 2577 1108 2629 locutionem
1122 2594 1136 2641 ;
1157 2582 1228 2629 est
1243 2578 1367 2630 enim
1382 2592 1543 2630 sensus
1567 2595 1578 2629 z
1601 2596 1631 2628 «
1647 2580 1816 2630 Statim
1833 2580 1908 2630 his
1927 2594 1942 2626 ι

472 2646 627 2706 distis,
646 2650 794 2697 taceo.
808 2663 836 2695 n
850 2649 941 2699 Sed
959 2662 1048 2699 neo
1064 2650 1154 2700 hoc
1165 2652 1285 2699 stare
1297 2653 1467 2715 potest,
1480 2650 1589 2714 quia
1603 2650 1860 2702 seeundum
1873 2653 1942 2701 bo«

472 2719 552 2783 jus
569 2717 811 2770 locutionis
826 2724 948 2770 esset
962 2733 1128 2772 sensus
1149 2734 1162 2770 ι
1184 2737 1212 2769 ιι
1227 2722 1401 2786 Corpus
1419 2734 1572 2772 meum
1589 2726 1664 2773 est
1679 2734 1849 2788 corpus
1863 2735 1942 2773 me:

472 2791 607 2847 Quod
629 2793 846 2855 praedicta
866 2792 1039 2844 locutio
1064 2805 1156 2843 non
1177 2793 1303 2857 facit,
1323 2794 1432 2857 quia
1451 2795 1540 2846 boe
1565 2793 1654 2844 fuit
1681 2794 1821 2845 etiam
1841 2798 1942 2844 ante

472 2863 687 2916 lationem
721 2864 989 2928 verbornm3
1018 2866 1138 2917 unde
1162 2876 1249 2917 nee
1275 2866 1364 2917 hoe
1392 2866 1610 2930 praedicta
1634 2865 1810 2918 locutio
1835 2864 1942 2930 signi
