1942 3284
472 123 560 163 33⁸2
811 126 931 164 mus
962 126 1045 175 m,
1077 122 1263 170 QUAEsrss
1297 124 1472 171 Lxxxx,
1503 122 1626 159 Aur..
1648 120 1719 159 m.

472 203 625 251 *Jlossa
654 197 821 249 ibidem
838 234 854 261 ‚
882 195 1004 261 quod
1040 213 1066 243 «
1091 196 1167 245 ille
1194 196 1435 245 manducat
1459 198 1505 244 et
1529 193 1645 245 bibit
1670 190 1851 256 indigne
1868 230 1882 255 ‚
1911 205 1940 255 q

468 273 657 323 crimine
678 273 749 321 est
773 269 849 319 vel
871 270 1172 319 irreverenter
1200 272 1389 330 tractat3
1416 271 1462 317 et
1489 267 1596 316 talis
1619 266 1855 316 manducat
1876 267 1925 313 et

468 347 552 395 sini
576 341 817 406 judicium,
844 340 891 389 id
912 344 986 391 est
1013 340 1370 390 damnationem.
1393 355 1421 385 »
1452 340 1572 401 Ergo
1598 337 1676 387 ille
1693 336 1772 400 qui
1792 340 1860 387 est
1886 336 1937 385 in

468 423 568 463 catu
597 412 807 475 mortali,
836 426 917 476 per
952 414 1041 462 hoc
1071 410 1189 474 quod
1219 409 1384 475 accipit
1408 411 1498 460 hoc
1530 412 1888 469 sacramentum,
1925 421 1942 455 r

472 485 726 535 :lecumulat
754 483 842 533 sibi
866 486 1103 548 peccatum
1119 520 1132 543 ,
1151 480 1288 546 quam
1315 480 1632 531 remissionem
1660 480 1731 531 sui
1757 478 1933 544 peccati

476 575 496 607 s.
512 562 705 619 inflatur.

540 630 927 691 [Cona0s100.-
945 626 1062 676 cum
1083 628 1172 681 hoc
1194 629 1525 677 sacramentum
1553 624 1791 687 spirituale
1814 624 1939 673 nutri

472 707 568 747 tun]
592 699 669 760 sit,
693 700 811 762 quod
836 697 926 748 nisi
947 698 1148 748 viventis
1165 702 1253 756 est,
1284 700 1486 747 mentem
1506 708 1608 759 quae
1639 696 1689 746 in
1708 698 1874 745 affectu
1897 707 1942 759 p<

472 775 540 819 aa
560 811 572 831 ‚
598 770 742 833 magis
777 773 936 832 gravat
961 768 1099 832 quam
1123 768 1356 832 purificat,
1383 766 1498 818 licet
1525 780 1583 817 ex
1603 771 1734 830 parte
1762 766 1942 829 passion

472 855 564 903 qna
586 841 677 891 vim
706 853 833 892 suam
862 842 1028 902 hahet,
1053 841 1228 904 quaevis
1255 844 1440 904 peccata
1472 839 1702 889 remittere
1728 838 1899 900 valeat,
1929 850 1942 885 ε

480 912 739 963 :illasionem
756 914 935 976 peccati
954 912 1092 962 etiam
1113 912 1332 974 mortam,
1355 912 1404 961 in
1422 924 1478 962 eo
1495 911 1573 974 qui
1589 911 1763 973 absque
1782 908 1942 973 peccati

476 986 665 1035 scientia
683 988 731 1035 et
756 985 920 1035 affectu
948 984 1110 1035 devote
1137 989 1187 1035 et
1206 989 1466 1034 reverenter
1484 983 1594 1033 iilud
1619 983 1843 1045 suscepit,
1863 981 1942 1031 esti

552 1057 818 1120 Respondeo
844 1056 1085 1107 dicendum
1101 1093 1118 1118 ‚
1143 1055 1264 1119 quod
1290 1056 1437 1106 virtus
1460 1055 1599 1119 hujus
1628 1054 1902 1103 sacramenti
1927 1069 1942 1116 ι

480 1127 750 1179 ransiderari
786 1128 1046 1190 dupliciter.
1082 1128 1182 1178 Uno
1226 1129 1358 1178 modo
1398 1126 1644 1177 secundum
1679 1140 1760 1187 se,
1804 1131 1852 1175 et
1887 1125 1942 1175 sit

480 1202 810 1251 sacramentum
833 1201 970 1251 habet
989 1202 1206 1250 virtutem
1230 1202 1285 1251 ad
1306 1200 1629 1251 remittendum
1653 1213 1942 1263 quaecumque

480 1275 578 1319 rata
606 1283 661 1319 ex
688 1270 903 1333 passione
949 1271 1154 1333 Christi,
1181 1284 1281 1335 quae
1307 1276 1378 1320 est
1409 1270 1512 1321 fons
1553 1273 1597 1321 et
1627 1282 1765 1319 causa
1801 1268 1942 1318 remis*

484 1345 783 1403 [leccatorum.
816 1339 913 1391 Alio
942 1342 1076 1392 modo
1103 1345 1256 1406 potest
1285 1340 1561 1392 considerari
1592 1354 1672 1403 per
1697 1341 1942 1405 comparati

480 1415 532 1463 ad
576 1426 678 1462 eum
712 1412 791 1475 qui
818 1412 980 1477 recipit
1005 1415 1093 1463 hoc
1121 1417 1485 1473 sacramentum,
1523 1416 1659 1477 prout
1691 1412 1739 1461 in
1767 1426 1824 1463 eo
1851 1416 1942 1461 inv«

484 1483 556 1535 rel
576 1496 666 1534 non
693 1484 923 1534 invenitur
947 1485 1322 1549 impedimentum
1340 1483 1625 1548 percipiendi
1647 1483 1789 1547 hujus
1809 1496 1942 1533 sacral

480 1555 708 1607 ut‘i'cctum.
747 1555 1029 1619 Quicumque
1059 1559 1208 1605 autem
1233 1556 1370 1605 habet
1406 1554 1736 1606 conscientiam
1758 1554 1937 1619 peccati

484 1631 615 1692 talis,
639 1629 777 1680 habet
801 1628 850 1678 in
882 1642 932 1679 se
968 1627 1347 1692 impedimentum
1381 1628 1665 1691 percipiendi
1691 1627 1907 1677 effectum

484 1700 783 1765 sacramenti,
810 1712 866 1750 eo
889 1699 1009 1763 quod
1044 1713 1135 1750 non
1167 1704 1238 1751 est
1265 1700 1542 1751 conveniens
1575 1704 1817 1763 susceptor
1842 1699 1942 1762 hujt

484 1772 730 1835 izranienti,
771 1777 869 1821 tum
904 1772 1009 1834 quia
1037 1785 1130 1823 non
1166 1771 1284 1821 vivit
1310 1771 1630 1835 spiritualiter,
1661 1776 1709 1820 et
1742 1772 1806 1821 ita
1835 1784 1926 1822 non

480 1840 711 1903 spirituale
746 1842 1076 1891 nutrimentum
1104 1844 1350 1906 suscipere,
1379 1843 1498 1905 quod
1520 1855 1612 1892 non
1638 1846 1711 1893 est
1739 1843 1831 1893 nisi
1856 1843 1942 1892 viv«

488 1919 581 1959 tum
600 1911 705 1975 quia
725 1925 817 1962 non
837 1915 990 1976 potest
1008 1912 1128 1963 uniri
1149 1914 1333 1965 Christo
1361 1914 1516 1978 (quod
1538 1915 1586 1963 tit
1612 1927 1695 1978 per
1712 1916 1802 1965 hoc
1831 1926 1942 1965 sacri

488 1987 582 2031 lum
602 1983 616 2043 )
636 2019 650 2045 ,
676 1983 783 2033 dum
810 1987 877 2033 est
904 1984 953 2033 in
979 1984 1140 2034 affectu
1169 1986 1388 2049 peccandi
1416 1985 1683 2035 mortaliter.
1711 1986 1771 2034 Et
1797 1986 1918 2047 ideo,

488 2055 601 2101 nitur
627 2054 675 2101 in
696 2053 776 2105 lib.
802 2056 872 2103 De
889 2054 1160 2105 ecclesiast.
1189 2055 1519 2120 doymattbus
1545 2055 1681 2121 (cap.
1706 2061 1766 2106 53
1782 2055 1822 2122 ),
1852 2074 1881 2105 «
1901 2058 1939 2107 si

484 2127 532 2171 in
556 2125 717 2175 affectu
734 2127 954 2190 peccandi
977 2133 1066 2192 est,
1085 2134 1298 2192 gravatur
1319 2130 1466 2192 magis
1495 2128 1782 2180 eucharistiae
1801 2143 1942 2193 perce1

488 2195 619 2255 quam
643 2196 932 2261 purificetur3
968 2214 997 2245 »
1028 2200 1147 2249 unde
1178 2201 1266 2250 hoc
1297 2204 1632 2250 sacramentum
1663 2201 1712 2250 in
1748 2214 1806 2251 eo
1833 2200 1942 2265 qui]¹

488 2267 675 2330 percipit
700 2267 749 2318 in
780 2270 1066 2320 conscientia
1093 2272 1270 2333 peccati
1299 2271 1499 2322 mortalis
1517 2310 1530 2335 ,
1562 2285 1656 2323 non
1686 2278 1904 2337 operatur
1929 2287 1942 2321 ι

484 2339 657 2389 sionem
677 2341 873 2403 peccati.
896 2344 1056 2392 Potest
1080 2346 1232 2393 tamen
1260 2345 1345 2393 hoc
1365 2349 1700 2395 sacramentum
1728 2346 1942 2409 operarir

484 2411 659 2460 sionem
687 2413 867 2475 peccati
890 2413 1126 2477 dupliciter
1150 2430 1162 2464 :
1187 2428 1278 2465 uno
1299 2415 1433 2465 modo
1460 2428 1552 2466 non
1572 2421 1842 2480 perceptum
1867 2420 1933 2467 acl

484 2487 604 2547 vulo,
634 2482 751 2533 sicut
778 2483 881 2535 cum
908 2486 1014 2549 quis
1048 2485 1196 2550 primo
1219 2486 1499 2551 justificatur
1527 2487 1554 2538 a
1579 2493 1769 2552 peccato
1793 2507 1808 2552 3
1839 2491 1923 2539 aliu

480 2555 615 2604 ctiam
636 2560 899 2621 perceptum
928 2558 985 2607 ab
1022 2569 1076 2608 eo
1099 2558 1179 2622 qui
1202 2563 1274 2608 est
1294 2559 1341 2608 in
1361 2564 1548 2623 peccato
1575 2559 1789 2621 mortali,
1827 2563 1942 2623 cuju.-

480 2626 719 2677 scientiam
758 2632 804 2677 et
832 2628 1043 2679 affectum
1072 2641 1163 2678 non
1190 2630 1362 2680 habet:
1394 2628 1512 2680 forte
1541 2630 1662 2680 enim
1691 2630 1842 2694 primo
1879 2650 1914 2679 na
1939 2650 1942 2679 l

480 2695 756 2749 sufficienter
784 2700 1034 2761 constitue,
1057 2701 1137 2751 sed
1164 2700 1327 2752 devote
1361 2706 1408 2750 et
1434 2704 1698 2752 reverenter
1726 2704 1942 2754 accedens

480 2774 695 2833 sequetur
717 2784 798 2836 per
816 2771 904 2823 hoc
932 2778 1268 2823 sacramentum
1295 2774 1484 2835 gratiam
1504 2772 1740 2825 charitatis
1754 2814 1767 2835 ,
1797 2789 1897 2839 quae
1917 2788 1942 2825 c

484 2843 653 2892 tionem
681 2842 888 2906 perficiet
910 2847 959 2893 et
981 2844 1300 2897 remissionem
1330 2844 1520 2909 peccati.
