1942 3284
117 223 161 270 598
277 225 480 274 coercendorum,
497 223 591 269 onnon.
608 221 635 273 v,
650 223 707 259 aar.
728 222 767 259 nr.
954 192 955 261 l

145 301 179 353 ld
196 301 287 353 tertium
300 300 438 360 dicendum,
451 298 512 363 qnod
527 297 591 349 dolor
605 296 753 348 contritionis
770 295 890 360 munais
900 295 929 346 sil

115 371 193 424 finitus
205 376 315 437 quantum
327 373 355 422 ad
366 370 532 431 intensionem,
542 369 602 419 sicut
611 369 682 419 eliam
698 371 724 417 et
737 380 818 431 poena
833 372 929 432 poenulo

114 441 204 492 mortali
218 442 293 492 debita
308 441 371 491 inita
384 445 432 501 est,
446 441 517 490 habel
535 443 612 488 mmen
630 437 747 487 ironicam
761 437 886 489 virtulem
899 451 928 486 ex

114 512 230 572 corniale,
244 523 288 575 qna
307 513 453 574 informatum
465 515 490 560 el
500 509 626 561 secundum
640 509 686 558 hoc
703 510 789 572 polest
803 509 889 558 emere
899 507 926 556 ad

113 583 251 635 deletionem
268 581 341 646 culpe
354 585 377 632 et
393 593 475 646 poene.
603 583 612 602 ⁶

409 754 568 808 numenius
582 755 621 806 iii.

132 887 217 933 narem
228 897 303 944 porca
311 884 423 930 contritio
435 883 540 988 eufficegt
551 882 584 928 ad
601 881 742 928 deletionem
756 895 914 940 moymarum
956 936 957 939 Ἴ

431 957 501 1002 pecco
527 955 591 988 cnm.
956 950 957 959 ¹

146 1077 182 1129 nd
197 1076 291 1128 tertium
304 1075 337 1126 sic
346 1073 482 1138 proceditur.
492 1070 656 1135 Videlnranid
669 1071 781 1124 contritio
790 1087 872 1138 parve
880 1088 924 1126 nor

117 1147 216 1200 sufficiet
227 1147 255 1198 ad
268 1145 403 1197 deletionem
416 1155 550 1206 magnorum
565 1145 717 1206 peccalomm.
733 1143 796 1202 Quia
810 1146 923 1196 contritio

118 1223 154 1270 eol
171 1217 293 1268 medicina-
306 1213 403 1278 peccati.
423 1213 468 1264 Sed
488 1211 612 1275 corporalis
634 1211 766 1277 medicina,
780 1228 837 1277 qnae
859 1219 922 1267 namt

118 1287 256 1352 corporalem
272 1285 373 1334 morium
385 1283 514 1344 minorem,
531 1295 577 1334 non
588 1281 672 1332 callot
683 1281 714 1332 ad
731 1286 867 1335 mnndum
878 1298 922 1336 me·

117 1358 198 1422 iorem.
209 1355 269 1419 Ergo
275 1354 369 1404 minima
377 1353 482 1405 contritio
490 1365 537 1404 non
549 1351 669 1404 enffidtad
678 1352 807 1405 delendum
818 1357 919 1407 mamm

118 1432 221 1492 peccata.

150 1501 175 1550 2.
196 1499 324 1560 ennena,
348 1494 523 1559 supradictum
545 1498 582 1546 eol
597 1494 652 1559 (qn.
673 1497 707 1558 Β,
725 1498 772 1546 nrt.
799 1496 843 1561 a),
861 1497 918 1562 qnid

119 1572 210 1633 oportet
221 1566 383 1630 donatoribus
394 1566 496 1630 peccatis
503 1565 577 1629 magio
586 1563 680 1615 conmri.
692 1563 737 1615 scd
748 1566 864 1618 contritio
875 1577 917 1618 nen
958 1590 959 1593 ¹

120 1639 181 1692 delet
190 1643 307 1703 peccalum
317 1675 326 1701 ,
336 1637 380 1688 nisi
392 1637 423 1687 sil
432 1634 557 1686 secundum
569 1633 631 1699 qnod
643 1637 742 1698 oportet.
754 1635 819 1700 Ergo
828 1638 918 1687 minim

121 1709 226 1764 conluuio
237 1721 285 1761 non
295 1709 357 1760 delet
366 1707 442 1758 omnia
453 1711 558 1770 peccata.
602 1740 604 1744 ,

151 1781 197 1834 Sed
209 1784 300 1840 contra,
313 1777 420 1841 quelibet
439 1777 513 1840 gratie
531 1779 620 1838 gratnm
632 1774 731 1838 faciens,
745 1775 811 1826 delet
830 1789 918 1829 omnen

121 1853 211 1916 cuipam
223 1846 421 1910 mortalemque
439 1845 508 1896 simui
520 1857 573 1895 cunr
591 1858 620 1896 ea
635 1849 696 1895 stare
712 1858 759 1897 non
777 1846 918 1910 polede

121 1921 226 1984 quelibet
237 1916 343 1968 contritio
358 1920 394 1965 est
406 1914 478 1978 gralia
492 1919 580 1978 gratnm
593 1914 690 1966 faciente
704 1914 840 1967 informata.
860 1917 917 1982 Ergo

121 1993 326 2054 quantumcumque
338 1985 369 2034 sit
380 1997 463 2047 parea,
473 1986 536 2036 delet
549 1997 639 2035 omnem
652 1984 751 2048 cuipam.

155 2060 316 2124 (conmnnro.
328 2080 361 2092 -
373 2055 440 2106 llolor
458 2061 667 2119 quantumcumque
680 2057 711 2106 ait
729 2069 832 2122 purus,
851 2060 918 2110 dnm-

123 2128 232 2181 modoad
248 2125 389 2178 conlndonis
407 2126 521 2178 rationem
535 2125 642 2188 enticial,
656 2137 747 2176 onmem
765 2128 861 2193 culpam
875 2131 916 2181 dc·

123 2199 175 2262 iet.)

153 2267 287 2332 uesperum
297 2266 431 2331 dicendum,
445 2267 506 2332 quod
519 2266 625 2319 cortilio
637 2269 671 2329 (nl
684 2264 746 2331 cepe
763 2267 852 2319 dimum
862 2273 914 2332 ont,

123 2340 193 2392 habel
209 2337 320 2402 duplicem
333 2337 441 2389 dolorem.
454 2337 530 2388 Unum
546 2337 654 2401 rationis,
668 2337 709 2400 qni
724 2341 762 2388 cst
774 2338 915 2402 mmlicentin

125 2409 210 2474 peccati
227 2408 342 2458 commissi
358 2423 365 2458 ε
379 2410 403 2458 et
415 2408 454 2458 iric
467 2411 603 2470 potestesse
614 2409 780 2477 adeoparms,
792 2411 856 2472 qnod
871 2424 914 2462 non

125 2480 223 2531 sufficiet
232 2479 261 2528 ad
270 2478 380 2529 rationem
389 2478 540 2537 contritionis,
547 2481 574 2527 nt
580 2477 601 2527 sl
611 2477 685 2527 minus
692 2475 826 2541 displiceret
833 2480 857 2529 ei
865 2493 915 2544 pet·

127 2555 218 2611 catum,
230 2559 298 2612 qaam
315 2548 396 2598 debent
408 2547 528 2612 displicere
545 2547 658 2610 separatio
671 2546 685 2596 i
696 2546 755 2609 dne;
769 2549 831 2598 nicnl
849 2550 914 2600 edam

128 2625 189 2672 amor
205 2621 346 2684 potestesse
358 2618 392 2668 ite
403 2617 521 2676 remissus,
538 2618 600 2680 qnod
612 2630 659 2667 non
668 2616 754 2668 nuideit
766 2621 794 2669 ad
807 2619 914 2670 renonem
959 2670 960 2677 ,

127 2689 253 2742 clientulis.
275 2685 349 2737 iilum
362 2688 462 2738 dolorem
479 2687 586 2737 haletin
598 2699 684 2748 senen,
696 2691 722 2736 el
737 2687 836 2751 parrileo
847 2689 916 2753 injus

129 2773 176 2811 non
187 2757 283 2823 impedit
301 2757 412 2808 rationem
428 2756 583 2820 contritionie3
597 2757 651 2820 quia
663 2769 710 2807 non
720 2770 747 2807 cc
759 2757 829 2808 miei
839 2771 880 2823 pu
890 2772 914 2810 ee

129 2827 339 2887 admunitionem,
351 2828 392 2877 sed
404 2827 469 2890 qumi
483 2837 513 2876 ex
522 2826 640 2877 accedenti
652 2826 674 2876 ei
685 2826 825 2892 adjungitur,
841 2832 864 2877 el
873 2828 915 2876 ite·

129 2910 180 2948 rum
196 2909 243 2948 non
264 2901 299 2949 est
314 2898 340 2948 in
358 2899 468 2962 potestate
485 2899 572 2948 nostre.
586 2896 625 2948 Sic
643 2909 698 2961 erpo
710 2896 845 2960 dicendam,
856 2898 914 2960 enti
