1942 3284
458 129 546 173 533ss
805 136 922 173 mins
954 136 1036 185 ιιι,
1070 135 1254 179 Quinsr.
1289 134 1433 185 mxxv,
1465 134 1578 171 ΑΜ.
1617 135 1694 171 111.

522 217 843 277 [Concnusro.
868 210 1062 261 —Ciim
1085 225 1168 275 per
1197 209 1561 273 conversionem,
1593 214 1640 262 et
1662 224 1757 262 non
1785 210 1872 261 alio
1899 224 1942 259 m

462 289 621 349 cuspus
662 281 830 332 Christi
853 282 904 331 in
930 283 1201 333 eucharistia
1232 295 1334 333 esse
1357 282 1578 345 incipiat,
1617 287 1724 346 post
1754 295 1942 333 consecr

462 369 566 405 :triu
601 354 851 403 substantia
872 352 1004 416 panis
1039 354 1114 403 vel
1143 354 1238 403 vini
1265 367 1357 403 nou
1383 353 1624 404 resolvitur
1658 352 1708 402 in
1739 354 1942 417 praejacei

465 426 692 474 nimeriam
713 462 727 488 ,
751 437 838 475 nec
874 424 1180 489 annihilatur,
1213 427 1295 476 sed
1326 425 1606 476 convertitur
1632 424 1684 474 in
1707 438 1868 475 verum
1891 426 1942 474 Cl

466 499 674 561 cuspus.)

526 568 795 631 Respondeo
828 566 1087 628 dicendum,
1117 567 1235 630 quod
1264 568 1389 631 quia,
1420 567 1674 617 substantia
1700 567 1837 630 panis
1865 567 1942 619 vel

466 653 558 689 ‘urm
586 642 739 688 manet
760 639 810 687 in
831 640 919 689 hoc
948 644 1232 690 sacramento
1249 676 1262 701 ,
1287 639 1466 703 quidam
1495 639 1779 703 impossibile
1799 643 1942 703 reput.⁴

466 713 582 773 spritui
610 710 857 760 substantia
878 711 1010 774 panis
1027 711 1101 760 vel
1121 709 1212 761 vini
1239 711 1288 760 in
1311 724 1474 775 corpus
1493 712 1568 761 vel
1592 712 1867 774 sanguinem
1892 712 1942 760 Cl

466 785 772 843 cunirertatur,
804 786 1058 845 posuerunt
1097 782 1215 845 quod
1247 796 1331 845 per
1379 783 1770 833 consecrationem
1805 784 1942 832 subst

466 853 594 917 putus
617 852 693 902 vel
724 852 841 914 vini,
870 854 945 903 vel
979 855 1235 904 resolvatur
1260 854 1310 902 in
1337 857 1662 917 praejacentem
1691 855 1924 903 materiam

466 925 586 985 {lund
611 925 908 975 annihiletur.
938 926 1195 990 Praejacens
1222 932 1374 976 autem
1403 924 1608 987 materia,
1634 924 1686 974 in
1713 938 1853 988 quam
1879 938 1942 975 co1

466 997 606 1045 mista
625 997 790 1047 resolvi
815 1002 1034 1062 possunt,
1066 1000 1172 1047 sunt
1204 1002 1398 1061 quatuor
1425 998 1676 1060 elementa;
1707 1010 1802 1047 non
1829 997 1942 1049 euim

470 1073 558 1117 rust
594 1069 808 1119 resolutio
829 1070 927 1119 fieri
954 1069 1002 1118 in
1023 1069 1258 1119 materiam
1286 1068 1506 1133 primam,
1533 1069 1602 1119 ita
1639 1070 1762 1132 quod
1791 1069 1890 1119 sine
1919 1068 1942 1115 [1

470 1141 631 1189 existat
646 1176 664 1202 ,
690 1139 794 1203 quia
812 1140 1003 1191 materia
1023 1140 1122 1190 sine
1146 1139 1291 1189 ferma
1312 1152 1414 1190 esse
1435 1153 1528 1191 non
1553 1143 1723 1204 potest.
1749 1138 1868 1189 cum
1895 1153 1942 1189 au

470 1213 570 1273 pust
598 1215 1002 1273 consecrahonem,
1023 1212 1140 1261 nihil
1159 1212 1243 1261 sub
1266 1211 1509 1276 speciebus
1529 1210 1801 1261 sacramenti
1816 1222 1942 1260 rema

470 1281 558 1329 nisi
594 1294 759 1345 corpus
798 1285 845 1332 et
884 1282 1069 1344 sanguis
1105 1282 1309 1345 Christi,
1338 1282 1565 1347 oportebit
1603 1283 1756 1332 dicere
1801 1281 1926 1345 quod

470 1357 647 1414 menta,
671 1354 719 1401 in
747 1365 847 1417 quae
867 1354 1067 1403 resoluta
1089 1358 1158 1405 est
1184 1354 1438 1405 substantia
1464 1354 1598 1417 panis
1618 1353 1692 1403 vel
1711 1352 1828 1415 vini,
1848 1354 1942 1402 iud<

474 1425 632 1473 rudant
651 1437 734 1488 per
754 1429 927 1475 motum
953 1425 1143 1476 localem
1159 1465 1172 1490 ,
1197 1428 1314 1490 quod
1338 1439 1476 1477 sensu
1496 1424 1823 1491 perciperetur.
1854 1426 1942 1475 Sin

474 1497 610 1545 utiam
640 1498 892 1547 substantia
922 1498 1055 1562 panis
1089 1500 1164 1549 vel
1195 1498 1292 1548 vini
1318 1501 1473 1549 manet
1511 1510 1654 1560 usque
1681 1498 1741 1546 ad
1764 1495 1942 1546 ultimur

474 1573 601 1617 stans
632 1569 1005 1621 consecrationis.
1034 1573 1090 1620 In
1125 1571 1286 1621 ultimo
1313 1574 1464 1620 autem
1493 1569 1682 1619 instanti
1717 1581 1942 1619 consecra*

470 1645 566 1705 jul-u
598 1644 667 1693 est
693 1642 758 1691 ibi
796 1642 1052 1692 substantia
1087 1641 1288 1707 corporis
1309 1643 1382 1691 vel
1406 1641 1640 1705 sanguinis
1663 1641 1852 1704 Christi,
1881 1643 1942 1691 sic

478 1717 631 1765 ralliruo
660 1715 851 1765 instanti
875 1716 1205 1777 generationis,
1235 1714 1333 1779 jam
1367 1714 1486 1764 inest
1512 1714 1676 1764 forma.
1705 1714 1838 1764 Unde
1867 1727 1942 1764 nor

474 1789 578 1833 riam
606 1785 785 1848 aliquod
820 1787 1026 1847 instanS,
1049 1787 1099 1835 in
1129 1799 1220 1849 quo
1255 1787 1315 1835 sit
1340 1785 1403 1835 ibi
1436 1784 1691 1849 praejacens
1727 1784 1942 1847 materia3

474 1857 594 1901 anim
614 1860 765 1917 potest
794 1856 912 1916 dici,
934 1857 1056 1919 quod
1085 1856 1304 1920 paulatim
1327 1858 1582 1908 substantia
1606 1855 1742 1920 panis
1770 1856 1846 1906 vel
1883 1857 1942 1905 vir

474 1929 671 1975 afflantur
702 1927 751 1975 in
787 1928 1108 1991 praejacentem
1137 1930 1401 1994 materiam,
1433 1931 1506 1980 vel
1526 1928 1789 1979 successive
1815 1929 1942 1992 egr-ed

474 2001 530 2045 du
558 1997 654 2047 luco
694 1998 981 2062 specierum,
1020 1999 1126 2062 quia
1161 2001 1200 2050 si
1237 2002 1326 2052 hoc
1352 2001 1572 2064 inciperet
1598 2000 1696 2051 fieri
1731 1999 1782 2049 in
1820 2000 1942 2050 ultim

477 2069 611 2117 strant}
637 2082 729 2119 suae
757 2071 1132 2134 consecrationis,
1150 2072 1286 2122 simul
1313 2072 1398 2122 sub
1427 2073 1582 2135 aliqua
1606 2076 1736 2137 parte
1765 2071 1926 2122 hostiae

478 2153 634 2205 carpus
673 2140 839 2191 Christi
874 2153 980 2191 cum
1017 2143 1272 2193 substantia
1309 2143 1470 2207 panis3
1500 2146 1617 2207 quod
1661 2146 1732 2194 est
1767 2147 1924 2194 contra

478 2213 611 2261 [lit-la..
635 2212 685 2261 Si
712 2212 821 2264 vero
845 2214 932 2264 hoc
957 2214 1149 2280 incipiat
1174 2216 1271 2265 fieri
1293 2220 1396 2266 ante
1419 2215 1802 2266 consecrationem
1819 2254 1832 2276 ,
1855 2214 1940 2264 erit

478 2284 657 2345 aliquod
697 2285 877 2348 tempus
897 2320 913 2347 ,
956 2286 1006 2335 in
1038 2300 1128 2351 quo
1163 2288 1245 2337 sub
1281 2288 1431 2349 aliqua
1457 2292 1586 2350 parte
1614 2286 1781 2336 hostiae
1805 2298 1942 2349 neque

474 2356 724 2405 ant-nstantia
759 2355 889 2419 panis
906 2395 919 2419 ,
956 2371 1105 2421 neque
1136 2359 1223 2409 erit
1257 2371 1422 2421 corpus
1445 2357 1646 2420 Christi3
1673 2358 1794 2420 quod
1817 2361 1888 2407 est
1910 2355 1942 2405 ir

474 2425 698 2488 reuienS,
732 2431 779 2477 et
805 2428 891 2478 hoc
916 2428 1100 2492 ipsimet
1138 2428 1437 2493 perpendisse
1466 2429 1699 2479 videntur.
1734 2429 1864 2480 Unde
1902 2439 1942 2491 p(

476 2501 582 2545 runt
621 2496 732 2547 illud
760 2498 843 2547 sub
870 2499 1186 2563 distinctione3
1217 2499 1390 2551 scilicet
1415 2499 1535 2565 quod
1560 2501 1635 2550 vel
1665 2498 1942 2549 annihiletur

474 2569 522 2617 iu
558 2569 877 2633 praejacentem
924 2572 1161 2622 materiam
1209 2572 1481 2623 resolvatur.
1526 2571 1613 2622 Sed
1651 2584 1741 2622 nec
1788 2572 1879 2622 hoc
1924 2582 1942 2632 1

474 2653 602 2701 essm
639 2640 745 2703 quia
781 2655 872 2692 non
895 2647 969 2693 est
996 2644 1100 2693 dare
1129 2644 1328 2707 aliquem
1354 2644 1562 2704 modum,
1594 2655 1685 2705 quo
1714 2656 1884 2707 corpus
1903 2642 1942 2691 cl

474 2729 526 2761 ru
534 2726 630 2761 rum
649 2726 749 2763 esse
775 2713 964 2778 incipiat
990 2715 1041 2765 in
1066 2717 1155 2767 hoc
1173 2718 1461 2766 sacramento
1478 2753 1492 2778 ,
1513 2715 1604 2764 nisi
1622 2728 1707 2777 per
1726 2712 1942 2765 conversi<

470 2785 733 2835 substantias
765 2784 898 2849 panis
927 2786 976 2836 in
1026 2787 1205 2851 ipsum3
1241 2801 1340 2850 quae
1383 2786 1567 2853 quide-m
1602 2785 1846 2836 conversio
1875 2783 1942 2834 tol?

474 2853 617 2913 [insita
648 2857 723 2907 vel
754 2857 1083 2909 annihilatione
1119 2858 1383 2909 substantiae
1409 2858 1566 2920 panis,
1603 2856 1676 2908 vel
1710 2855 1942 2908 resolutior
