1942 3284
250 169 600 212 nurmssuusvunummonu.
780 164 826 214 tib

21 249 63 299 boc
75 250 237 308 sacramento;
250 249 312 299 unde
322 248 372 312 ipsc
387 248 442 299 dicit
454 250 538 307 loun„
550 251 580 300 vl
597 262 604 299 ε
618 266 633 297 u
646 249 690 309 Qui
706 248 828 303 manducet

21 331 92 368 meum
107 333 204 369 curnem
217 324 240 369 et
249 320 308 369 bibit
320 333 396 370 meum
406 320 556 385 sanguinem,
567 321 592 371 in
602 333 638 370 me
651 323 736 382 manet,
752 324 776 371 et
785 334 828 386 ego

21 390 90 442 ineo.
100 407 117 439 o
129 392 199 442 llude
209 392 254 441 boc
267 395 433 442 sacramentnm
441 394 478 443 est
488 392 593 442 maximae
601 391 718 442 eharitatis
726 392 826 458 signum,

21 464 142 513 mnonrae
159 463 210 526 spei
223 462 433 525 sublevamentum,
449 476 479 513 eu
490 466 536 512 lam
551 462 657 513 familiari
667 462 830 527 conjunctione

22 532 104 583 curisti
125 534 157 583 ad
173 547 224 583 nos.
240 533 333 597 Tertid,
348 535 395 585 boc
411 533 522 598 competit
539 534 673 598 perfectioni
684 533 746 597 fidei,
760 546 826 599 qne,

22 602 76 654 sicut
90 607 129 654 est
148 605 181 655 de
203 604 324 655 divinitate
336 604 422 656 Christi
431 641 441 669 ,
455 606 487 655 ita
501 608 537 657 est
557 606 585 655 de
605 606 656 670 ejus
675 606 827 670 humanitate,

22 674 146 725 secundini
167 675 225 725 illud
242 678 344 737 loom,
361 677 411 726 lllV
426 692 459 727 :u
474 674 573 727 Creditis
582 676 606 726 in
620 678 707 739 Deum,
720 681 743 729 et
754 677 780 727 in
791 690 829 729 mc

22 746 111 797 credite.
128 765 145 795 n
169 748 200 798 nt
223 748 276 811 quia
294 748 352 798 lides
367 750 404 799 est
422 746 590 811 invisibilium,
606 748 664 800 sieut
685 749 828 800 divinitatem

22 830 84 867 suam
94 819 165 869 nobis
178 818 274 869 exhibet
286 818 390 869 Christus
409 818 565 881 invisibiliter,
576 819 608 869 ite
620 823 642 870 et
654 820 678 869 in
693 821 738 871 boc
751 832 827 871 suera-

22 892 93 939 mento
99 904 200 941 earnem
209 903 274 941 suam
283 891 350 941 nobis
359 889 453 941 exbibet
461 890 573 941 invisibili
584 892 659 942 modo.
670 891 724 949 Qun
734 891 828 955 quidam

24 971 65 1010 non
77 963 245 1025 attendentes,
259 964 388 1026 posueruut
404 975 488 1026 eorpus
498 966 522 1013 et
537 961 670 1025 sauguinem
684 962 768 1013 Christi
780 974 827 1014 non

23 1044 70 1083 esse
81 1033 107 1082 in
116 1035 166 1085 boc
176 1038 334 1096 sacramento,
346 1033 392 1083 uisi
400 1033 459 1083 sicut
471 1033 497 1082 in
507 1033 588 1095 siguo,
599 1033 660 1095 quod
673 1037 708 1084 est
719 1038 827 1099 tanquam

23 1102 151 1155 berencum
176 1104 350 1167 abjiciendum,
371 1106 451 1169 utpote
469 1102 547 1153 verbis
565 1102 651 1154 Gbrisli
675 1105 825 1155 contrarium.

27 1172 83 1226 llndc
94 1181 119 1227 et
132 1177 301 1240 berengarius,
314 1175 354 1240 qui
371 1174 457 1240 primm
469 1175 540 1239 bnjus
549 1175 632 1226 erroris
643 1178 721 1226 unctor
734 1176 825 1238 lucrat,

25 1250 96 1307 postea
112 1252 211 1299 coactus
225 1251 260 1298 est
274 1260 341 1298 suum
361 1259 461 1297 errorem
470 1258 587 1309 revocare,
601 1249 625 1297 et
639 1246 759 1297 veritatem
774 1245 828 1297 bdei

54 1390 84 1439 ld
96 1390 200 1454 primum
210 1403 265 1453 ergo
279 1389 418 1451 dicendum,
430 1388 492 1454 qnbd
505 1402 534 1440 ex
549 1390 594 1439 bac
608 1388 742 1440 auctoritate
763 1399 827 1452 prn-

30 1458 75 1508 dcti
93 1462 204 1513 baeretici
227 1462 369 1513 occasionem
387 1461 478 1511 errandi
499 1464 660 1524 sumpserunt,
681 1460 741 1510 male
758 1458 829 1511 verba

32 1528 141 1593 lugnslini
159 1532 325 1596 intelligentes.
344 1532 403 1582 Cium
421 1532 483 1583 enim
498 1532 638 1595 Augustinus
657 1530 712 1581 dicit
728 1544 734 1578 :
753 1530 829 1581 «lton

32 1598 66 1651 boc
82 1617 166 1669 corpus
188 1606 250 1669 quod
267 1604 352 1655 videtis
371 1604 530 1654 manducaturi
548 1603 603 1654 estis
611 1618 647 1665 ‚n
666 1614 712 1651 non
728 1599 830 1651 intendit

33 1673 139 1727 excludere
153 1677 278 1727 veritatem
292 1675 394 1741 corporis
408 1674 505 1737 Christi,
518 1675 558 1723 sed
573 1673 635 1736 qnod
648 1684 695 1722 non
707 1673 756 1721 erut
765 1683 831 1721 man·

37 1742 150 1797 bendum
168 1749 196 1798 in
213 1748 257 1797 bae
276 1746 364 1811 speeie,
378 1746 404 1797 in
422 1758 468 1809 qua
480 1745 510 1795 ab
525 1744 560 1795 eis
576 1743 703 1793 videbatur.
721 1744 766 1793 Per
784 1742 830 1793 hoc

36 1817 97 1866 tutem
109 1820 173 1881 quod
187 1818 284 1869 subdit:
300 1834 314 1866 u
328 1817 500 1868 Sacramentum
512 1814 573 1878 quod
584 1812 650 1865 vobis
660 1812 828 1877 commended,

37 1886 169 1948 spiritualiter
185 1890 339 1953 intellectum,
351 1888 478 1940 vivilieebit
491 1901 540 1945 vos,
556 1903 571 1935 s
590 1900 637 1939 non
655 1886 754 1937 intendit
767 1884 829 1950 qnbd

38 1967 106 2023 terpus
117 1962 205 2015 (burisli
220 1962 251 2011 sit
263 1962 288 2011 in
301 1964 346 2012 boc
364 1965 507 2012 sacramento
521 1958 595 2011 solbm
612 1958 736 2010 secundbnr
746 1956 829 2025 mysti-

38 2038 78 2078 (ω
88 2032 291 2096 significationem,
309 2033 350 2083 sed
362 2031 539 2097 spiritualiter
552 2030 622 2095 dicit,
640 2030 721 2094 idest,
742 2048 756 2080 (ι
766 2028 829 2080 invi·

40 2096 120 2153 subur
132 2109 157 2156 et
170 2118 213 2171 per
226 2103 334 2155 virtutem
344 2103 445 2167 Spiritus
457 2102 540 2153 saneti.
555 2117 568 2150 n
582 2102 647 2152 Unde
660 2116 737 2166 super
753 2102 826 2152 loun.

41 2170 116 2232 (luet.
130 2179 248 2240 xxvll),
262 2190 379 2241 exponens
389 2176 413 2226 id
425 2175 486 2239 quod
501 2175 583 2226 dieitur
594 2188 627 2223 :a
643 2174 702 2225 Caro
715 2188 762 2226 non
775 2186 829 2239 pro·

42 2240 82 2294 dest
98 2249 234 2314 pelopum,
248 2265 263 2297 »
283 2248 355 2298 dicits
374 2264 388 2295 «
400 2247 446 2297 Sed
468 2247 582 2311 quomodo
600 2244 635 2295 illi
653 2244 828 2299 intellexemnll

43 2310 121 2368 Quem
134 2320 222 2384 qnippe
238 2319 273 2369 sic
286 2318 448 2369 intellexerunt
462 2316 661 2381 manducandam,
680 2316 795 2379 quomode
804 2315 830 2366 in

43 2386 136 2441 clareo
153 2390 289 2452 dilaniatur,
301 2392 341 2439 ant
360 2389 386 2439 in
402 2388 498 2439 mucello
515 2387 635 2447 venditur,
652 2401 698 2437 nou
715 2387 830 2451 quomodo

42 2456 108 2530 biblo
120 2466 250 2527 vegetatur.
265 2461 363 2512 Accedet
378 2460 470 2525 spiritus
483 2459 512 2511 ad
525 2471 627 2522 caruem,
639 2461 662 2509 et
674 2461 767 2522 prodest
775 2459 829 2523 plu·

46 2536 109 2581 rmum
120 2549 128 2597 ;
143 2548 198 2585 num
214 2533 298 2584 cicaro
310 2530 369 2583 nibil
382 2533 514 2597 prodesset,
528 2532 627 2581 Verbum
637 2542 688 2581 caro
698 2544 744 2581 non
756 2530 830 2595 fieret,

45 2599 175 2657 utbrbiuret
187 2604 212 2654 in
223 2605 299 2655 nobis.
316 2619 332 2653 o

70 2671 99 2723 ll
107 2677 232 2728 secumdum
247 2674 382 2739 dicendum,
395 2674 457 2740 qnbd
471 2675 566 2726 verbum
583 2672 638 2724 illud
658 2672 794 2737 Augustini,
808 2673 832 2723 et

48 2742 109 2794 lunia
119 2747 219 2803 similia.
231 2749 286 2796 sunl
300 2746 446 2810 intelligenda
456 2747 485 2799 dc
497 2757 592 2810 corpore
606 2743 689 2795 Cbristi
706 2741 832 2795 meandum

47 2809 186 2889 quodvidetuu
197 2816 224 2867 iu
238 2817 330 2880 propria
341 2818 432 2882 speeie,
442 2817 568 2871 seeundbm
582 2815 643 2880 qnbd
653 2817 721 2869 etium
730 2816 781 2879 ipse
789 2814 832 2865 lto·

48 2888 170 2943 munden
187 2886 297 2948 tlattb,
315 2888 386 2941 lllllll
402 2905 410 2940 z
426 2904 440 2939 u
454 2889 490 2943 lle
507 2892 647 2940 autemnon
660 2884 832 2951 semperbcbc·
