1942 3284
258 202 290 238 nn
304 201 360 238 nuru
377 201 452 240 nunus
470 201 627 240 stannum.
798 196 843 242 ibt)

36 282 71 327 est
91 278 153 327 hnic
174 280 314 328 sacramento
326 277 387 341 qnod
401 279 426 329 iu
440 279 492 342 ejns
508 278 662 333 celebratione
680 280 782 332 cbristus
798 283 842 332 im-

38 351 152 400 moletur.

69 420 105 469 Ad
121 420 222 484 primum
235 433 288 483 ergo
302 419 439 482 dicendum,
454 421 515 485 qubcl
538 421 598 472 sicut
615 422 743 474 Ambrosius
759 423 843 475 ibidem

34 492 105 554 dicit,
126 508 142 539 u
156 504 202 541 nna
217 496 252 542 est
263 493 338 543 boetia
358 492 451 557 (quum
468 493 566 543 scilicet
578 493 696 544 Christus
712 495 807 545 obtulit
817 499 842 545 et

31 579 80 613 nos
93 565 234 627 offerimus
243 567 261 625 l,
273 568 296 614 et
304 577 349 615 nou
362 565 436 615 multa
447 604 454 625 ,
466 566 521 627 quia
534 566 604 616 semel
619 567 708 618 oblatus
718 572 754 618 est
764 567 842 619 Chus-

37 641 82 686 tns.
112 653 127 684 n
148 637 196 686 lloc
219 639 294 686 autem
313 635 447 688 sacrificinm
471 637 600 701 exemplum
621 643 658 688 est
685 640 755 690 illius.
778 639 842 689 Sicut

36 707 97 756 enirn
113 707 178 770 quod
194 707 277 770 ubique
294 707 395 766 offertur,
411 719 481 758 unum
502 713 538 758 est
555 721 654 772 corpus,
666 715 690 761 et
706 725 750 762 non
771 711 842 762 multe

38 791 145 841 corpora,
163 778 195 827 ita
208 782 232 829 et
245 792 315 828 unum
329 779 473 830 sacrificinm.

68 851 104 900 Ad
116 851 245 900 secuudum
257 851 387 910 uiuendum,
399 850 459 914 quod
476 850 535 900 sicut
549 850 669 902 celebratio
680 851 749 915 hujus
766 867 840 904 sacra·

38 921 112 972 menti
130 926 168 971 est
181 920 256 984 inungo
276 921 460 984 representative
477 921 591 986 passionis
605 922 705 987 Christi,
720 923 753 973 ita
770 926 841 976 altare

38 997 73 1042 est
83 992 302 1058 repraesentatiuum
317 993 389 1043 crucis
404 993 491 1057 ipsius,
504 993 528 1042 in
539 1005 584 1057 qua
599 993 705 1044 Christus
716 995 739 1045 in
753 996 842 1061 propria

38 1065 115 1128 specie
131 1066 264 1116 immolatus
276 1069 321 1116 est.

69 1139 102 1188 nd
122 1137 216 1188 tertium
236 1136 374 1200 dicendum,
387 1137 445 1200 quod
466 1151 508 1202 per
521 1136 622 1188 eamdem
642 1136 752 1188 rationem
773 1138 841 1189 etiarn

36 1210 147 1259 sacerdos
160 1208 219 1271 gerit
231 1209 353 1271 imaginem
374 1208 474 1269 Christi,
494 1208 519 1258 in
532 1208 599 1272 cnjus
611 1221 708 1272 persona
724 1211 748 1258 et
760 1209 842 1260 virtute

37 1280 107 1329 verba
131 1279 263 1342 pronuntiat
277 1281 304 1329 ad
319 1279 513 1340 consecrandum,
531 1283 556 1328 nt
574 1291 603 1329 ur
618 1278 686 1342 supra
700 1279 767 1330 dictis
778 1284 843 1344 patet
898 1304 900 1308 ·

41 1351 96 1412 (qn.
109 1355 152 1411 82,
168 1353 211 1401 art.
226 1355 239 1400 1
254 1353 279 1400 et
289 1349 331 1413 l).
347 1352 376 1400 ut
388 1349 419 1400 ita
434 1351 600 1414 quodammodo
613 1350 672 1401 idem
688 1354 724 1401 est
736 1352 841 1402 sacerdos

38 1424 61 1469 ut
75 1421 164 1473 hostin.

340 1528 501 1579 subrubeus
516 1529 546 1578 ll.

28 1703 30 1710 ‚
45 1655 133 1698 Utrum
147 1654 312 1698 convenienter
320 1654 351 1698 sit
364 1654 550 1698 determinatum
561 1655 653 1710 tempus
669 1651 842 1697 celebrationis.

72 1782 106 1831 ld
121 1781 248 1830 secundum
270 1781 304 1830 sic
322 1779 459 1844 proceditur.
475 1779 571 1829 Virletur
584 1777 645 1841 quid
658 1777 845 1828 inconvenienter

42 1850 70 1900 sit
87 1851 264 1902 determinatum
283 1855 373 1914 tempus
396 1849 556 1902 celebrationis
572 1851 642 1914 bnjns
664 1848 777 1913 mysterii.
798 1849 845 1898 lloc

43 1921 102 1972 enim
123 1927 290 1973 sacramentum
303 1927 338 1974 est
351 1922 561 1986 repraesentativum
581 1921 704 1972 Dominioaa
720 1919 844 1984 passionis,

43 1998 67 2042 ot
82 1995 215 2045 dictumest
231 1995 283 2059 (art.
298 1999 330 2050 ι).
342 1994 387 2044 Sed
398 1993 583 2044 commemoratio
595 1993 719 2043 [lominica
729 1991 844 2056 passionis

44 2066 67 2114 nt
81 2067 105 2116 in
120 2067 222 2117 Ecclesia
235 2066 305 2117 semel
325 2067 348 2115 in
367 2079 441 2128 anu03
457 2065 514 2115 dicit
529 2065 591 2115 enirn
610 2064 752 2128 Augustinus
771 2079 846 2128 snper·

45 2137 142 2188 Poulm.
162 2137 214 2188 llll
229 2153 236 2186 a
253 2155 266 2185 u
280 2137 469 2200 Quotiescumque
482 2137 572 2186 Pasclm
585 2136 719 2199 celebratur,
730 2135 846 2198 numquit

46 2207 111 2258 toties
128 2208 232 2258 Christus
244 2207 372 2260 occiditur?
392 2207 436 2258 Sed
455 2211 534 2258 tamen
549 2206 703 2258 anniversaria
718 2206 845 2256 recordatio

45 2282 193 2340 representat
210 2279 270 2341 qnod
284 2278 338 2328 olim
359 2279 443 2328 tactum
457 2281 505 2339 est,
520 2281 544 2327 et
563 2277 595 2326 sic
617 2291 660 2327 nos
678 2275 733 2327 iecit
748 2276 845 2338 moneri,

46 2351 153 2413 nuquam
167 2349 286 2400 videamus
296 2350 320 2398 in
335 2363 401 2398 cruce
413 2349 548 2411 pendentem
560 2347 713 2398 bominum.»
729 2348 789 2410 Ergo
802 2349 846 2397 lroc

48 2427 214 2472 monumentum
226 2434 269 2472 non
285 2423 352 2472 lebet
365 2419 472 2471 celebrari
484 2420 529 2472 uisi
538 2420 609 2470 semel
618 2421 643 2470 iu
658 2433 727 2469 anno.

77 2497 101 2542 ι.
115 2495 241 2555 Praeterea,
251 2493 327 2557 passio
337 2492 424 2543 Christi
432 2495 623 2543 commemoratur
632 2491 656 2542 iu
669 2490 772 2542 Ecclesia
782 2494 845 2541 serta

48 2563 103 2616 teria
116 2570 170 2616 ante
184 2566 285 2626 Pascha,
298 2579 343 2616 non
358 2568 433 2614 autern
447 2563 472 2613 in
487 2565 545 2614 lesto
559 2564 650 2614 natalis.
666 2563 724 2613 Cium
737 2575 791 2627 ergo
801 2565 845 2612 lroc

48 2641 208 2686 oruamentum
221 2636 251 2686 sit
262 2635 485 2687 cnrrrmemorntivnm
499 2635 623 2686 [lominica
638 2634 764 2699 passionis,
780 2633 845 2683 uide-

50 2709 83 2756 tur
98 2707 263 2758 inconveniens
279 2720 331 2758 esse
349 2707 410 2770 qubd
433 2707 458 2756 iu
475 2706 511 2758 die
525 2706 593 2757 natali
616 2710 650 2757 ter
664 2707 790 2756 celebretur
803 2707 847 2755 hoc

50 2784 215 2830 sacramentum
231 2781 254 2828 iu
274 2781 397 2830 Parasceve
418 2781 495 2828 antem
507 2778 606 2829 totaliter
619 2778 792 2828 intermittatur.

79 2853 103 2900 3.
122 2852 254 2911 Praetereu,
272 2850 297 2900 in
319 2849 470 2901 celebratione
494 2851 563 2914 bnjus
584 2849 733 2912 sacramenti,
748 2846 848 2898 Ecclesia

52 2919 116 2974 debet
133 2921 219 2972 imitari
233 2921 399 2973 institutionem
417 2921 511 2974 Christi.
531 2921 576 2974 Sed
587 2919 691 2972 Christus
708 2917 849 2971 consecrarit
