1942 3284
96 138 142 193 tit
251 144 450 191 emmenum,
464 142 557 187 eumn.
574 142 639 189 xxii,
658 142 715 181 ser.
732 142 751 179 ι.

349 356 519 428 tomello
536 355 637 420 XXII.

96 504 132 549 lio
150 502 189 547 itia
205 503 251 560 qui
265 503 368 557 pomum
387 498 619 546 excommunicare,
631 499 659 541 ct
675 495 916 544 excommunicari,

325 572 355 616 io
371 583 415 616 ceco
432 570 553 615 articulos
571 567 665 615 diviso.

126 722 211 773 Deinde
216 719 410 771 considerandum
419 721 455 769 est
461 720 489 769 de
498 718 536 768 his
545 718 586 782 qni
593 721 696 781 possunt
703 718 915 769 excommunicare

93 798 118 845 et
130 791 335 843 excommunicari.

125 864 191 914 Circa
211 863 272 926 qnod
296 865 427 926 quaeruntur
447 874 490 911 sex
510 859 652 911 :1⁰Utri1m
674 860 780 925 quilibet
801 858 910 911 moenam

93 935 166 1001 possit
178 933 386 984 excommunicare.
396 938 424 982 2⁰
433 931 515 982 Uirium
526 945 571 983 uon
581 932 690 982 sacerdos
701 930 911 983 excommunicare

93 1006 175 1070 possit.
195 1010 221 1054 3⁰
236 1004 316 1056 Uirium
329 1004 541 1055 excommunicatus
550 1004 586 1053 vel
599 1016 732 1067 suspensus
747 1002 831 1069 possit
842 1002 910 1053 aliun

93 1077 297 1129 excommunicare.
315 1078 341 1125 i⁰
354 1074 433 1125 Utrum
449 1074 531 1139 aliquis
544 1074 657 1139 seipsum,
671 1074 712 1125 vel
726 1075 862 1139 aequalem,
876 1072 910 1124 rel

92 1147 233 1212 superiorem
245 1146 317 1211 possit
332 1146 538 1197 excommunicare.
551 1150 576 1195 5⁰
585 1144 665 1197 Utrum
675 1145 758 1209 aliqua
766 1145 909 1197 universitas

93 1217 285 1271 excommunicari
296 1216 378 1280 possit.
399 1222 427 1265 6⁰
446 1217 526 1267 Utrum
540 1216 615 1267 semel
629 1216 855 1269 exommunicatus
867 1230 910 1269 ex·

91 1290 256 1341 communicari
268 1288 343 1351 possit
356 1286 461 1338 ulterius.

395 1464 554 1517 mucosus
569 1466 587 1516 l.

176 1590 263 1636 lltrlrm
276 1590 376 1647 quilibet
389 1590 497 1635 sacerdos
511 1590 585 1646 possit
601 1590 826 1636 excommunicare.

124 1718 158 1768 dd
167 1717 266 1782 primum
281 1715 315 1767 sic
331 1715 469 1780 proceditur.
483 1715 578 1765 Videtur
593 1715 654 1780 qnod
671 1714 771 1778 quilibet
790 1717 902 1769 sacerdos

92 1788 166 1852 possit
181 1788 385 1838 excommunicare.
400 1785 612 1837 Excommunioatio
627 1785 688 1836 enim
709 1791 745 1837 est
764 1791 837 1839 actus
855 1788 903 1839 cla·

91 1858 163 1909 rium.
186 1860 231 1910 Sed
246 1859 343 1923 quilibet
358 1858 464 1909 sacerdos
482 1858 553 1908 habet
570 1858 656 1907 clares.
672 1860 733 1921 lingo
748 1858 853 1921 quilibet
867 1872 905 1909 sa-

90 1930 172 1981 cerdos
184 1933 262 1992 potest
275 1928 481 1979 excommunicare.

122 2004 146 2048 t.
164 2000 293 2060 Praeterea,
308 1998 382 2061 majus
397 2001 432 2049 est
450 1998 569 2048 absolvere
587 2001 611 2048 et
626 1997 697 2062 ligare
712 1997 737 2048 in
753 1997 806 2049 loro
823 2000 901 2063 poeui-

90 2068 171 2119 tentie
187 2069 255 2131 quam
270 2068 296 2118 in
309 2069 359 2119 sono
370 2068 460 2133 judicii.
474 2070 519 2119 Sed
532 2068 628 2133 quilibet
640 2069 748 2119 sacerdos
762 2072 842 2132 potest
856 2069 901 2120 sibi

89 2138 192 2190 subditos
207 2139 232 2187 in
244 2138 296 2189 loro
314 2140 597 2204 poenitentialiabsolvere
611 2140 729 2203 elligere.
744 2140 808 2203 Ergo
829 2140 899 2192 etiam

89 2211 165 2273 potest
181 2208 225 2257 sibi
239 2210 340 2261 subditos
350 2212 445 2275 quilibet
461 2212 566 2264 sacerdos
583 2210 789 2262 excommunicare.

120 2281 164 2331 Sed
173 2284 253 2330 eontra
264 2297 270 2329 :
283 2294 311 2332 ca
318 2282 343 2331 in
350 2282 433 2347 quibus
444 2283 549 2333 imminet
556 2282 692 2347 perieulum,
703 2285 759 2332 sunt
770 2280 898 2346 majoribus

88 2352 232 2403 reservanda.
244 2350 290 2403 Sed
303 2367 371 2417 poena
380 2353 624 2404 excommunicationis
633 2356 668 2405 est
678 2350 896 2417 naldepericnloca,

88 2424 134 2474 nisi
147 2438 199 2474 cum
213 2424 368 2475 moderamine
381 2425 429 2476 liat.
443 2426 504 2488 Ergo
521 2438 568 2475 non
583 2426 652 2476 debet
665 2424 760 2475 cuilibet
778 2424 897 2475 sacerdoti

87 2494 208 2546 mmmitti.

121 2566 375 2631 (consensum—Soli
393 2567 496 2629 episcopi
510 2570 534 2617 et
546 2567 643 2631 majores
655 2566 744 2631 prelati
758 2578 894 2619 excommu-

90 2636 166 2687 nicare
178 2643 292 2701 possunt,
305 2638 346 2701 qui
362 2638 447 2688 babent
458 2637 643 2702 jurisdictionem
661 2638 686 2689 in
705 2639 752 2689 loro
768 2636 891 2701 judiciali,

88 2706 117 2756 ad
133 2709 195 2770 qnod
208 2713 297 2772 spectat
310 2722 380 2760 eausa
395 2723 446 2773 que
460 2708 545 2773 obligat
554 2710 673 2761 hominem
685 2710 710 2761 in
720 2708 890 2775 comparatione

88 2776 117 2825 ad
126 2777 184 2827 ulios
194 2779 329 2842 homines.)

119 2845 256 2911 Respondoo
265 2851 395 2913 dicendum,
407 2851 468 2913 qndd
481 2851 507 2902 in
516 2853 564 2904 toro
574 2853 720 2905 conscientie
731 2864 799 2905 cause
811 2852 889 2917 agitur
