1942 3284
119 203 166 251 102
298 209 357 251 PARS
374 209 417 260 111,
432 207 527 256 illim.
544 207 612 260 mu,
628 207 684 248 m.
700 207 736 250 tv,

118 289 165 341 Sed
177 300 236 353 aqua
249 286 288 338 illa
301 298 349 336 uon
361 284 451 336 ridetm
464 284 534 338 luisse
547 298 605 349 aqua
620 297 692 350 pura,
707 297 735 336 eo
751 284 812 350 quot
827 284 852 336 iu
870 299 932 339 cor·

117 374 175 426 pore
194 359 265 411 mixto
283 355 429 423 (cujusmodi
441 357 486 408 luit
503 370 585 422 corpus
605 356 723 420 Christi),
738 369 785 408 uon
806 360 860 410 sunt
877 359 934 412 ele-

119 432 198 483 menta
210 429 237 483 iu
251 433 314 480 actu.
327 429 388 492 urso
400 428 490 481 utetur
503 429 564 493 quon
583 441 629 479 non
643 427 769 494 requiratur
786 441 847 492 aqua
865 443 934 494 pura

119 502 156 554 uel
173 500 272 565 simplex
291 500 319 550 ad
334 500 481 564 baptismum.

152 576 176 622 t.
192 573 316 634 Preterea,
331 570 435 621 lixiuimn
448 585 495 622 non
513 573 603 624 uidetur
622 586 671 624 esse
690 585 748 636 aqua
768 584 839 635 pura;
854 573 933 626 babet

119 643 181 695 enim
199 642 350 708 proprietates
360 642 483 694 contrarius
495 656 569 707 aque,
584 644 672 695 scilicet
683 641 831 694 calefaciendi
846 647 874 694 et
887 645 936 697 dc·

121 713 240 776 siccandi3
261 718 285 765 et
304 717 381 764 tamen
399 713 424 764 in
436 713 518 766 lixivio
531 714 620 765 ridetur
633 727 702 778 posse
715 713 764 764 lieri
776 713 932 780 baptismus,

121 786 181 837 sicut
193 785 249 837 eliu
263 784 328 848 aquis
340 784 481 848 balneorum,
491 798 542 849 quoe
560 788 678 836 transeunt
690 797 814 849 perrenae
827 786 934 852 sulphu-

122 869 182 920 reus,
199 856 259 907 sicut
268 859 291 905 et
306 854 409 906 lixivium
424 856 511 908 colatur
524 870 565 920 per
578 857 673 908 cineres.
685 857 744 920 Ergo
754 855 845 906 ridetur
863 857 933 922 quod

122 941 181 992 equa
194 927 291 992 simplex
302 940 348 977 non
356 927 482 990 requiratur
496 928 523 980 ad
536 928 682 994 baptismum.

154 1003 178 1048 5.
196 999 322 1062 Praeterea,
340 1011 399 1061 aqua
413 1011 506 1050 rosacea
525 999 550 1048 fit
568 1013 608 1064 per
622 998 803 1050 sublimationem
825 997 933 1064 erosis,

123 1069 182 1120 sicut
194 1069 263 1120 etiam
277 1082 342 1137 aque
352 1069 476 1121 alchimius
488 1070 522 1134 (l)
538 1073 673 1136 generantur
685 1082 726 1134 per
742 1069 932 1122 sublimationem

124 1142 153 1194 ab
170 1140 283 1205 aliquibus
300 1141 440 1204 corporibus.
457 1143 503 1193 Sed
518 1142 543 1191 iu
558 1141 594 1191 bis
610 1141 682 1206 equis,
692 1145 719 1191 ut
735 1141 836 1204 uidetur,
848 1147 934 1206 potest

122 1213 172 1266 fieri
183 1212 323 1277 baptismus,
339 1212 399 1264 sicut
414 1216 438 1263 et
448 1213 472 1264 iu
488 1217 553 1278 aquis
564 1212 712 1277 pluvialibus,
728 1225 780 1277 quse
793 1225 835 1276 per
853 1214 933 1266 subli-

122 1283 247 1338 mationem
263 1296 370 1350 uaporum
388 1288 532 1349 generantur.
551 1283 607 1335 cium
626 1283 695 1349 igitur
708 1284 842 1349 hujusmodi
861 1297 932 1349 aqum

124 1370 171 1408 non
186 1358 234 1407 sint
246 1368 310 1420 pura
327 1358 349 1404 et
368 1355 495 1420 simplices,
509 1354 668 1419 videturqubd
684 1367 809 1419 aquaputa
823 1358 847 1405 et
869 1357 933 1408 sim-

123 1429 178 1492 plex
191 1441 237 1478 non
250 1426 376 1490 requiratur
389 1428 416 1478 ad
428 1427 576 1492 baptismum.
663 1475 666 1482 .

156 1499 201 1549 Sed
214 1501 292 1549 contra
308 1501 360 1560 est,
378 1497 439 1562 qubd
452 1497 545 1562 propria
560 1496 655 1548 muteria
675 1496 782 1562 baptismi
796 1499 833 1547 est
853 1511 931 1564 aque,

125 1573 151 1621 ut
160 1570 245 1622 dictum
254 1573 290 1620 est
304 1572 356 1632 (art.
367 1570 401 1634 ι).
418 1569 463 1620 Sed
476 1569 577 1634 speciem
589 1582 655 1632 aquae
669 1569 794 1619 nonhabet
807 1568 855 1618 uisi
870 1583 930 1634 aqua
962 1623 963 1633 ἶ

125 1642 232 1706 simplex.
246 1640 307 1705 Ergo
320 1653 378 1704 aqua
392 1654 449 1706 pura
464 1645 488 1692 et
502 1641 600 1706 simplex
613 1641 641 1691 de
653 1639 789 1690 necessitate
803 1642 932 1704 requiritur
961 1682 962 1699 q

125 1714 155 1766 ad
167 1713 313 1778 baptismum.
960 1753 961 1765 r

156 1784 166 1850 (
170 1787 349 1836 coumus10.-
362 1783 389 1833 ln
401 1797 544 1848 quacumque
560 1795 617 1846 aqua
630 1780 842 1848 quomodocumque
856 1787 932 1836 trans
959 1823 960 1833 ,

125 1857 228 1918 mutata,
246 1855 367 1909 dummodo
385 1867 432 1907 uon
451 1855 552 1906 solvatm
574 1853 664 1918 species
683 1866 762 1918 aque,
778 1855 859 1918 potest
882 1854 930 1906 lieri
958 1887 959 1899 ,

90 1966 92 1971 .
123 1927 153 1977 ba
169 1925 258 1977 tismus.
957 1948 958 1965 ι

152 1926 291 2061 iuespouoio
300 1997 432 2054 dicendum,
444 1995 506 2064 quod
517 2009 576 2061 aqua
589 2007 653 2048 suam
663 1996 787 2061 puritatem
799 1999 824 2050 et
837 1997 929 2063 simpli·
956 2025 957 2033 ι

125 2068 217 2123 citatem
230 2072 307 2135 potest
319 2069 421 2121 emittere
433 2068 572 2133 dupliciter:
590 2080 635 2119 uuo
652 2067 719 2120 modo
735 2080 777 2134 per
792 2067 927 2122 mixtionem

124 2140 340 2203 alteriuscorporis3
350 2139 394 2190 alio
403 2141 471 2190 modo
480 2151 522 2203 per
532 2139 697 2190 alterationem.
709 2140 835 2204 Utrumque
847 2145 927 2192 autem
954 2161 955 2165 ¹

123 2212 205 2264 horum
222 2210 333 2275 contingit
354 2210 404 2263 fleri
421 2211 554 2276 dupliciter,
579 2210 668 2262 seilicet
688 2223 729 2274 per
752 2214 824 2262 sutem
845 2216 927 2278 siper
953 2219 954 2233 ¹

124 2293 238 2334 naturam
253 2283 294 2334 urs
311 2280 475 2333 autemdeficit
492 2282 520 2334 ab
535 2280 667 2350 operatione
686 2285 772 2332 nature
780 2282 859 2346 ,quia
883 2296 927 2334 ns·
952 2277 953 2299 ¹

124 2356 175 2407 tura
194 2353 234 2404 dat
250 2353 345 2406 formam
359 2352 532 2405 substantialem
541 2353 622 2417 qnod
638 2365 674 2402 ars
690 2351 764 2404 lacere
778 2365 826 2404 uon
839 2337 952 2433 potest

124 2423 170 2474 Sed
182 2436 262 2474 omnes
274 2424 352 2475 iormae
369 2423 497 2474 artificiales
509 2426 563 2474 sunt
572 2423 735 2484 accidentales,
750 2421 795 2476 uisi
807 2423 868 2478 lorti
886 2439 924 2490 ap
949 2449 950 2500 q

124 2495 229 2561 ponendo
242 2495 360 2562 proprium
372 2507 442 2562 agens
461 2495 491 2546 ad
504 2494 616 2559 propriam
630 2494 761 2556 materiem,
772 2495 855 2549 sicut.
849 2508 924 2561 iguem
946 2511 949 2566 q

125 2566 292 2632 combustibili3
304 2579 423 2632 perquem
438 2567 530 2619 modum
539 2565 694 2631 'aquibnsdam
704 2567 767 2634 quaed
770 2580 806 2618 am
821 2567 926 2620 animalis

124 2651 165 2702 per
184 2638 373 2704 putrefactionem
385 2641 531 2703 generantur.
546 2639 698 2703 Quaecumque
718 2637 787 2702 igitur
804 2641 924 2690 transum-

158 2810 192 2873 (i)
205 2811 340 2859 Alebimicae
355 2813 403 2860 sire
412 2813 518 2860 cbimicm
534 2823 602 2870 aqum
609 2812 717 2861 ducuntur
729 2811 828 2869 beruco
841 2812 923 2881 pupis,

124 2880 149 2932 iu
162 2889 198 2932 eet
209 2897 299 2936 eureus
312 2886 361 2932 sire
375 2886 475 2936 tumor
484 2897 636 2943 quecumque
648 2877 690 2942 per
699 2884 823 2932 cbimicum
834 2897 876 2932 seu
890 2883 923 2929 lu-

125 2948 212 2995 soriam
228 2956 303 2996 artem
318 2962 348 2996 ex
361 2949 529 3008 qualicumque
539 2960 611 2996 sucos
622 2947 784 3000 extrahuntur
