1942 3284
251 189 281 232 DE
295 189 407 230 urbisne
422 188 498 228 HUJUS
513 185 676 228 SACRAKRUTI·
817 176 863 222 435

61 267 157 320 missam
172 266 326 319 concubinarii
340 267 471 319 sacerdotis.
488 267 531 316 Sed
544 268 588 315 boc
603 263 775 326 intelligendum
785 267 821 313 ert
834 264 862 314 de

60 341 166 402 notorio,
179 341 217 390 uel
228 353 269 403 per
284 342 420 390 sententiam
435 355 484 404 qun
498 341 571 390 fertur
581 339 606 388 in
617 339 759 398 convictum,
771 338 808 387 vel
823 350 864 401 per

61 413 233 466 confessionem
243 413 266 462 in
279 413 329 475 jure
347 413 439 472 iactam,
449 413 484 463 vel
494 425 534 476 per
542 409 680 462 evidentiam
693 409 760 473 faeti,
772 410 862 473 qnando

60 499 106 536 non
117 488 196 549 potest
209 489 327 548 peccatum
341 484 415 547 aliqud
433 483 621 548 tergiversatione
635 482 711 532 celari.

363 663 524 713 ARTICULUS
542 664 569 714 X.

66 789 154 834 Utrirm
167 788 240 835 ateana
255 787 370 832 sacerdoti
383 788 480 831 omnino
497 786 512 831 ὰ
528 788 701 831 consecratione
715 787 864 832 eucharistion

405 851 531 894 obstinere.

94 977 128 1026 Ad
138 975 254 1026 decimum
265 974 298 1025 sic
306 976 433 1039 proceditur
443 977 488 1039 (ti.
502 977 597 1026 Videtur
604 975 664 1038 quod
676 975 745 1026 liceat
755 976 866 1026 sacerdoti

62 1049 159 1098 omnino
174 1047 186 1098 a
200 1047 371 1098 consecratione
386 1049 529 1099 eucharistie
548 1047 670 1098 abstinere.
685 1047 749 1098 Sicut
763 1048 824 1098 enim
837 1050 864 1098 ad

62 1119 167 1170 osticium
181 1119 306 1170 sacerdotis
319 1120 421 1183 pertinet
433 1121 592 1170 eucharistiam
606 1132 745 1183 consecrare,
754 1119 785 1168 ita
798 1119 865 1168 etiam

61 1190 183 1255 baptizare
193 1229 199 1252 ,
209 1195 232 1242 et
246 1191 270 1240 in
284 1190 335 1240 aliis
344 1192 492 1242 sacramentis
502 1191 637 1242 ministrare.
652 1191 696 1240 Sed
707 1191 811 1240 sacerdos
821 1203 867 1240 non

62 1265 157 1314 tenetur
171 1262 301 1314 ministrare
321 1263 346 1312 in
362 1263 413 1312 aliis
433 1263 598 1325 sacramentis,
617 1261 661 1312 nisi
678 1267 771 1326 propter
790 1274 867 1311 euram

62 1334 192 1388 animarum
213 1338 351 1398 susceptam.
366 1335 424 1398 Ergo
441 1335 532 1384 uidetur
544 1335 604 1398 qnod
623 1347 666 1384 nee
683 1334 751 1384 etiam
765 1337 869 1384 teneatur

62 1406 226 1457 eucharistiam
240 1419 386 1469 consecrare,
401 1406 421 1456 si
435 1419 513 1456 curam
526 1420 573 1456 non
590 1406 674 1456 babeat
684 1406 820 1454 animarum.

96 1484 120 1528 Ξ.
137 1481 260 1540 Praeterea,
273 1480 350 1531 nuilus
360 1483 451 1530 tenetur
460 1479 534 1529 iacere
546 1480 605 1541 quod
619 1478 719 1528 sibinen
730 1477 796 1539 tieet3
811 1477 867 1526 ctio·

64 1551 118 1614 quin
128 1555 192 1602 esset
209 1551 338 1614 perplexus.
354 1551 399 1600 Sed
410 1551 525 1600 sacerdoti
533 1550 645 1613 peccatori
655 1547 691 1598 rel
702 1548 769 1597 etiam
777 1560 868 1598 exeom-

66 1623 186 1674 munidato
204 1636 250 1673 non
264 1622 317 1674 licet
330 1621 490 1673 eucharistiam
503 1634 647 1682 consecrare,
665 1624 691 1668 ut
701 1619 768 1682 snpr'a
784 1620 869 1668 dictum

64 1699 99 1744 est
113 1696 177 1758 (art.
193 1693 235 1758 t).
250 1691 309 1756 Ergo
325 1693 414 1744 uidetur
428 1692 489 1755 qn'od
502 1693 560 1744 tates
574 1705 619 1742 non
633 1695 754 1740 teneantur
768 1692 796 1740 ad
808 1691 869 1740 ceie-

64 1767 191 1828 brandum,
205 1770 229 1815 et
245 1765 277 1814 ita
298 1779 339 1816 nec
356 1765 394 1816 alii
403 1782 410 1830 3
428 1763 531 1828 alioquin
545 1777 573 1814 er
592 1777 634 1814 sua
647 1763 715 1826 eulpa
727 1763 869 1814 commodam

62 1843 217 1902 reportarent.

97 1913 120 1959 3.
141 1911 271 1971 Praeterea,
289 1907 387 1971 dignitas
403 1907 553 1958 sacerdotalis
566 1921 612 1957 non
626 1907 725 1971 perditur
735 1919 776 1969 per
789 1905 869 1955 subse-

66 1984 177 2044 quentem
192 1980 360 2042 infirmitatem
372 1980 428 2029 dicit
435 1979 499 2029 enim
511 1979 614 2028 Gelasius
626 1980 695 2040 Papa,
706 1981 730 2027 et
739 1977 836 2027 babetur
845 1975 870 2024 in

66 2053 179 2107 Decret„
191 2051 244 2100 dist.
261 2056 305 2100 55:
324 2067 337 2097 n
351 2053 468 2114 Praecepta
484 2051 607 2114 canonica,
617 2049 677 2100 sicut
693 2062 739 2100 non
755 2048 871 2112 patiuntur

67 2123 148 2172 venire
163 2123 191 2174 ad
205 2121 354 2172 sacerdotium
367 2123 453 2172 debiles
468 2135 576 2184 corpore,
586 2121 618 2170 ita
629 2121 648 2171 si
662 2120 715 2184 quis
724 2121 748 2169 iu
763 2134 790 2169 eu
804 2119 873 2168 fuerit

68 2194 217 2254 constitutus,
227 2207 253 2242 ac
267 2198 321 2243 tunc
335 2194 406 2244 fuerit
416 2195 539 2253 sanciatus,
553 2193 657 2243 amittere
668 2206 714 2244 non
727 2194 803 2255 potest
811 2190 870 2254 quod

67 2266 173 2328 tempore
186 2277 233 2314 sum
244 2263 380 2314 sinceritatis
391 2264 488 2330 accepit.
498 2281 512 2311 r
523 2262 642 2325 Contingit
653 2271 729 2314 antem
737 2262 871 2326 quandoque

68 2336 128 2400 quod
148 2336 246 2386 ordinati
267 2337 293 2393 in
314 2337 458 2398 sacerdotes,
474 2336 591 2384 incurrunt
605 2335 694 2398 aliquos
711 2336 830 2396 defectus,
842 2347 871 2383 ex

67 2408 150 2470 quibus
161 2408 173 2456 i
182 2408 332 2458 celebratione
347 2407 509 2471 impediuntur;
524 2407 583 2456 siout
592 2410 627 2456 est
639 2409 712 2470 lepra,
726 2407 763 2456 vei
778 2406 870 2455 morbus

68 2479 177 2541 caducus,
188 2479 225 2529 nei
237 2479 321 2542 aliquid
336 2478 476 2542 hujusmodi.
491 2479 542 2528 Non
552 2491 607 2540 ergo
622 2478 712 2529 ridetur
721 2477 783 2542 qubd
795 2489 870 2526 saeer-

69 2549 134 2600 dotcs
148 2551 177 2600 ad
191 2551 351 2600 celebrandum
366 2554 497 2600 teneantur.

99 2617 145 2669 Sed
156 2625 235 2671 contra
251 2625 298 2682 est,
310 2622 370 2684 qnod
384 2620 515 2671 Ambrosius
526 2621 579 2672 dicit
594 2621 617 2672 iu
630 2621 726 2684 quadam
744 2618 845 2670 oratione
863 2633 869 2666 ε

71 2707 85 2738 u
98 2691 171 2745 Grave
185 2698 221 2742 est
240 2691 299 2756 qnbd
318 2692 346 2742 ad
360 2705 462 2742 mensam
476 2697 538 2743 trram
553 2693 637 2743 mundo
651 2691 718 2742 eorde
731 2694 755 2742 et
769 2689 873 2740 manibus

103 2843 136 2907 (t)
151 2848 184 2892 Ite
196 2846 232 2890 bis
245 2846 314 2892 etiam
326 2848 358 2893 lv
368 2879 375 2905 ,
385 2845 462 2896 Seni..
475 2845 531 2892 dist.
545 2845 589 2902 ta,
603 2859 643 2902 qu.
661 2845 685 2903 3,
700 2850 743 2892 art.
760 2844 784 2904 S,
797 2855 873 2899 quu-

69 2909 141 2956 tiune.
152 2909 166 2953 3
177 2926 183 2964 ;
196 2915 221 2955 et
230 2908 284 2954 dist.
296 2905 336 2968 13,
351 2921 391 2967 qu.
403 2908 415 2954 1
427 2941 433 2968 ,
446 2915 490 2954 art.
502 2910 533 2968 2,
547 2910 684 2967 quesnuno.
696 2908 720 2956 1.
