1942 3284
123 179 152 216 DE
168 179 364 227 conculclstnttn,
383 179 438 222 01)AE
454 180 588 216 nummasii
606 179 751 218 dentulum
791 171 837 216 195

45 254 148 304 conduc
160 255 322 316 ordinabatur,
333 255 420 320 ipatre
430 255 540 317 trahitur,
553 267 599 306 non
610 255 624 305 d
637 259 719 317 matre,
730 258 756 304 ot
769 255 792 304 iu
806 257 835 304 ii.

45 329 97 388 part.
110 325 246 377 dictumest
259 325 308 390 (1,
318 330 343 386 2,
356 341 394 390 qu.
415 330 459 388 et,
474 329 517 376 art.
537 329 575 387 t).
590 326 635 376 Sed
647 325 772 390 baptismus
784 339 838 377 con·

41 398 93 448 tinet
106 398 214 449 virtutem
235 398 336 460 Christi,
353 397 392 460 qui
406 402 441 448 est
458 398 594 448 uniuersalis
608 411 676 449 eausa
690 398 772 449 salutis
784 411 838 449 oru-

44 467 107 532 niun,
126 472 149 519 et
167 467 311 519 remissionis
332 469 433 519 oninium
450 472 605 532 peccatorum.

301 643 304 650 '
335 649 493 700 nantelinus
508 650 547 700 tlt.

134 775 227 820 Uiricm
236 775 300 820 ritus
309 775 495 820 cirumcisionis
500 775 579 830 fucrit
587 775 733 821 cciivenieuc.

69 900 99 949 nd
109 900 205 950 tertium
219 901 254 952 sic
269 901 399 964 proceditur
408 902 453 966 (it.
469 901 563 950 Videtur
575 902 634 964 quid
651 901 710 952 ritus
719 899 838 951 circumci-

43 971 105 1022 sionis
122 985 169 1024 nnn
183 974 257 1024 inerit
272 972 419 1024 conueniens.
433 972 583 1023 circuncisio
593 972 668 1034 eninr,
682 972 742 1023 sicut
753 972 837 1023 diuum

41 1045 137 1102 eat(art.
157 1046 209 1095 tet
222 1044 253 1108 2)
263 1081 270 1105 ,
281 1042 333 1094 fidei
346 1045 447 1107 quedam
459 1044 573 1108 professio
584 1047 628 1094 cst.
644 1043 689 1094 Sed
702 1043 759 1094 tides
772 1043 796 1092 in
815 1044 838 1092 ui

43 1115 203 1176 apprehensiva
216 1114 311 1177 existit,
330 1116 397 1178 cujus
412 1114 559 1178 operationes
574 1114 671 1168 maxime
691 1119 801 1178 apparent
813 1115 837 1164 in

41 1185 113 1248 eapite
130 1188 191 1251 Ergo
207 1186 281 1249 magis
302 1186 380 1236 debuit
395 1185 486 1249 signnm
502 1185 683 1236 circumcisionis
695 1186 746 1236 dari
757 1185 782 1236 in
800 1197 838 1234 ca·

43 1256 91 1318 pite,
107 1257 177 1320 quim
192 1257 218 1308 iu
233 1257 336 1308 membro
349 1258 511 1320 generationis.

69 1333 90 1376 t.
105 1330 232 1391 Praeterea,
241 1330 269 1380 ad
280 1341 347 1378 usum
356 1333 548 1380 muramcntorum
558 1327 729 1378 assumimusea
742 1341 838 1390 quorum

42 1399 839 1463 estoommuniorusns3sioutaqoamadaiiueudunr,etpanenradre·

45 1469 167 1521 iciendum.
179 1473 226 1522 Sed
238 1472 266 1520 ad
273 1470 415 1522 incidendum
424 1470 567 1521 communiis
575 1470 661 1520 utirnur
668 1470 760 1520 cultello
767 1471 839 1519 terreo

45 1539 103 1602 quin
112 1543 214 1604 petrino.
227 1543 287 1605 Ergo
296 1542 436 1592 circumcisio
444 1541 573 1592 uoudeiuit
583 1541 632 1591 ieri
640 1541 732 1590 ouitelio
740 1539 838 1604 petrino.

71 1617 92 1661 3.
112 1613 247 1674 preterea,
265 1612 324 1662 siout
337 1613 460 1676 baptismus
478 1613 604 1662 instituitur
617 1613 642 1662 in
656 1612 780 1662 remedium
795 1611 840 1661 ori·

47 1684 119 1746 pinalis
139 1685 245 1750 pcccati,
261 1685 292 1735 itu
311 1685 379 1735 etiam
397 1685 555 1744 circumcisio,
568 1684 627 1734 sicut
649 1684 711 1732 Beda
725 1682 781 1732 dicit
794 1682 839 1746 (2).

46 1755 81 1803 Sed
103 1757 234 1822 baptismus
257 1769 302 1806 uon
323 1755 426 1807 differtur
449 1769 522 1818 usqne
540 1755 567 1805 ad
589 1757 695 1806 usurum
713 1753 788 1813 diens,
811 1767 840 1804 ne

47 1826 113 1886 pueris
124 1828 256 1892 periculum
266 1827 416 1878 damnationis
426 1826 552 1890 immincat,
560 1830 654 1890 propter
661 1825 774 1889 originale
786 1837 840 1888 pec·

50 1901 128 1961 caton,
142 1899 163 1950 si
176 1899 280 1950 nondum
298 1898 406 1962 baptizati
418 1899 543 1960 decedant3
559 1899 695 1962 pindoque
710 1897 780 1949 etium
793 1902 840 1947 tra·

48 1967 99 2018 ditur
116 1971 247 2034 baptismus
259 1973 312 2035 post
329 1975 433 2020 octavum
450 1970 522 2020 dieru.
538 1971 597 2033 Ergo
609 1968 777 2020 cicumcisioni
793 1979 840 2018 uon

49 2039 116 2091 detuit
130 2041 281 2095 determinari
294 2047 387 2092 octavu
398 2043 457 2105 dies,
472 2044 513 2092 sed
529 2043 625 2092 donem
636 2041 771 2105 quaudoque
784 2053 841 2104 pre·

50 2111 127 2175 ucniri,
144 2115 207 2164 sicut
221 2113 291 2163 etiam
310 2115 443 2177 quaudoque
455 2113 594 2162 tamabutur.

72 2181 111 2233 sed
125 2188 206 2235 eontra
221 2183 339 2247 estquod
353 2187 433 2240 Rom..
447 2184 486 2246 lv,
501 2195 569 2247 super
583 2183 641 2232 itinn
655 2198 662 2230 :
678 2182 732 2230 «nt
750 2181 841 2245 signnm

50 2254 128 2317 accepit
149 2255 350 2315 wuumsisiuuis,
368 2254 561 2306 »determinatur
578 2254 603 2304 in
619 2254 700 2304 diosna
720 2251 842 2316 predictus

52 2323 222 2378 cirumcisionis
245 2326 301 2377 ritus
311 2326 357 2392 (3).

78 2429 105 2492 ii)
120 2437 153 2481 lie
163 2436 202 2481 his
217 2437 287 2480 etiarn
300 2437 346 2488 tv,
361 2435 438 2484 Seni„
455 2436 509 2481 dist.
526 2435 536 2478 1
550 2467 556 2490 ,
569 2447 609 2491 qn.
622 2435 650 2492 2,
664 2439 708 2478 art.
724 2431 753 2490 ³,
766 2445 842 2488 quaes-

54 2502 114 2550 tione.
132 2506 161 2566 ¹3
177 2511 202 2552 et
217 2507 301 2560 Junci„
318 2506 550 2564 V11‚iect.2‚col.
567 2506 598 2558 55
615 2513 639 2550 et
655 2505 686 2549 nd
707 2505 841 2562 Rcm.,1V,

54 2564 98 2610 ieet.
111 2569 136 2624 i,
150 2569 198 2616 col.
209 2568 234 2613 4.

79 2635 107 2696 (ἢ
122 2641 158 2686 Sic
172 2640 236 2687 enirn
250 2639 337 2685 Hernii.
351 2641 385 2685 De
401 2640 594 2686 Circumciaiccec
606 2657 614 2682 .·
628 2639 695 2684 idem
708 2637 844 2696 salutiferas

56 2704 181 2749 curationis
194 2703 323 2748 nouitium
337 2704 493 2748 circumcisio
506 2705 535 2748 irs
549 2703 600 2759 icoc
613 2706 697 2746 contro
709 2698 845 2756 eripientis

54 2768 134 2814 pcccati
144 2767 240 2812 ocinus
249 2765 345 2823 apciot,
355 2766 418 2824 qood
429 2779 497 2811 neoc
506 2765 638 2822 baptismos
648 2763 788 2808 consueuit,
798 2766 842 2804 cte.

81 2832 109 2892 tii
124 2838 212 2894 Nempe
225 2836 288 2892 quud
301 2837 324 2882 in
336 2837 396 2882 uirili
410 2838 527 2893 membro,
543 2836 606 2892 quud
618 2836 642 2879 in
655 2834 728 2878 cultro
741 2830 842 2888 petrino,

58 2896 109 2946 qood
121 2905 202 2948 octauo
212 2899 251 2944 die
265 2899 329 2945 iteret
342 2904 436 2957 propter
451 2912 535 2946 seusus
545 2897 654 2953 deinceps
668 2893 812 2940 indicendus.
