1942 3284
314 203 344 242 nn
358 203 469 244 rnaronn
482 203 658 245 conrarrmmo.
839 191 887 241 589

84 277 161 328 muni.
176 277 208 328 nt
219 276 326 328 similitor
337 279 376 341 oni
390 279 452 332 dotat
467 279 499 330 dn
513 281 557 330 noo
568 282 628 344 qood
641 280 714 330 deam
728 279 837 344 offendit,
853 281 883 332 do

83 345 184 398 diversis
202 345 313 412 implicito
337 349 400 401 dolet
421 349 589 413 divoraimodd‚
604 349 729 402 aomndim
749 347 812 414 ondd
830 350 883 415 nim

82 417 123 466 vei
134 416 215 467 minus
224 429 267 482 per
276 429 305 469 ea
316 419 387 470 Deum
400 419 507 471 offendit.

115 486 152 537 ad
169 485 262 538 tertium
278 487 408 551 meandum,
423 489 485 554 qndd
504 491 609 554 qnando
626 490 744 556 quodlibet
763 493 882 554 wamiam

81 557 182 608 mortale
194 557 263 610 diioo
275 562 363 610 avertat
375 561 505 624 nigritiam
515 561 596 624 totiat,
610 563 688 614 ttmm
698 559 811 626 quoddam
830 560 883 622 plns

81 627 179 690 otnngat
188 627 336 691 quantalind
350 629 376 680 ni
392 634 502 693 quantum
515 631 623 695 maiorem
633 631 703 681 dabat
718 629 882 682 dissonantiam

81 710 114 747 ex
126 707 172 748 sna
184 695 352 752 inordinatione
362 700 391 750 ad
402 700 506 752 ordinant
515 700 599 752 divina
607 699 717 751 bonitatis
728 711 798 764 onam
808 699 882 754 alind.

364 1037 600 1126 tnnsnrory.

148 1185 185 1232 Do
194 1187 299 1243 omnm
311 1184 482 1233 contritionis,
490 1185 522 1228 im
533 1189 582 1230 tren
597 1184 715 1230 ordination
727 1185 816 1232 divion.

114 1336 201 1388 ttaindo
213 1333 401 1388 considerandum
414 1338 450 1385 est
462 1333 492 1386 do
502 1338 605 1398 tompore
619 1335 771 1388 oontritionia.

114 1407 183 1458 Circa
198 1405 260 1469 qnod
277 1403 461 1468 quarunturtria
480 1404 528 1454 :¹⁰
541 1403 621 1454 Utrdm
640 1408 688 1456 tota
710 1406 761 1458 dno
778 1406 828 1457 riti
846 1408 878 1458 sit

85 1474 227 1529 :nutritionis
244 1479 341 1541 tompns.
357 1478 385 1524 2⁰
398 1472 477 1525 dirim
489 1475 596 1538 expediat
610 1475 719 1527 oontinnd
730 1476 760 1528 do
779 1481 874 1540 pomam

82 1547 172 1598 dolero.
181 1549 208 1597 ³⁰
220 1543 300 1598 onim
312 1547 367 1610 post
381 1545 441 1596 trano
456 1544 546 1608 vitam,
560 1544 644 1595 mima
659 1545 689 1597 do
704 1545 808 1610 pictatio
820 1558 876 1597 oon·

81 1619 196 1668 terantur.

390 1716 552 1771 annotatis
565 1719 584 1770 1.

195 1843 340 1890 Utrdmtotn
352 1843 401 1888 dore
412 1838 662 1888 ottaoitcmortttdatn
670 1847 770 1902 temptor.
804 1882 806 1885 .

111 1968 257 2034 adpinum
268 1966 302 2018 rio
317 1967 456 2031 proceditur.
470 1966 633 2031 Videtorqndd
648 1979 695 2020 non
707 1970 756 2020 tota
765 1969 815 2021 dna
829 1970 879 2022 vita

78 2042 112 2094 ait
121 2037 266 2092 contritionis
276 2041 376 2101 tempus.
389 2037 526 2087 sicutenim
538 2038 567 2088 de
576 2040 670 2101 poooato
680 2039 878 2091 mmmiasodobet

78 2125 132 2163 esse
141 2111 214 2169 doior,
227 2109 258 2160 ita
269 2112 293 2159 et
303 2111 384 2172 pudor.
392 2107 437 2159 Sed
451 2121 498 2158 non
507 2120 548 2172 per
559 2111 631 2158 totam
643 2108 716 2160 ritant
728 2111 794 2161 durat
804 2112 878 2176 pudor

79 2185 110 2234 do
119 2184 229 2245 poocaio,
243 2179 298 2243 quia
311 2179 320 2243 t
331 2179 391 2230 siout
401 2178 458 2229 dicit
474 2179 603 2230 ambrosius
611 2182 629 2240 t,
646 2192 718 2231 onon
729 2181 798 2232 dabat
816 2183 878 2245 qnod

78 2253 215 2311 erobescat,
231 2249 269 2301 oui
282 2251 400 2314 paccatum
421 2249 540 2299 dimissum
550 2251 596 2300 eat.
610 2264 625 2296 n
638 2249 698 2312 Ergo
713 2250 801 2302 vidntur
814 2252 875 2316 qnod

78 2335 124 2372 neo
134 2319 238 2372 contritio
252 2332 303 2384 qun
313 2318 422 2369 esidolor
434 2318 575 2382 donnicato.

111 2395 137 2442 2.
155 2391 285 2450 Praetorea,
301 2389 311 2438 Ι
329 2389 427 2448 doniam,
442 2387 481 2450 lv,
496 2386 587 2449 dicitnr,
604 2388 664 2452 qndd
678 2405 693 2439 o
707 2390 810 2454 pordeota
821 2393 877 2442 ohn-

76 2463 138 2514 ritao
151 2461 213 2513 doras
222 2458 291 2508 mittit
299 2458 419 2520 timorem,
431 2457 537 2521 qnoniam
545 2457 713 2522 timorpoenam
723 2461 799 2510 ditat.
808 2473 823 2506 a
833 2461 876 2510 sed

77 2533 146 2586 dolor
165 2531 234 2584 otiam
247 2541 339 2592 poenam
356 2528 433 2578 habet.
451 2528 512 2591 Ergo
524 2526 549 2577 in
567 2529 745 2592 statnperiootae
757 2529 876 2580 charitatis

77 2617 127 2656 non
141 2605 218 2669 notent
230 2600 294 2652 dolor
306 2597 449 2651 contritionis
460 2611 564 2648 manere.

112 2678 136 2726 a.
152 2673 281 2732 praterea,
292 2669 320 2720 do
337 2669 451 2732 protono
465 2681 512 2720 non
525 2671 603 2731 potest
620 2683 671 2721 osso
684 2671 756 2734 dolor,
767 2671 808 2731 qni
817 2683 875 2735 pro-

75 2741 129 2808 prii
144 2744 181 2793 ost
192 2740 252 2790 malo
271 2738 390 2803 prasenti,
401 2737 448 2789 nisi
458 2736 582 2789 aeonndirm
593 2739 654 2803 qnod
666 2739 750 2803 aliquid
771 2741 800 2791 do
815 2751 875 2802 poo-

76 2817 131 2864 cato
149 2810 264 2875 protento
276 2808 301 2858 in
314 2807 420 2874 prasenti
437 2814 524 2858 manet.
535 2807 581 2858 Sod
595 2809 729 2872 quandoque
743 2809 875 2872 pervenitur

75 2884 107 2934 ad
123 2880 221 2948 aliquem
237 2877 354 2930 statumin
363 2880 408 2930 trac
418 2877 473 2944 rita,
487 2879 511 2929 in
521 2891 566 2945 qno
575 2878 633 2930 ninid
645 2880 673 2931 do
682 2883 777 2946 peceato
789 2883 874 2945 prato·
