1942 3284
127 139 174 189 ἥδ
306 149 365 188 raas
380 151 424 200 ur,
439 149 535 196 quasa.
550 149 629 200 um,
644 149 700 188 aaa.
717 147 752 186 ra.
952 175 953 204 ἦ

159 226 294 290 mullet
307 225 436 288 dicendum,
449 225 511 290 qubd
522 227 640 276 sbaractm
649 224 831 276 coubrmalloais
844 237 877 276 au
886 237 922 275 ue
952 223 953 264 ἓ

128 297 236 348 cessitate
253 296 408 361 praesupponit
428 299 579 350 obnaclamm
599 297 775 362 baptismalem,
792 297 824 346 ita
841 296 924 347 scilirn
952 323 953 326 =

128 369 187 433 qudd
198 368 219 419 si
231 368 313 432 aliquis
325 381 372 419 uon
385 368 513 433 baptisatus
526 369 706 432 confirmaretur,
723 368 781 420 nibil
794 367 921 432 acciperet,

129 441 169 491 sed
180 443 294 504 oporteret
307 440 391 491 iteratd
400 441 477 505 ipsum
489 440 618 492 mudrmari
630 444 683 504 posl
696 440 847 504 baptismum.
858 439 924 502 Cujus

128 511 185 562 ratio
197 516 247 575 est,
266 513 320 577 quia
332 513 366 563 sic
379 513 485 564 sehabet
498 513 638 564 confirmatio
657 513 684 563 ad
701 511 840 577 baptismum
851 550 859 574 ,
872 511 925 561 sicut

127 588 273 648 augmentum
288 586 316 635 ad
331 585 509 648 generationem,
518 589 581 636 uter
594 583 662 648 supra
675 584 742 635 dictis
753 583 880 648 patet(art.
894 583 922 644 ll.

128 654 272 707 Manifestum
282 660 319 707 est
328 660 405 707 autem
418 656 478 721 qubd
488 656 564 707 nullus
574 660 648 721 potest
661 655 791 720 promoveri
804 655 828 706 iu
840 657 923 706 aetatem

127 728 266 793 perfectam,
277 728 323 780 nisi
342 728 415 793 primb
434 727 505 778 inerit
521 732 596 778 iratus.
616 729 644 778 ut
659 727 776 790 similitor,
791 726 838 778 uisi
858 723 924 790 prior'c

128 797 210 862 aliquis
226 800 294 850 luerit
307 800 450 864 baptizatos,
464 814 512 852 uon
529 804 605 866 potest
619 803 785 852 sacramentum
806 799 925 850 conlirma-
952 851 953 854 ,

127 869 197 920 tionis
208 872 323 936 accipere.
951 873 953 884 ⁴

159 943 194 992 Ad
207 944 305 1008 primum
320 955 374 1008 erqo
384 943 581 1008 dicendumqudd
594 944 667 994 virtus
677 943 754 994 diviua
769 955 818 994 uon
830 945 869 995 cst
879 941 923 992 alli·

128 1016 180 1075 gata
189 1015 344 1066 sacramentis.
355 1015 420 1066 Unde
432 1019 510 1079 potest
520 1015 618 1066 conlarri
633 1015 719 1065 bomini
729 1015 849 1078 spirituale
864 1015 924 1065 robur

128 1087 157 1136 ad
165 1086 317 1137 confitendum
328 1087 417 1152 publici
429 1088 497 1137 tidem
506 1087 588 1138 Christi
598 1088 683 1152 absque
693 1091 840 1138 sacramento
850 1086 925 1137 coudr-

128 1157 243 1217 mationis‚
258 1159 316 1209 sicut
326 1159 394 1210 etiam
405 1163 482 1224 polest
493 1160 603 1224 consequi
614 1159 774 1210 remissionem
785 1163 925 1224 peccaturo!

128 1228 177 1280 siue
193 1229 317 1294 baptismo.
334 1230 400 1281 Sicut
417 1234 495 1281 tauma
506 1232 583 1282 nullus
594 1230 741 1296 consequitur
755 1232 866 1282 ellectum
876 1231 925 1292 bap

129 1300 192 1350 tismi
206 1301 256 1352 siue
273 1301 379 1366 baptismi
389 1308 453 1363 rulo,
467 1303 500 1353 ita
510 1303 586 1353 nullos
600 1303 747 1367 consequitur
760 1303 869 1354 ellectum
880 1313 925 1352 con

128 1372 262 1424 firmationis
277 1374 328 1424 siue
346 1377 399 1424 roto
421 1373 511 1439 ipsius;
525 1374 586 1440 quod
603 1379 679 1440 potest
694 1375 773 1426 baberi
793 1375 866 1426 etiam
880 1377 924 1424 aue

127 1443 295 1507 susceptionem
308 1445 424 1509 baptismi.

159 1515 194 1564 ld
213 1517 336 1566 monadum
356 1514 565 1580 dioeudnm,qudd
588 1516 647 1567 sieut
664 1515 804 1580 lamminas
822 1517 879 1568 dicit
895 1514 925 1564 ud

128 1585 303 1637 Seleuetonum
324 1588 411 1652 (Epist.
430 1587 535 1652 cdlv),
554 1600 582 1638 ur
604 1590 647 1638 boc
660 1586 719 1652 qudd
734 1589 846 1640 boninus
856 1587 923 1644 dicit,

128 1657 212 1712 roae..
222 1659 286 1708 lllll:
302 1659 369 1718 «Qui
379 1660 439 1710 lotus
450 1663 498 1721 est,
510 1673 556 1710 uon
568 1660 655 1723 indiget
663 1659 708 1710 nisi
717 1662 743 1709 ut
751 1661 825 1724 pedes
839 1662 923 1720 lauet»

127 1728 276 1792 intelligimus
291 1732 383 1782 Petrum
398 1735 423 1782 et
434 1732 490 1782 alios
503 1729 589 1782 Christi
602 1731 726 1796 discipulos
738 1732 811 1782 luisse
825 1732 922 1797 baptisa-

128 1802 177 1860 tos,
192 1802 242 1851 sire
254 1802 369 1866 baptismo
382 1802 492 1865 loannis,
508 1803 568 1853 sicut
580 1803 686 1854 nonnulli
699 1803 848 1868 arbitrantur,
867 1803 924 1860 sire,

129 1871 189 1933 quod
197 1873 271 1934 magis
279 1873 388 1924 credibile
402 1878 450 1936 est,
464 1874 577 1938 baptismo
590 1875 689 1937 Chrisli;
699 1887 772 1938 oeque
782 1874 844 1925 euim
857 1873 925 1926 renuit

128 1940 281 1993 ministerium
303 1944 450 2009 baptizandi,
465 1951 491 1995 ut
514 1945 607 1997 baberet
628 1946 868 2012 baptizationem,
891 1957 924 2010 ptr

127 2025 186 2076 quos
198 2015 440 2079 cetemsbaptiaaret.
455 2031 471 2064 s

160 2084 193 2133 ld
206 2085 297 2135 tertium
314 2086 447 2152 dicendum,
458 2087 518 2153 qood
536 2089 656 2140 audientes
669 2090 855 2155 predicationem
868 2085 922 2139 Petri

128 2161 265 2219 acceperunt
285 2157 390 2208 ellectum
410 2161 590 2212 confirmationis
612 2161 762 2225 miraculose,
782 2175 829 2213 nou
851 2167 921 2213 taum

127 2225 302 2279 confirmationis
318 2236 491 2282 sacramentnm.
506 2233 595 2284 fficium
609 2236 644 2282 est
655 2237 731 2284 aulem
743 2234 802 2298 tart.
816 2239 842 2294 a,
856 2235 882 2284 ad
894 2234 918 2290 l;

127 2303 171 2348 ort.
183 2301 210 2360 l,
225 2301 253 2350 ad
267 2299 307 2364 l),
322 2302 383 2366 qubd
394 2303 487 2354 edoctus
502 2304 680 2355 conlimationis
693 2309 772 2370 potest
783 2305 852 2356 alicui
869 2317 921 2354 cou-
949 2309 950 2373 q

129 2369 182 2419 ferri
193 2375 247 2421 unte
257 2372 404 2436 baptismum,
418 2388 464 2426 uon
473 2379 549 2426 arrtsm
563 2380 728 2428 sacramentum
740 2376 920 2435 confirmationis

128 2441 263 2491 sicutenim
284 2443 380 2496 edoctus
398 2445 590 2509 confirmationis,
607 2449 646 2511 qui
664 2453 700 2498 est
716 2449 785 2498 robur
797 2447 920 2513 spirituale,

20 2523 23 2526 ’
128 2514 282 2577 praesupponit
289 2514 398 2566 ellectum
406 2517 529 2581 baptismi,
542 2517 582 2581 qui
598 2523 634 2568 est
643 2519 793 2584 justillcatio;
810 2521 842 2571 ita
854 2527 920 2571 sacua

129 2587 231 2635 mentum
250 2588 428 2640 confirmationis
447 2591 604 2655 praesupponit
624 2598 791 2642 sacramentum
812 2587 921 2659 baptismi·
948 2601 949 2624 l

128 2740 313 2864 “ltil511abetur
331 2747 402 2794 etiam
422 2747 446 2794 iu
466 2748 593 2800 Decretis,
607 2749 641 2795 Dc
665 2753 810 2804 consecrat..
823 2751 876 2798 dist.
894 2745 918 2804 5,
947 2817 948 2830 ἵ

176 2837 182 2852 0
210 2837 218 2852 s
947 2831 948 2858 l
