1942 3284
173 194 207 230 DE
224 190 384 234 mmo
396 191 563 235 Wffldllffll
578 192 705 234 ΙΕΕΙΜΙ
721 193 758 232 SE·
820 184 868 232 m
953 183 954 230 ἶ

64 282 258 334 unumquemque
279 269 378 322 ddelium
394 269 495 334 corperis
517 271 681 335 sanguinisque
702 269 794 322 bomini
812 284 868 335 pur-

65 341 160 405 ticipem
174 341 239 404 lieri,
250 341 373 404 qmndnin
386 341 524 405 baptismate
536 343 660 393 membrum
678 343 871 406 corporiscbr'nti
953 347 954 352 ’

64 413 179 477 efficitur3
198 426 243 463 nec
262 412 354 463 alienari
378 413 406 463 ab
429 413 490 462 illins
509 413 575 477 panis
597 414 719 478 calicisque
740 413 870 476 consortie,
953 439 954 458 r

65 485 159 536 etiamsi
171 489 294 548 mlequem
304 498 388 548 penem
404 485 468 536 illum
481 487 584 536 mmednt
598 489 621 536 et
633 485 729 536 calcem
745 486 824 548 bibat,
843 486 871 537 de
953 471 954 536 l

64 557 110 609 bec
126 556 212 609 erecqu
225 556 349 609 inusitate
362 556 464 620 corperis
477 557 561 607 Christi
574 557 710 608 constitutus
723 557 870 608 abscedit.»
953 557 954 624 J

96 629 271 679 sesecundum
284 627 406 680 dicendum
413 665 421 692 ,
435 626 496 691 qubd
509 630 559 679 bne
571 633 606 679 est
619 627 750 678 differentia
761 627 821 680 inter
830 628 872 678 ali·
953 625 954 666 i

66 703 172 750 mentum
189 699 306 762 corporale
324 703 349 750 et
370 698 506 764 spirituale,
524 699 584 762 qudd
606 698 738 750 alimentum
756 700 872 764 corporale
953 697 954 766 ᾗ

70 771 211 822 conuertitur
222 771 249 821 iu
262 771 411 822 substantiam
424 770 527 835 ejusqui
540 770 650 834 nutritiu3
663 774 686 822 et
699 771 750 822 ideo
768 784 815 822 nun
828 785 870 836 pu-
953 789 954 826 r

68 847 113 893 test
128 843 221 892 homini
233 844 309 893 velere
324 845 352 893 ud
362 843 416 894 rite
431 842 629 894 conservationem
643 843 775 894 alimentum
789 856 871 908 corpe
953 835 954 850 ¹

67 916 130 976 nale,
141 913 190 964 nisi
203 915 295 965 realiter
307 918 418 965 sumatur.
431 915 474 965 Sed
486 914 618 964 elimentum
630 913 747 980 spirituale
761 915 874 966 convertit
953 925 954 928 ’

68 985 188 1036 bominem
202 985 227 1035 iu
241 985 360 1050 seipsum,
374 984 498 1036 ucundiun
517 984 573 1036 illud
588 987 647 1048 quud
663 985 803 1048 Augustinus
818 985 874 1036 dicit

68 1056 92 1106 ‘m
107 1057 148 1106 lib.
161 1058 275 1120 censens.
288 1057 339 1121 (lib.
352 1058 401 1119 llll,
414 1070 465 1121 cap.
480 1056 603 1120 10),un
614 1056 779 1120 quusiuudirit
792 1070 873 1108 uocem

69 1129 157 1179 Christi
172 1128 269 1180 dicentis
284 1127 349 1180 sibi:
367 1129 438 1179 «Nec
452 1132 476 1178 tu
491 1141 527 1179 me
537 1128 633 1178 mutabis
643 1128 668 1178 in
677 1131 709 1189 te,
725 1128 784 1178 sicut
797 1127 874 1178 eibum
953 1117 954 1134 ²

69 1201 147 1252 menis
163 1207 228 1262 tue,
245 1202 285 1253 sed
298 1204 326 1250 tu
339 1200 461 1250 mutaberis
473 1200 498 1250 in
511 1213 556 1250 me.
575 1217 589 1248 n
605 1201 685 1252 Potest
699 1204 776 1252 antem
790 1199 872 1264 uliquis
953 1211 954 1282 }

68 1271 93 1322 in
106 1272 227 1324 Christum
240 1272 331 1336 mutari,
345 1276 367 1324 et
379 1271 402 1322 ei
415 1272 553 1335 incorporari
563 1275 616 1323 roto
629 1270 720 1331 mentis,
732 1271 803 1321 etiem
815 1271 866 1322 eine
953 1307 954 1322 r

70 1345 143 1409 liujus
162 1343 290 1394 memnenti
302 1342 454 1407 perceptione.
470 1344 500 1394 ct
514 1341 565 1394 ideo
579 1355 625 1394 nen
639 1345 674 1394 est
688 1341 773 1392 simile.

103 1418 140 1468 td
158 1415 254 1468 tertium
276 1415 414 1478 dicendum,
431 1414 492 1478 qudd
509 1413 635 1478 baptismus
657 1417 693 1464 est
710 1417 878 1464 sacramentum

73 1490 154 1541 modis
162 1491 186 1540 et
194 1487 310 1552 passionis
321 1487 423 1549 Christi,
436 1490 503 1550 prout
513 1487 582 1535 homo
593 1487 739 1549 regeneretur
748 1485 772 1534 in
785 1485 879 1536 Christo
953 1485 954 1544 l

73 1565 159 1614 uirtute
173 1561 287 1626 passionis
301 1562 364 1625 ejus;
383 1561 424 1612 sed
436 1558 575 1612 snnbnristia
593 1564 628 1610 est
645 1562 812 1610 sacramentum
827 1571 879 1623 pas·
953 1551 954 1574 ¹

74 1636 146 1688 sienis
163 1633 268 1695 curisti,
280 1637 349 1697 prout
360 1635 428 1684 bemn
444 1632 560 1696 perficitur
578 1631 603 1682 in
621 1629 706 1680 unione
721 1630 879 1680 adCbristum
953 1651 954 1682 t

75 1721 175 1772 pessum.
191 1707 272 1768 Unde,
287 1706 346 1756 sicut
358 1706 486 1769 bsptismus
500 1704 584 1754 dicitur
598 1705 786 1752 sacramentum
800 1702 878 1766 fidei,

76 1793 127 1843 pue
140 1782 178 1830 est
190 1778 362 1828 fundumentum
374 1776 501 1841 spiritualis
514 1775 587 1838 uite,
601 1775 634 1824 ite
647 1772 785 1824 eucheristie
798 1773 879 1824 dicitur
953 1769 954 1822 l

76 1853 265 1902 succensentem
276 1849 423 1910 stentare,
432 1862 483 1913 pne
494 1851 531 1900 est
542 1847 681 1898 «mucidum
695 1846 877 1910 pertententur
952 1839 954 1912 j

79 1927 104 1973 ul
116 1923 201 1974 dicitur
215 1921 321 1981 Colone„
332 1921 373 1972 ΙΙΙ.

372 2099 532 2152 subtectus
547 2099 585 2149 Ν.

88 2231 173 2275 Utrum
187 2228 353 2274 eurumdem
367 2226 409 2271 dne
430 2229 607 2333 consumentem
623 2224 735 2284 pluribus
748 2223 882 2270 comnibus

416 2301 511 2334 nomme
521 2301 560 2334 ur.

114 2420 147 2471 td
160 2421 266 2482 quartum
280 2418 314 2468 sic
322 2416 450 2480 proceditur
461 2415 503 2479 (t).
517 2414 610 2464 Videtur
620 2415 682 2478 qubd
690 2412 883 2466 inconvenienter

85 2493 126 2543 bec
137 2494 306 2543 sacramentum
312 2488 414 2556 pluribus
424 2487 553 2539 numinibus
563 2485 807 2538 nomineturltomiue
818 2485 879 2534 enirn

86 2612 162 2658 comiti
176 2609 319 2665 inscribitur,
332 2609 377 2654 tnle
392 2608 518 2666 quidquam
528 2607 634 2652 hebetur.
649 2606 676 2651 id
690 2618 719 2650 ex
734 2607 844 2652 Sermone
857 2603 885 2649 de

86 2678 231 2721 sacramento
255 2672 333 2718 ulteris
357 2672 386 2716 ud
407 2670 508 2716 intentes
527 2671 589 2715 Reda
611 2669 682 2726 citet,
700 2681 770 2725 super
795 2667 850 2712 illud
864 2665 885 2711 Ι.

89 2737 154 2786 Ger„
172 2738 208 2796 X,
229 2734 260 2780 dd
280 2751 286 2778 ι
302 2734 375 2782 culte
391 2733 579 2786 benedictiones,
595 2735 638 2778 etc.
653 2731 760 2778 Refertur
779 2730 849 2774 etiem
863 2727 887 2774 ln

90 2801 202 2853 Made,
218 2798 254 2843 no
264 2800 405 2850 nmeerct„
419 2795 474 2841 dist.
489 2796 518 2854 2,
533 2807 586 2852 cep.
602 2795 669 2852 Quia
681 2805 775 2852 pnsum

120 2869 154 2933 (l)
168 2872 202 2916 Ile
214 2868 335 2914 bisetium
348 2866 417 2925 iutrd,
428 2879 469 2922 qu.
479 2865 524 2923 79,
538 2873 584 2912 ere.
594 2866 662 2926 Qud
674 2865 685 2912 l
696 2883 702 2919 ς
713 2865 792 2920 eth,
807 2861 888 2910 Suet„

91 2934 182 2993 eluet,
195 2930 378 2990 nummus,
393 2930 530 2987 punctum.
547 2929 570 2976 d.
