1942 3284
454 193 542 241 23³4
817 200 937 238 rAns
969 201 1046 250 111,
1081 198 1267 243 QnAEsr.
1299 198 1445 250 mxxv,
1477 198 1590 235 aar.
1623 200 1674 238 v.

454 281 522 329 est
554 276 752 334 formalis
767 312 785 338 ‚
815 276 895 326 sed
934 274 1273 339 substantialis3
1302 288 1388 325 nec
1427 274 1686 325 continetur
1725 274 1842 325 inter
1873 287 1942 337 spe

454 349 606 397 mutus
637 346 856 397 naturalis
872 384 885 411 ,
913 347 994 396 sed
1025 346 1208 410 proprio
1247 345 1432 397 nomine
1471 349 1623 410 potest
1660 345 1754 396 dici
1800 348 1942 395 transi

454 420 745 469 stannatio,

514 489 582 541 ,ad
613 491 801 553 primum
830 503 936 555 ergo
965 490 1232 552 dicendum,
1263 489 1382 554 quod
1405 488 1602 553 objectio
1629 489 1837 554 procedit
1862 491 1942 539 de1

454 565 626 613 tatione
665 562 868 624 formali3
904 562 1012 625 quia
1053 563 1211 612 formae
1263 560 1495 625 proprium
1539 565 1609 611 est
1649 562 1700 611 in
1738 561 1925 610 materia

454 637 661 697 subjecto
688 646 809 683 esse.
839 634 940 683 Non
968 636 1124 684 autem
1149 632 1285 683 habet
1310 633 1459 682 locum
1498 631 1549 681 in
1578 632 1876 683 conversione
1904 635 1942 681 tc

454 703 732 765 substantiae,
768 704 923 765 Unde,
953 703 1058 753 cum
1091 706 1188 754 haec
1222 703 1461 754 conversio
1491 702 1804 754 substantialis
1841 703 1942 766 imp(

454 777 691 837 quemdam
718 775 922 825 ordinem
965 774 1322 825 substantiarum
1348 787 1538 838 quarum
1573 785 1664 823 una
1694 773 1942 824 convertitu

454 849 639 897 alterum
657 885 671 908 ‚
698 851 802 909 est,
834 847 951 896 sicut
985 846 1035 897 in
1061 846 1270 911 subjecto
1285 883 1303 909 ,
1336 846 1386 895 in
1412 849 1600 911 utraque
1624 846 1903 908 substantia,
1929 858 1942 895 ε

458 921 562 969 urdo
594 921 637 969 et
668 931 901 969 numerus·

518 989 586 1037 nd
622 990 865 1039 secundum
910 987 1150 1042 dicendum
1168 1027 1180 1049 ,
1216 987 1338 1051 qued
1384 987 1463 1037 illa
1511 986 1708 1051 objectio
1749 987 1942 1051 procedit

454 1062 745 1113 conversione
770 1060 951 1111 formali
976 1074 1058 1110 seu
1077 1061 1346 1123 mutatione,
1365 1059 1472 1122 quia
1498 1061 1702 1122 oportet,
1735 1060 1855 1109 sicut
1879 1058 1942 1109 dic

458 1137 526 1181 est
546 1169 558 1190 ,
590 1133 776 1182 formam
804 1143 904 1181 esse
945 1130 993 1179 in
1023 1130 1212 1181 materia
1241 1131 1318 1181 vel
1355 1129 1581 1194 subjecto.
1612 1130 1715 1180 Non
1743 1134 1891 1181 autem
1916 1130 1942 1179 h

454 1201 602 1253 lucum
641 1203 689 1252 in
715 1202 1013 1253 conversione
1041 1202 1180 1253 totius
1207 1201 1472 1251 substantiae
1491 1238 1505 1262 ,
1533 1200 1666 1263 cujus
1693 1214 1789 1251 non
1824 1204 1895 1251 est
1929 1214 1942 1248 a

454 1285 562 1337 pere
602 1273 781 1338 aliquod
811 1273 1067 1335 subjectum
1094 1287 1152 1323 ex
1177 1286 1267 1336 quo
1299 1272 1449 1336 reipsa
1478 1271 1555 1321 fiat
1576 1310 1589 1335 ,
1624 1270 1735 1323 licet
1763 1271 1824 1321 sit
1850 1270 1942 1331 acci]

458 1349 710 1409 subjectum
733 1346 955 1410 quoddam
981 1344 1401 1408 indeterminatum,
1430 1344 1481 1393 in
1506 1358 1612 1407 quo,
1638 1342 1888 1394 secundum
1912 1356 1942 1391 ra

454 1429 558 1465 nrm
578 1457 594 1481 ‚
622 1419 768 1481 quoad
798 1416 1004 1468 ordinem
1026 1417 1301 1468 successivae
1326 1414 1589 1466 mutationis
1619 1415 1757 1477 insit,
1785 1420 1838 1465 ut
1855 1428 1942 1477 ex]

454 1489 586 1541 dictis
610 1492 752 1553 patet.

520 1565 586 1613 Ml
622 1561 803 1611 tertium
842 1560 1079 1610 dicendum
1099 1598 1113 1621 ‚
1145 1559 1267 1622 quod
1305 1558 1472 1609 virtute
1507 1556 1682 1619 agentis
1710 1557 1831 1607 finiti
1856 1570 1942 1607 non

454 1637 546 1685 test
572 1633 715 1685 forma
741 1633 791 1682 in
818 1631 1010 1682 formam
1038 1630 1232 1692 mutari,
1261 1643 1350 1681 nec
1376 1629 1566 1680 materia
1593 1629 1643 1678 in
1676 1629 1926 1679 materiam.

454 1705 626 1753 uirtute
653 1703 831 1767 agentis
857 1702 1058 1763 infiniti,
1088 1702 1211 1765 quod
1257 1701 1394 1751 habet
1420 1699 1648 1751 actionem
1680 1699 1730 1749 in
1774 1704 1914 1751 totum
1941 1723 1942 1737 κ

454 1777 606 1837 potest
626 1774 730 1825 talis
755 1772 996 1824 conversio
1013 1774 1132 1836 fieri,
1152 1773 1257 1836 quia
1280 1772 1457 1835 utrique
1477 1771 1675 1822 materiae
1695 1774 1768 1821 est
1795 1784 1942 1823 comm1

454 1849 614 1893 natura
653 1844 798 1905 entis,
828 1847 873 1892 et
912 1843 959 1893 id
997 1844 1115 1905 quod
1154 1847 1226 1893 est
1261 1842 1465 1893 entitatis
1491 1842 1542 1893 in
1573 1856 1694 1903 una,
1716 1846 1865 1906 potest
1897 1855 1942 1891 au

454 1913 574 1965 entis
602 1917 864 1964 convertere
896 1914 945 1962 in
977 1912 1022 1963 id
1056 1915 1176 1977 quod
1203 1920 1274 1965 est
1293 1914 1496 1966 entitatis
1534 1914 1584 1964 in
1611 1915 1778 1979 altera,
1805 1915 1942 1965 sublat

454 1997 538 2049 per
566 1985 684 2049 quod
706 1984 763 2035 ab
783 1986 866 2034 illa
892 1984 1278 2049 distinguebatur.

1049 2164 1370 2215 ARTICULUS
1404 2164 1460 2214 V.

458 2285 629 2333 mrum
666 2287 721 2332 in
754 2286 837 2331 hoc
878 2291 1176 2334 sacramento
1216 2292 1496 2334 remaneant
1533 2288 1800 2334 accidentia
1828 2283 1942 2344 pani

935 2350 1040 2395 vini
1072 2355 1178 2407 post
1205 2352 1568 2396 conversionem.

518 2477 586 2525 ,td
610 2474 817 2538 quintum
853 2474 920 2526 sic
940 2473 1200 2539 proceditur
1226 2476 1311 2539 (1).
1340 2474 1527 2526 Videtur
1550 2475 1671 2540 quod
1700 2476 1750 2526 in
1777 2477 1865 2526 hoc
1899 2484 1942 2523 sa

446 2549 606 2597 meniu
629 2559 721 2597 non
748 2550 1012 2598 remaneant
1039 2546 1290 2597 accidentia
1317 2546 1449 2611 panis
1480 2549 1524 2596 et
1551 2545 1669 2597 vini.
1705 2548 1891 2597 Remoto
1922 2556 1942 2592 e

450 2617 594 2681 priori
626 2620 882 2669 removetur
915 2622 961 2668 et
999 2616 1244 2682 posterius.
1276 2617 1364 2668 Sed
1401 2616 1653 2669 substantia
1694 2622 1767 2669 est
1794 2613 1942 2668 natura

522 2793 586 2853 {1}
614 2793 676 2839 De
696 2792 767 2837 his
788 2792 929 2837 etiam
959 2790 1108 2850 infre,
1127 2802 1210 2847 qu.
1240 2790 1321 2849 76,
1341 2795 1432 2837 art.
1466 2790 1515 2849 1,
1537 2790 1597 2835 ad
1617 2789 1676 2843 33
1701 2795 1751 2835 et
1781 2792 1865 2848 IV,
1888 2786 1942 2833 So

454 2857 562 2901 dist.
598 2854 675 2911 11,
708 2867 789 2911 qu.
824 2854 871 2911 1,
911 2860 1001 2899 art.
1050 2853 1097 2911 1,
1139 2854 1410 2910 quaestiunc.
1442 2854 1498 2907 23
1530 2857 1579 2899 et
1617 2853 1726 2901 dist.
1764 2852 1854 2913 12,
1882 2861 1942 2907 qu⁴

458 2925 546 2962 art.
574 2917 622 2977 1,
648 2916 921 2976 questiuno.
949 2917 1017 2974 23-
1043 2922 1092 2963 et
1117 2918 1158 2963 1.
1185 2916 1322 2968 Cor„
1341 2918 1402 2961 XI
1417 2947 1430 2976 ‚
1454 2916 1562 2963 lect.
1583 2913 1632 2960 5.
