1942 3284
346 180 408 217 nu
438 178 535 217 usu
571 178 905 219 nummus-rm
936 182 986 219 m
1016 181 1255 221 comm.
1511 175 1587 222 lut

1 259 79 306 tus
116 271 147 303 ι(
174 255 317 307 semel
355 254 529 305 tantum
568 270 648 319 pro
677 257 875 322 peccatis
908 258 1078 309 nostris
1113 263 1318 309 mortuus
1352 264 1451 323 est,
1483 279 1507 307 2:-
1551 267 1599 311 ul.

2 325 162 375 dicitur
189 328 230 377 Ι.
259 328 421 383 Petr„
454 327 529 375 111.
558 327 677 390 Ergo
705 326 885 378 videtur
906 328 1028 391 quod
1057 341 1150 380 non
1175 329 1315 380 liceat
1342 332 1427 381 hoc
1447 347 1595 379 saura-

1 400 205 447 mentum
232 396 438 461 quotidie
463 397 711 462 suscipere.

58 472 103 516 2.
132 469 364 518 Praeterea
383 502 398 527 ,
437 467 605 519 veritas
645 469 779 520 debet
814 470 1089 534 respondere
1121 472 1294 535 figurat.
1336 473 1422 523 Sed
1455 487 1599 535 agum-

0 539 227 602 paschalis
241 540 355 603 ,qui
383 539 466 588 fuit
495 540 638 603 figura
660 541 888 605 praecipua
919 543 1054 606 hujus
1075 543 1364 605 sacramenti,
1389 547 1439 593 ut
1467 547 1595 607 supra

0 611 165 661 dictum
191 616 263 663 est
287 612 305 677 (
325 627 403 676 qu.
436 616 513 672 73,
545 617 629 662 art.
652 612 735 677 6),
764 626 855 664 nou
883 615 1233 665 manducabatur
1262 615 1354 665 nisi
1380 619 1519 666 semul
1551 615 1595 667 iu

0 697 136 734 anno.
178 685 335 735 Semel
366 684 503 735 etiam
532 685 582 734 in
610 698 729 737 anno
762 686 962 736 Ecclesia
993 688 1188 737 celebrat
1215 686 1390 738 Christi
1417 691 1603 751 [iussio-

2 769 131 818 ηοω,
164 757 300 821 cujus
346 757 434 808 hoc
473 761 801 807 sacramentum
837 761 909 808 est
940 759 1220 809 memoriale.
1269 759 1388 823 Ergo
1422 759 1599 807 ridetur

0 828 118 891 quod
144 841 238 878 non
261 828 398 878 liceat
424 829 627 892 quotidie
652 843 831 881 sumere
858 832 947 881 hoc
970 834 1303 882 sacramentum
1320 831 1427 894 ‚sed
1455 831 1595 883 solinu

7 902 149 951 semel
178 900 227 950 in
254 913 393 951 anno.

61 976 109 1022 3.
140 973 403 1035 Praeterea‚
432 973 539 1023 huic
574 977 875 1035 sacramento,
902 974 951 1024 in
981 986 1072 1038 quo
1095 978 1221 1025 totus
1249 974 1459 1024 Christus
1491 991 1603 1023 snu-

1 1044 201 1107 tinetur,
232 1043 433 1093 maxima
470 1045 722 1095 reverentia
760 1046 963 1096 debetur.
1006 1047 1074 1097 Ad
1117 1046 1422 1097 reverentiam
1455 1063 1599 1095 alum-u

0 1114 206 1179 pertinet
243 1113 365 1179 quod
396 1115 561 1179 aliquis
598 1115 653 1165 ab
695 1117 781 1167 hoc
802 1121 1085 1168 sacramento
1119 1117 1375 1181 abstineat3
1407 1119 1523 1167 unuln
1559 1127 1599 1167 vt

1 1188 212 1239 laudatur
238 1188 477 1250 Centurio,
498 1188 575 1251 qui
602 1189 749 1249 dixit,
778 1190 988 1245 Matth„
1019 1190 1121 1240 Vlll
1157 1206 1168 1241 :
1205 1190 1443 1241 «Domine
1467 1231 1479 1251 ‚
1511 1207 1535 1239 ι]
1547 1207 1603 1239 [111

6 1274 105 1310 sum
129 1261 297 1322 dignus
314 1263 366 1308 ut
384 1260 525 1311 intres
542 1261 810 1312 subtectum
836 1275 1016 1325 meum·,
1035 1278 1062 1309 »
1090 1266 1137 1312 et
1154 1264 1312 1313 Petrus
1332 1301 1344 1321 ,
1364 1263 1439 1325 qui
1467 1263 1599 1323 dimit.3

5 1333 147 1390 Luc„
184 1333 258 1381 V:
296 1349 324 1379 «
346 1333 432 1382 Exi
458 1332 485 1382 a
504 1346 577 1383 me
595 1370 609 1395 ,
640 1334 748 1397 quia
775 1335 911 1386 homo
943 1338 1153 1399 peccator
1174 1348 1304 1398 sum,
1328 1335 1535 1384 nomin-..⁵=
1571 1355 1595 1379 ,u

0 1406 117 1468 Ergo
146 1418 243 1455 non
272 1408 345 1455 est
372 1404 595 1455 laudabile
616 1404 736 1469 quod
756 1407 893 1457 homo
915 1406 1116 1470 quotidie
1150 1409 1238 1457 hoc
1267 1413 1599 1457 sacramentum

5 1478 244 1541 suscipiat.

67 1552 114 1598 4.
145 1550 373 1599 Praeterea
389 1585 402 1607 ,
428 1547 468 1597 si
489 1550 615 1597 esset
639 1547 863 1598 laudabile
887 1549 1147 1611 frequenter
1167 1550 1257 1599 boc
1275 1555 1603 1599 sacramentum

8 1621 244 1685 accipere,
274 1619 447 1684 quanto
474 1620 755 1683 frequentius
782 1624 1061 1678 sumeretur,
1093 1620 1220 1670 tanto
1251 1623 1374 1670 esset
1402 1618 1604 1667 laudam*

6 1692 109 1744 lius.
142 1692 236 1742 Sed
263 1692 412 1755 major
444 1694 567 1741 esset
602 1691 857 1755 frequentia
877 1729 890 1753 ,
921 1691 961 1741 si
990 1692 1129 1742 homo
1158 1691 1329 1755 pluries
1355 1690 1405 1739 in
1435 1691 1503 1739 din:
1532 1707 1607 1736 rit]-

7 1769 153 1815 meret
170 1766 262 1813 hoc
289 1766 647 1814 sacramentum:
674 1776 781 1825 ergo
808 1766 931 1814 esset
949 1760 1312 1825 laudabile-quod
1340 1762 1479 1811 homo
1503 1763 1599 1823 pln-

6 1835 94 1885 ries
127 1836 180 1885 in
210 1833 284 1884 die
322 1835 689 1886 communicaret.
717 1836 845 1894 Quod
882 1839 1038 1885 tamen
1080 1846 1172 1883 non
1216 1833 1354 1883 habet
1389 1834 1607 1883 Ecquem

10 1907 309 1959 consuetudo.
345 1908 449 1957 Non
482 1919 589 1971 ergo
623 1907 805 1958 videtur
843 1920 946 1958 esse
986 1906 1238 1968 laudabile,
1283 1904 1406 1969 quod
1443 1907 1607 1967 aliqum

10 1980 215 2041 quotidie
243 1980 331 2029 hoc
356 1983 687 2030 sacramentum
720 1980 925 2043 accipiat.

74 2056 126 2101 5.
155 2053 403 2112 Praeterea,
434 2052 638 2102 Ecclesia
672 2051 870 2103 intendit
909 2052 1004 2102 suis
1041 2051 1224 2102 statutis
1251 2050 1447 2102 fidelium
1479 2051 1603 2099 utll'v

18 2123 98 2173 tati
126 2123 383 2187 providere.
404 2124 493 2173 Sed
522 2136 581 2173 ex
608 2127 774 2173 statuto
800 2123 1017 2175 Ecclesiae
1043 2123 1199 2174 fideles
1225 2126 1435 2173 tenentur
1467 2123 1611 2171 sulum

16 2196 159 2246 semel
190 2194 525 2247 communicare
553 2195 602 2245 in
634 2208 784 2259 anno;
814 2196 933 2246 unde
962 2195 1125 2245 dicitur
1153 2196 1321 2245 Extra
1344 2194 1410 2244 de
1431 2199 1604 2259 fio-lm.

15 2270 61 2315 et
91 2268 293 2317 remiss.
326 2282 341 2315 .·
376 2283 404 2314 «
431 2266 589 2317 Omnis
616 2266 852 2331 utriusque
882 2266 1022 2317 sexus
1050 2266 1195 2318 fidelis
1230 2266 1447 2330 suscipiat
1487 2283 1607 2315 rut-e-

17 2342 169 2389 renter
190 2339 246 2388 ad
266 2338 417 2387 minus
439 2338 490 2387 in
510 2339 688 2389 Pascha
705 2337 988 2388 eucharistiae
1006 2341 1359 2397 sacramentum,
1388 2336 1479 2387 nisi
1503 2339 1615 2387 ssu-[¹²2.

19 2411 74 2462 de
91 2410 265 2476 proprii
288 2409 535 2461 sacerdotis
560 2410 751 2461 consilio
773 2410 830 2461 ob
852 2410 1050 2473 aliquam
1074 2408 1386 2459 rationabilem
1410 2422 1515 2457 cant·
1531 2431 1539 2455 l
1555 2423 1615 2471 ιη,

21 2484 76 2533 ad
104 2488 288 2547 tempus
321 2482 377 2532 ab
406 2483 507 2546 ejus
543 2481 833 2545 perceptione
869 2481 1052 2532 duxerit
1077 2482 1411 2531 abstinendum.
1451 2499 1479 2527 η
1519 2483 1611 2527 &mm

20 2568 124 2619 ergo
146 2558 215 2605 est
242 2553 464 2604 laudabile
488 2590 501 2615 ‚
533 2552 652 2616 quod
678 2553 879 2616 quotidie
908 2556 998 2603 hoc
1033 2557 1364 2603 sacramentum
1395 2559 1619 2603 summu:

79 2627 169 2678 Sed
188 2629 345 2676 matra
360 2630 450 2687 est,
467 2625 589 2688 quod
614 2624 891 2687 Augustinus
911 2625 1022 2675 dicit
1049 2625 1098 2674 iu
1118 2624 1200 2674 lib.
1228 2626 1299 2673 De
1325 2623 1487 2672 verdz's
1523 2627 1619 2671 llu-

26 2701 153 2748 mini
186 2698 373 2761 (Serm.
401 2697 622 2761 XXVlll)
647 2713 661 2747 ⁷:
696 2699 835 2747 «Iste
863 2696 998 2761 panis
1017 2696 1311 2760 quotidianus
1333 2699 1422 2755 est,
1459 2695 1623 2755 flssuipt'l

23 2770 238 2835 quotidie,
262 2772 315 2819 ut
336 2769 540 2832 quotidie
566 2768 650 2818 tibi
674 2768 883 2831 prosit.»

85 2843 479 2906 (conctusno.—
494 2840 610 2890 cum
633 2840 777 2889 virtus
795 2839 933 2903 hujus
951 2838 1225 2890 sacramenti
1246 2837 1507 2888 hominibuffi
1543 2839 1623 2883 llll-

32 2913 186 2977 primis
204 2912 430 2963 salutaris
454 2912 539 2974 sit,
567 2911 751 2976 expedit
768 2910 969 2975 quotidie
991 2910 1103 2962 illud
1137 2922 1347 2973 sumere,
1375 2908 1416 2959 si
1443 2911 1545 2971 quis
1575 2923 1623 2955 :ao

1801 2712 1931 2792 ww

1792 2799 1942 3044 tl
