1942 3284
216 203 248 244 ua
262 203 419 245 semmuro
435 203 650 246 consustentationis¹
785 197 831 245 St't

28 283 133 333 umanrr
147 284 212 348 Papa
225 283 280 334 dicit
292 283 328 348 (1)
345 299 352 333 ς
368 301 382 330 c
393 284 477 334 Omnes
495 283 571 336 fideles
586 297 628 348 per
641 281 722 334 manda
737 282 833 346 imposi-

26 353 112 404 tionem
129 355 289 420 episcoporum
303 355 413 420 Spiritum
427 359 529 405 sanctum
546 359 600 419 post
616 353 755 418 baptismum
771 354 831 404 acci·

26 438 77 488 pere
91 427 195 489 debent,
213 429 239 475 nt
253 427 316 490 pleni
329 426 451 478 christiani
463 426 645 478 inveniantur.»

55 498 89 546 dd
101 498 206 562 primum
223 511 277 560 ergo
296 498 430 559 dicendum,
444 498 505 562 quod
525 512 584 562 papa
602 498 626 547 in
642 495 743 548 Ecclesia
763 497 832 548 habet

28 568 197 629 plenitudinem
211 571 339 634 potestatis,
354 584 383 620 ex
394 584 438 634 qua
452 573 527 634 potest
545 570 647 634 quadam
662 582 712 633 qua
726 572 778 618 sunt
793 583 831 619 su·

28 639 140 700 periurum
161 641 268 691 ordinum
284 642 426 692 committere
445 642 580 706 quibusdam
594 640 754 702 interioribus3
770 641 830 690 sicut

28 711 162 772 quibusdam
186 713 326 775 presbyteris
347 712 450 763 concedit
471 713 576 763 conterre
598 713 697 762 minores
722 711 830 774 ordines,

29 783 84 842 quod
99 781 207 846 pertinet
220 784 248 833 ad
263 788 399 848 potestatem
413 783 575 848 episcopalem.
588 785 617 834 Et
629 797 658 833 ex
677 785 719 834 trac
729 783 831 846 plenitu-

29 853 78 902 dine
96 855 224 917 potestatis
241 856 356 906 concessit
368 856 396 904 B.
412 856 532 916 Gregorius
549 857 622 919 Papa,
642 855 701 919 quod
717 854 832 918 simplices

28 929 156 978 sacerdotes
171 929 216 978 hoc
233 933 396 978 sacramentum
416 929 562 989 conterrent,
577 928 684 993 quamdiu
699 928 830 980 scandalum

28 997 151 1049 tolleretur.

54 1070 87 1119 dd
107 1073 240 1121 secuudum
254 1070 389 1132 dicendum,
407 1071 467 1135 qudd
489 1077 652 1123 sacramentum
672 1071 778 1137 baptismi
793 1077 844 1123 est·

28 1141 140 1194 efficacius
160 1144 230 1208 qnam
251 1145 296 1194 hoo
319 1146 483 1194 sacramentum
503 1143 612 1206 quantum
631 1145 659 1194 ad
680 1143 828 1194 remotionem

29 1214 84 1277 mati,
100 1215 202 1280 eoquod
213 1221 250 1265 est
261 1215 384 1279 spiritualis
393 1215 518 1278 generatio,
531 1229 581 1279 quae
592 1219 626 1266 est
636 1215 730 1266 mutatio
741 1216 769 1266 da
781 1229 831 1266 oon

30 1299 75 1334 erre
88 1286 187 1337 inesse.
200 1289 248 1337 Hoc
263 1291 338 1336 autem
356 1291 520 1336 sacramentum
536 1291 569 1336 cst
588 1287 703 1337 efficacius
715 1288 742 1337 ad
759 1285 828 1350 profl-

32 1357 132 1408 ciendum
147 1359 175 1409 in
193 1359 268 1419 bono,
280 1359 332 1420 quia
344 1362 379 1407 est
390 1359 501 1420 quoddam
512 1358 627 1420 spirituale
640 1360 785 1422 augmentum
802 1358 830 1407 de

30 1442 75 1477 erre
88 1431 229 1495 imperfecto
243 1433 271 1480 ad
284 1445 334 1480 esse
347 1430 487 1494 perfectum3
502 1433 526 1480 et
541 1429 591 1481 idco
604 1431 649 1482 hoc
664 1432 830 1481 sacramentum

35 1499 126 1563 digniori
143 1503 250 1553 ministro
262 1501 417 1552 committitur.

59 1574 90 1622 dd
103 1574 200 1624 tertium
214 1574 348 1632 dicendum,
364 1571 424 1636 quod
437 1573 497 1622 sicut
511 1572 616 1624 urbanus
629 1573 685 1622 dicit
697 1573 722 1622 in
735 1573 776 1622 lib.
794 1573 828 1622 De

32 1643 140 1695 institut.
154 1645 307 1694 clericorum
324 1643 379 1708 (tib.
390 1646 417 1705 1,
431 1656 480 1707 cap.
495 1647 523 1692 tt
535 1651 550 1706 t,
567 1660 580 1690 rr
590 1643 691 1706 signatur
703 1643 831 1705 baptizatus

35 1714 148 1768 chrismate
162 1717 189 1766 in
199 1715 329 1766 summitate
339 1715 419 1778 capitis
433 1727 473 1778 per
483 1714 631 1776 sacerdotem,
644 1727 686 1777 per
696 1713 829 1776 pontificem

34 1785 80 1835 sero
91 1785 114 1836 iu
129 1787 220 1850 fronte3
235 1790 262 1835 ut
273 1786 297 1835 in
312 1786 381 1850 priori
392 1785 500 1836 unctione
521 1785 660 1849 significetur
673 1797 741 1848 super
754 1785 830 1848 ipsum

35 1851 124 1914 Spiritus
136 1858 215 1908 sancti
228 1857 349 1908 descensio
363 1859 392 1908 ad
409 1856 573 1907 hauimtioncm
585 1856 630 1906 Deo
642 1856 827 1918 consecrandam

37 1921 164 1980 inseranda
187 1942 290 1993 quoque,
309 1933 335 1978 nt
354 1929 457 1993 ejusdem
479 1928 578 1992 Spiritus
596 1928 669 1978 sancti
692 1927 830 1992 septiformis

38 1999 113 2065 gratia,
125 2016 179 2052 enm
189 2000 253 2052 omni
262 2000 402 2064 plenitudine
414 2000 540 2051 sanctitatis
551 2005 573 2051 et
586 2000 687 2051 scientiae
698 2004 721 2050 et
729 1999 829 2063 virtutis,

39 2070 106 2122 tenire
117 2073 143 2122 iu
157 2072 273 2124 homiuem
286 2073 420 2124 declaretur.
435 2089 450 2120 u
465 2073 515 2123 Nou
528 2086 582 2137 ergo
595 2076 686 2137 propter
704 2071 830 2135 digniorem

40 2145 131 2208 putem,
147 2146 188 2196 sed
205 2148 299 2209 propter
312 2144 422 2209 potiorem
438 2144 542 2196 effectum
562 2146 611 2196 haec
627 2144 704 2195 unctio
717 2142 830 2208 episcopis

39 2222 166 2267 canatur.

314 2306 478 2356 detrectas
494 2306 543 2356 xta.

131 2432 218 2478 Utrum
231 2432 294 2476 ritus
306 2431 378 2488 daque
387 2432 532 2476 sacramenti
542 2431 574 2476 sit
584 2433 730 2478 conveniens.

67 2559 96 2608 ad
109 2559 269 2610 duodecimum
279 2558 313 2608 sic
326 2556 453 2616 proceditur
464 2559 509 2622 (Ξ).
519 2555 612 2608 Videtur
625 2555 684 2619 quod
695 2557 751 2608 ritus
761 2555 831 2621 hujus

43 2632 166 2683 ammenti
178 2645 225 2683 nou
242 2631 273 2682 sit
288 2630 439 2682 conveniens.
452 2630 623 2681 Sacramentum
644 2630 703 2680 enim
721 2629 831 2694 baptismi

70 2739 97 2801 (1)
110 2746 136 2789 In
150 2743 227 2800 Epist.
239 2743 269 2787 ad
278 2753 359 2786 omnes
371 2740 521 2787 Christianos.
530 2743 560 2786 Et
570 2739 668 2786 habetur
677 2741 702 2784 in
714 2740 831 2792 Decretis,

45 2798 72 2845 Da
85 2809 226 2860 ceucocrot„
239 2806 293 2850 diat.
305 2803 332 2862 5,
344 2815 398 2860 cap.
409 2803 437 2861 t,
457 2804 545 2849 οηιηοε
553 2803 643 2863 fideles.

70 2870 97 2935 (2)
109 2879 141 2923 lte
156 2877 193 2922 hia
211 2876 283 2922 etiam
296 2877 339 2932 lv,
352 2873 429 2927 Sept..
441 2873 496 2920 dist,
510 2873 535 2932 7,
549 2885 590 2930 qu.
611 2873 636 2932 3,
648 2879 692 2921 art.
713 2873 737 2930 3,
750 2883 830 2928 quea·

45 2933 107 2986 dunc,
116 2940 139 3002 S,
153 2939 217 3000 add,
228 2945 253 2986 et
266 2937 398 2995 inexposit.
411 2938 447 2983 tit.
