1942 3284
103 181 104 185 ἵ
121 201 166 251 lta
211 217 214 229 ·
287 211 511 262 aldermannus.
528 211 634 259 ιιιιιιι,
650 209 708 250 aar.
725 211 749 248 ι.

118 293 162 344 hoc
180 291 354 355 significandum
372 289 397 338 iit
410 287 470 338 trina
487 285 654 351 erueesiguatio
673 299 745 350 moer
766 287 807 338 illa
825 289 914 338 ιοιιιιι

120 363 288 424 «sanctificas,
303 361 416 422 vivificas,
431 359 562 417 benedicis,
578 376 593 408 a
609 362 656 410 etc.
669 359 774 424 Septimia
790 373 916 424 aequm

120 439 196 486 taulus
212 438 259 485 tres
280 435 342 484 hora
362 433 444 497 quibus
460 431 570 495 pependit
585 431 611 480 iu
625 443 706 493 once,
721 431 813 481 scilicet
832 431 917 480 lsesla

119 521 192 572 usque
206 509 234 557 ad
247 507 326 557 horam
347 518 430 556 nonam
441 522 447 568 ;
460 507 485 554 el
502 505 531 554 ad
543 506 587 554 hoe
604 503 778 566 significandum
796 505 825 553 lit
840 505 916 553 iuraui

120 579 180 630 uina
194 577 359 640 crucesignatio
372 578 400 626 ed
411 575 546 626 illaueuba:
565 576 631 624 «Per
641 575 735 637 ipsum,
751 578 777 624 et
787 589 845 624 euin
861 575 915 636 ipso,

121 653 144 700 et
156 650 183 700 iu
196 650 254 713 ipso.
267 665 280 696 ι)
300 647 387 699 Oetavd
402 651 477 698 aulem
490 650 667 710 representatur
682 645 800 710 separatio
813 644 916 696 amuel

121 733 214 785 wipere
228 735 270 784 per
286 722 342 770 daras
356 731 432 770 eruces
449 722 572 782 sequentes
583 717 751 767 extruendieem
761 717 845 767 lactas.
857 715 916 767 ilond

122 797 198 842 autem
207 795 381 856 repraeseutatur
390 789 915 852 resurrectiotertildietrcnpertreserocs,

122 878 172 928 quaa
181 864 238 912 liunt
250 865 276 914 ad
291 864 329 914 iila
339 864 408 914 uerba
419 879 424 912 ι
437 864 509 912 «Pan
522 861 611 912 Domini
621 862 652 911 sil
663 873 756 924 semper
766 860 911 910 vobisdum.»

121 937 200 986 Potest
213 939 289 985 autem
302 934 394 986 inradias
404 935 449 985 diei
463 933 524 996 qudd
538 933 680 984 consecutio
692 933 763 996 hujus
772 932 914 989 sacrameuli,

122 1011 145 1056 et
161 1009 288 1070 acceptatio
306 1007 376 1069 hujus
395 1005 516 1067 sacrificii,
534 1009 558 1055 et
574 1004 662 1054 linctus
680 1004 756 1067 ipsus
774 1004 877 1067 procedit
891 1016 918 1051 ex

122 1078 205 1128 uirtute
219 1079 292 1128 erucis
306 1077 400 1128 Christi.
424 1079 452 1126 de
464 1078 532 1140 ideo,
546 1077 684 1139 uocumque
697 1076 723 1125 nt
737 1076 827 1127 mentio
842 1078 870 1126 de
880 1075 918 1124 ali-

123 1159 168 1212 quo
182 1151 279 1210 nomm,
294 1151 398 1200 sacerdos
415 1149 611 1212 crucesignatioue
622 1148 703 1198 utitur.

154 1221 188 1270 ild
204 1224 309 1284 quartum
324 1221 460 1282 dicendum,
470 1221 530 1284 qudd
543 1221 647 1270 sacerdos
660 1224 713 1283 post
727 1221 917 1271 consecrationem

123 1303 170 1342 uon
179 1292 249 1340 utitur
259 1293 453 1354 oucesignutione
466 1293 495 1342 ad
506 1291 684 1342 benedicendum
698 1295 722 1342 et
733 1293 917 1349 cenedensium,

124 1364 164 1412 sed
186 1362 258 1412 solum
278 1364 305 1412 ad
324 1365 544 1415 commemorandum
561 1364 668 1412 uirtutem
684 1362 776 1425 cruos,
794 1368 818 1414 et
834 1363 917 1412 noduu

123 1433 236 1496 passionis
251 1435 350 1498 curisti,
365 1440 391 1484 ut
405 1449 432 1485 en
443 1436 513 1485 dietis
526 1439 589 1498 patu
600 1435 639 1498 (ad
652 1437 687 1497 a).

156 1507 189 1556 ld
199 1506 302 1568 quinium
312 1507 441 1567 dicendum,
452 1507 512 1570 qudd
520 1520 548 1558 ea
561 1521 612 1570 quae
622 1508 730 1557 sacerdos
740 1507 765 1556 in
777 1508 849 1556 missa
860 1506 914 1561 lacit.

125 1590 172 1628 neu
188 1582 242 1628 sunt
256 1578 382 1628 ridiculosae
393 1578 593 1641 gesticulationes3
609 1578 667 1628 liunt
677 1579 740 1628 enim
752 1579 782 1628 ad
793 1579 878 1642 aliquid
885 1591 916 1626 re·

125 1652 316 1714 presentandum.
326 1650 389 1708 Qardd
400 1651 461 1700 enim
473 1651 578 1700 sacerdos
590 1651 683 1700 omeliis
691 1650 799 1702 extendit
810 1655 915 1713 mucor

126 1723 289 1782 sectationem,
311 1723 434 1790 siguificat,
449 1723 606 1773 artemonem
626 1722 772 1773 brachiorum
791 1722 874 1772 Christi
895 1720 914 1769 in

126 1804 201 1844 eruce.
209 1796 279 1846 Levat
290 1794 359 1844 eliasu
369 1807 450 1844 manus
461 1794 561 1855 orando,
570 1795 599 1844 ad
609 1794 776 1856 designandum
786 1793 846 1858 qudd
853 1792 914 1844 onio

125 1865 176 1927 ejus
188 1865 292 1928 dirigitur
312 1879 353 1928 pre
370 1866 598 1929 mindonensium,
613 1864 739 1916 secundinus
757 1865 814 1916 illud
828 1867 913 1918 Tm..

126 1936 155 1985 iil
174 1950 180 1984 :
198 1938 333 1987 «muamus
351 1939 416 1987 coada
435 1941 511 1987 nostra
527 1951 580 1986 eum
597 1936 701 1986 mamitus
719 1937 750 1986 ad
769 1934 913 1988 nonnanis

126 2007 209 2070 eoelos3
221 2023 234 2056 o
249 2013 273 2058 ei
285 2009 382 2068 Eueni„
392 2010 467 2072 xvii,
480 2008 561 2059 dicitur
570 2008 632 2072 qudd
646 2025 661 2055 u
673 2006 726 2057 edu
737 2009 826 2060 leuaret
837 2009 914 2072 lloqss

127 2091 207 2130 munus
213 2110 221 2142 ,
236 2080 341 2130 vinwbat
352 2082 430 2132 isael.
441 2098 457 2128 o
473 2081 535 2140 Quod
545 2085 621 2130 auum
631 2090 713 2130 manus
725 2079 840 2132 laundun
848 2079 913 2142 iungit

125 2155 149 2201 et
161 2164 187 2200 se
197 2151 305 2212 inclinat,
318 2156 353 2200 est
362 2153 496 2216 suppliciter
504 2157 529 2202 et
541 2150 658 2202 humiliter
668 2153 767 2212 euntis,
782 2157 807 2202 et
823 2153 912 2214 deniqui

126 2221 275 2272 humilitatem
288 2225 311 2272 el
328 2221 480 2273 obedientiam
491 2223 586 2286 Christi,
596 2235 680 2286 exque
691 2223 910 2286 eassusestlligiles

126 2297 201 2345 auum
216 2293 293 2358 jungit
305 2299 357 2358 pest
376 2296 586 2358 dissentionem,
599 2295 690 2345 seilicet
702 2296 810 2358 pollicem
822 2309 871 2346 eun
881 2293 911 2341 u·

126 2364 191 2426 dice,
206 2365 288 2429 quibus
306 2379 388 2430 eorpus
398 2367 485 2418 Christi
502 2371 659 2418 conseemlnm
676 2366 798 2429 tetigerat,
808 2371 834 2416 ut
845 2366 864 2416 si
876 2374 909 2425 qu

126 2436 238 2500 perdicaria
253 2437 331 2500 digitis
346 2438 529 2502 adhaeserimus
542 2439 701 2503 diadematum
716 2440 779 2502 quod
788 2433 909 2504 pertiuetai
950 2428 951 2491 l

127 2508 279 2560 revemuliam
290 2511 436 2561 saera-euti.

161 2580 194 2630 dd
212 2583 301 2630 serinia
318 2581 531 2645 dicendum‚q11dd
552 2583 676 2646 quinquies
692 2595 719 2633 se
737 2583 843 2634 sacerdus
857 2580 908 2629 tetlll

128 2651 157 2700 ad
169 2652 289 2716 populum,
301 2653 329 2702 ad
340 2652 515 2716 significandum
522 2654 583 2717 qudd
591 2655 702 2704 minus
710 2654 748 2705 die
756 2649 910 2705 ressurreelittis

126 2723 225 2786 quinqui
236 2735 287 2774 esse
302 2723 494 2787 maniiestavit,ut
506 2725 669 2789 siiprldietum
677 2729 715 2776 est
724 2726 774 2790 (qu.
788 2731 826 2786 55,
838 2724 910 2778 acl-³1¹·

128 2793 152 2844 iu
173 2799 272 2846 luctatu
290 2795 317 2846 de
337 2797 502 2848 resurreetione
522 2796 617 2847 Canidi.
639 2797 728 2848 Salutat
749 2802 824 2859 aarum
839 2793 909 2859 stqtllla⁴

126 2868 250 2932 pupulum,
261 2867 348 2920 seilicet
365 2869 465 2933 quinque
479 2870 568 2920 vicibus
581 2868 664 2931 quinus
677 2883 703 2919 se
712 2869 825 2920 conuertit
836 2868 862 2916 ad
872 2877 909 2928 pt-

124 2939 215 3003 quuluni,
228 2943 250 2990 el
264 2939 299 2990 bis
312 2941 402 3003 quande
413 2954 437 2990 se
448 2954 495 2991 uon
504 2941 618 2992 censedit
626 2941 729 3004 (selim
739 2941 792 2991 ιιιιι
805 2944 854 2990 ante
862 2947 906 3003 pra
