1942 3284
99 160 132 209 tt
284 173 345 211 rans
360 174 402 220 ιιι,
418 172 512 217 ουιιει.
532 172 590 219 oxu,
607 172 662 211 aar.
680 173 714 209 vr.

133 250 292 312 (Cosmusro.
309 246 409 296 -Cim
424 246 526 296 efficiens
545 260 612 297 causa
627 260 667 297 suo
689 248 772 298 eiiectn
788 254 916 313 posterior

99 333 150 370 esse
162 321 275 381 nequeat,
291 320 430 368 sacramenta
443 317 501 380 legis
511 318 596 367 veteris
607 317 689 369 Christi
699 320 830 382 passionem
843 326 915 388 tquae

98 394 213 441 causaest
224 393 306 440 nostrae
318 388 500 454 justificationis)
517 394 661 451 antegressa,
672 391 757 441 nullam
776 391 800 441 in
814 406 840 444 se
853 398 919 449 vir-

100 464 171 511 tutem
184 461 213 509 ad
222 461 379 511 conterendam
392 460 487 522 gratiam
496 460 659 524 justificantem
669 462 791 527 hahuisse,
810 467 853 516 sed
868 482 915 521 so-

98 530 146 580 lhm
160 532 227 581 tidem
246 534 321 594 patres
333 531 496 595 justificantem
506 532 632 583 ostendisse
645 532 761 597 constat.)

128 604 263 668 Respondeo
277 604 395 655 dicendum
406 603 480 666 ,qnid
493 617 538 655 non
549 608 624 669 potest
634 604 679 655 diei
687 604 746 669 quod
758 616 915 666 sacramenta

96 676 182 727 veteris
195 676 253 738 legis
267 676 398 725 conferrent
407 674 501 737 gratiam
512 674 675 736 justificantem
685 679 818 741 perseipsa,
829 680 912 735 idest

96 746 188 811 proprii
203 747 300 809 virtute,
309 747 363 809 quia
376 746 410 796 sic
422 759 469 796 nou
479 747 561 797 fuisset
572 748 701 799 neccssaria
714 749 793 812 passio
802 750 914 821 Christi,

98 818 223 869 moundim
232 818 288 868 iilud
299 818 335 867 od
348 818 415 874 Get„
426 819 447 867 tl
460 833 466 866 :
478 817 524 869 «Si
534 820 622 882 exlege
636 823 670 871 est
682 820 780 884 justitia,
795 820 914 879 Christus

98 890 169 951 gratis
184 895 286 940 mortuus
304 892 347 939 est.
361 905 376 936 u
394 890 438 939 Seu
458 903 505 939 non
522 894 599 953 potest
613 890 657 939 dici
675 890 736 953 quoi
750 904 779 941 ea
794 894 916 954 passione

97 959 181 1012 Christi
200 961 309 1011 virtutem
327 961 436 1011 haberent
454 961 586 1011 conterendi
607 961 701 1023 gratiam
724 963 911 1027 justificantem.

97 1030 232 1083 sicutenim
245 1047 273 1083 er
284 1033 400 1097 praedictis
412 1036 474 1097 patet
488 1032 540 1097 (art.
552 1035 586 1094 ὅ),
601 1033 672 1083 virtus
686 1034 800 1095 passionis
815 1035 914 1091 Christi

97 1106 216 1171 copulatur
230 1106 296 1156 nubis
310 1120 350 1169 per
364 1107 432 1156 tidem
447 1109 470 1155 et
483 1108 639 1165 sacramenta,
655 1104 785 1157 differenter
798 1110 884 1161 tamen
900 1127 909 1161 ι

96 1190 150 1227 narn
165 1176 306 1228 continuatio
319 1191 370 1242 quae
380 1182 416 1226 est
427 1190 467 1240 per
475 1176 551 1238 fidem,
567 1177 592 1227 iit
602 1190 643 1240 per
651 1180 725 1227 acturo
735 1178 829 1241 unimae3
846 1194 914 1233 con·

96 1249 194 1300 tinuatio
207 1253 284 1300 autern
295 1264 345 1313 quae
358 1253 394 1299 est
407 1262 448 1311 per
460 1251 614 1309 sacramenta,
630 1250 656 1297 tit
668 1260 709 1312 per
722 1263 789 1298 usum
804 1254 912 1305 exterio·

95 1335 146 1372 rum
155 1336 239 1373 rerum.
248 1322 309 1373 Nihil
318 1326 395 1371 autern
404 1321 508 1385 prohibet
517 1320 540 1370 id
550 1321 609 1383 quod
617 1323 653 1371 est
661 1321 775 1383 posterius
788 1325 911 1389 tempore,

96 1396 218 1458 antequam
236 1394 265 1443 sit
283 1406 375 1444 movere
391 1392 442 1457 (t),
456 1391 582 1442 secundirm
598 1390 658 1455 quta
679 1393 787 1462 precedit
807 1392 833 1442 in
850 1402 913 1450 actu

96 1465 193 1525 animae,
206 1465 266 1515 sicut
278 1465 339 1526 tinis,
350 1464 389 1527 qui
399 1471 435 1515 est
449 1462 559 1527 posterior
572 1467 687 1527 tempore,
703 1467 779 1514 movet
791 1470 909 1527 agentem

94 1535 218 1587 secuudirm
236 1536 345 1599 quidest
360 1536 515 1598 apprehensus
534 1536 557 1585 et
574 1534 714 1585 desideratus
730 1535 758 1584 ah
775 1536 841 1598 ipso;
859 1542 909 1593 sed

94 1607 151 1659 iliud
160 1608 221 1671 quoti
233 1608 333 1657 noudum
346 1611 383 1657 est
396 1607 419 1657 in
437 1618 512 1657 rerum
524 1610 612 1668 natura,
623 1620 670 1657 non
683 1610 760 1657 moret
772 1608 909 1663 secundina

95 1693 162 1729 usum
178 1678 315 1729 exteriorum
327 1691 414 1741 rerum3
427 1678 487 1727 uude
499 1691 567 1728 causa
580 1678 684 1729 efficiens
699 1690 745 1728 non
754 1682 830 1741 potest
842 1692 905 1734 esse

95 1751 207 1815 posterior
216 1751 240 1800 in
250 1766 310 1803 esse,
318 1751 397 1800 ordine
408 1749 541 1811 durationis,
550 1750 612 1800 sicut
621 1762 690 1799 causa
700 1749 783 1798 finatis.
796 1749 835 1800 Sic
843 1764 908 1817 ergo

95 1822 242 1872 manifestum
251 1820 352 1884 estquod
364 1821 492 1884 hpassiune
506 1821 598 1882 Christi,
609 1835 660 1883 quae
669 1824 704 1871 est
712 1833 779 1870 causa
788 1822 905 1877 humanae

93 1891 277 1956 justificationis,
293 1892 456 1943 convenienter
476 1891 591 1941 derivatur
610 1892 682 1941 virtus
696 1892 846 1955 justiticativa
867 1898 902 1948 ad

97 1968 237 2014 sacramenta
249 1977 315 2014 nove
328 1963 453 2025 legis,nuu
464 1966 540 2012 autern
551 1963 578 2012 ad
588 1967 729 2014 sacramenta
738 1962 904 2027 veterislegis.

96 2034 126 2085 Et
140 2038 216 2085 umen
235 2047 275 2097 per
288 2034 354 2084 fidem
369 2033 485 2097 passionis
504 2032 590 2085 Christi
605 2034 787 2097 justificabantur
810 2036 908 2101 antiqui

96 2108 182 2169 patres,
196 2105 254 2155 sicut
262 2110 285 2155 et
298 2118 349 2168 uos,
361 2109 502 2155 sacramenta
513 2109 587 2155 autem
598 2106 682 2155 veteris
692 2105 749 2168 legis
761 2108 825 2155 erant
834 2121 905 2169 qum-

97 2177 149 2227 dam
163 2177 225 2227 iltius
238 2176 291 2227 fidei
305 2178 496 2241 protestationes,
512 2177 655 2241 inquantum
669 2177 828 2240 significabant
842 2192 904 2241 pas·

99 2247 187 2299 sionem
198 2247 282 2298 Christi
292 2252 316 2297 et
327 2247 488 2311 eiectusejus.
498 2248 538 2299 Sic
548 2260 602 2311 ergo
612 2250 675 2313 patet
683 2248 744 2311 quod
757 2254 905 2303 sacramenta

97 2319 182 2369 veteris
194 2318 253 2381 tegis
266 2332 312 2369 non
329 2319 442 2368 habehant
456 2318 481 2367 in
491 2332 515 2369 se
529 2319 628 2383 aliquam
637 2318 744 2369 virtutem
761 2333 804 2383 qua
818 2332 907 2383 opera-

97 2395 176 2443 rentur
188 2392 215 2441 ιιι]
233 2391 393 2441 conterendam
406 2391 501 2454 gratiam
510 2390 685 2456 justificantem,
696 2393 735 2443 sed
747 2390 819 2441 sotium
832 2392 906 2456 signa

98 2466 162 2513 erant
176 2460 229 2511 fidei
241 2474 282 2525 per
295 2476 362 2525 quam
373 2461 563 2523 justificabantur.

97 2573 288 2629 uhrpsostomus:
301 2572 528 2629 infirmaetemeoto
537 2576 632 2619 uocatet
640 2574 794 2631 eperumpood
801 2574 905 2623 uultum

97 2637 148 2680 vim
159 2634 260 2680 habeant
274 2635 305 2679 ud
317 2636 445 2692 proposito
457 2635 519 2680 hono
531 2636 695 2693 perdocendi.

131 2701 164 2766 (i)
180 2706 224 2751 Vei
240 2703 381 2763 oanspostra
400 2708 586 2764 constructione,
601 2708 629 2752 iri
647 2706 712 2763 uoco
729 2709 762 2751 est
773 2707 905 2763 posterius

97 2770 213 2826 tmpore,
232 2780 326 2813 utooere
343 2772 471 2827 outepuom
489 2770 537 2818 sit,
559 2774 602 2814 etc.
624 2770 735 2814 Nimirum
756 2768 834 2824 quoad
853 2781 908 2818 csse

97 2831 161 2939 iffi
170 2830 318 2940 martineus
329 2832 458 2890 actualiter,
471 2832 578 2888 quumvis
589 2832 690 2876 nonnisi
701 2831 858 2888 perordinem
869 2835 905 2881 ati
