<?xml version="1.0" encoding="UTF-8"?>
<!DOCTYPE html PUBLIC "-//W3C//DTD XHTML 1.0 Transitional//EN"
    "http://www.w3.org/TR/xhtml1/DTD/xhtml1-transitional.dtd">
<html xmlns="http://www.w3.org/1999/xhtml" xml:lang="en" lang="en">
 <head>
  <title>
</title>
<meta http-equiv="Content-Type" content="text/html;charset=utf-8" />
  <meta name='ocr-system' content='tesseract 3.04.00' />
  <meta name='ocr-capabilities' content='ocr_page ocr_carea ocr_par ocr_line ocrx_word'/>
</head>
<body>
  <div class='ocr_page' id='page_1' title='image "./summatheologica01nicogoog_0784.png"; bbox 0 0 1942 3284; ppageno 0'>
   <div class='ocr_carea' id='block_1_1' title="bbox 110 166 769 223">
    <p class='ocr_par' dir='ltr' id='par_1_1' title="bbox 110 166 769 223">
     <span class='ocr_line' id='line_1_1' title="bbox 110 166 769 223; baseline -0.002 -13"><span class='ocrx_word' id='word_1_1' title='bbox 110 166 155 211; x_wconf 81' lang='lat' dir='ltr'><strong>tta</strong></span> <span class='ocrx_word' id='word_1_2' title='bbox 245 169 446 223; x_wconf 71' lang='lat' dir='ltr'><strong>successimus,</strong></span> <span class='ocrx_word' id='word_1_3' title='bbox 463 174 560 219; x_wconf 77' lang='lat' dir='ltr'><strong>enmsr.</strong></span> <span class='ocrx_word' id='word_1_4' title='bbox 574 174 664 221; x_wconf 83' lang='lat' dir='ltr'><strong>xxvrn,</strong></span> <span class='ocrx_word' id='word_1_5' title='bbox 681 175 735 211; x_wconf 84' lang='lat' dir='ltr'><strong>aar.</strong></span> <span class='ocrx_word' id='word_1_6' title='bbox 752 169 769 210; x_wconf 85' lang='lat' dir='ltr'><strong>t.</strong></span> 
     </span>
    </p>
   </div>
   <div class='ocr_carea' id='block_1_2' title="bbox 109 248 966 2959">
    <p class='ocr_par' dir='ltr' id='par_1_2' title="bbox 109 248 966 459">
     <span class='ocr_line' id='line_1_2' title="bbox 109 248 898 315; baseline -0.001 -16"><span class='ocrx_word' id='word_1_7' title='bbox 109 251 185 301; x_wconf 85' lang='lat' dir='ltr'><strong>rnibns</strong></span> <span class='ocrx_word' id='word_1_8' title='bbox 196 264 223 299; x_wconf 91' lang='lat' dir='ltr'><strong>ac</strong></span> <span class='ocrx_word' id='word_1_9' title='bbox 233 250 330 315; x_wconf 85' lang='lat' dir='ltr'><strong>publicis</strong></span> <span class='ocrx_word' id='word_1_10' title='bbox 341 249 472 301; x_wconf 80' lang='lat' dir='ltr'><strong>criminibus</strong></span> <span class='ocrx_word' id='word_1_11' title='bbox 485 249 637 301; x_wconf 87' lang='lat' dir='ltr'><strong>contaminati</strong></span> <span class='ocrx_word' id='word_1_12' title='bbox 650 253 673 299; x_wconf 90' lang='lat' dir='ltr'><strong>et</strong></span> <span class='ocrx_word' id='word_1_13' title='bbox 685 248 788 300; x_wconf 79' lang='lat' dir='ltr'><strong>obstricti</strong></span> <span class='ocrx_word' id='word_1_14' title='bbox 795 253 856 311; x_wconf 82' lang='lat' dir='ltr'><strong>sunl,</strong></span> <span class='ocrx_word' id='word_1_15' title='bbox 863 262 898 314; x_wconf 92' lang='lat' dir='ltr'><strong>pu-</strong></span> 
     </span>
     <span class='ocr_line' id='line_1_3' title="bbox 111 320 901 387; baseline -0.004 -15"><span class='ocrx_word' id='word_1_16' title='bbox 111 323 169 373; x_wconf 85' lang='lat' dir='ltr'><strong>blica</strong></span> <span class='ocrx_word' id='word_1_17' title='bbox 182 328 207 373; x_wconf 91' lang='lat' dir='ltr'><strong>et</strong></span> <span class='ocrx_word' id='word_1_18' title='bbox 221 323 331 373; x_wconf 89' lang='lat' dir='ltr'><strong>solemnis</strong></span> <span class='ocrx_word' id='word_1_19' title='bbox 344 322 490 387; x_wconf 70' lang='lat' dir='ltr'><strong>poenitentia,</strong></span> <span class='ocrx_word' id='word_1_20' title='bbox 505 323 533 373; x_wconf 89' lang='lat' dir='ltr'><strong>ad</strong></span> <span class='ocrx_word' id='word_1_21' title='bbox 547 326 649 385; x_wconf 86' lang='lat' dir='ltr'><strong>ipsorum</strong></span> <span class='ocrx_word' id='word_1_22' title='bbox 669 322 766 371; x_wconf 89' lang='lat' dir='ltr'><strong>salutem</strong></span> <span class='ocrx_word' id='word_1_23' title='bbox 780 324 806 371; x_wconf 90' lang='lat' dir='ltr'><strong>ct</strong></span> <span class='ocrx_word' id='word_1_24' title='bbox 817 320 901 373; x_wconf 79' lang='lat' dir='ltr'><strong>anuum</strong></span> 
     </span>
     <span class='ocr_line' id='line_1_4' title="bbox 111 394 966 459; baseline 0.001 -16"><span class='ocrx_word' id='word_1_25' title='bbox 111 394 268 459; x_wconf 84' lang='lat' dir='ltr'><strong>exemplum.)</strong></span> <span class='ocrx_word' id='word_1_26' title='bbox 965 420 966 437; x_wconf 61' lang='lat' dir='ltr'><strong>r</strong></span> 
     </span>
    </p>

    <p class='ocr_par' dir='ltr' id='par_1_3' title="bbox 112 462 961 956">
     <span class='ocr_line' id='line_1_5' title="bbox 143 462 907 529; baseline 0.001 -14"><span class='ocrx_word' id='word_1_27' title='bbox 143 466 277 529; x_wconf 79' lang='lat' dir='ltr'><strong>Respondes</strong></span> <span class='ocrx_word' id='word_1_28' title='bbox 298 464 433 527; x_wconf 87' lang='lat' dir='ltr'><strong>dicendum,</strong></span> <span class='ocrx_word' id='word_1_29' title='bbox 447 462 507 528; x_wconf 82' lang='lat' dir='ltr'><strong>qnod</strong></span> <span class='ocrx_word' id='word_1_30' title='bbox 529 464 603 528; x_wconf 87' lang='lat' dir='ltr'><strong>aliqua</strong></span> <span class='ocrx_word' id='word_1_31' title='bbox 618 463 755 529; x_wconf 77' lang='lat' dir='ltr'><strong>paenitentia</strong></span> <span class='ocrx_word' id='word_1_32' title='bbox 775 464 847 515; x_wconf 86' lang='lat' dir='ltr'><strong>debet</strong></span> <span class='ocrx_word' id='word_1_33' title='bbox 864 478 907 516; x_wconf 78' lang='lat' dir='ltr'><strong>esso</strong></span> 
     </span>
     <span class='ocr_line' id='line_1_6' title="bbox 112 536 909 601; baseline -0.004 -13"><span class='ocrx_word' id='word_1_34' title='bbox 112 538 202 601; x_wconf 87' lang='lat' dir='ltr'><strong>publica</strong></span> <span class='ocrx_word' id='word_1_35' title='bbox 211 541 234 587; x_wconf 89' lang='lat' dir='ltr'><strong>et</strong></span> <span class='ocrx_word' id='word_1_36' title='bbox 245 538 357 587; x_wconf 88' lang='lat' dir='ltr'><strong>solemnis</strong></span> <span class='ocrx_word' id='word_1_37' title='bbox 368 540 461 601; x_wconf 89' lang='lat' dir='ltr'><strong>pmpter</strong></span> <span class='ocrx_word' id='word_1_38' title='bbox 474 540 570 600; x_wconf 89' lang='lat' dir='ltr'><strong>quatuor</strong></span> <span class='ocrx_word' id='word_1_39' title='bbox 583 552 589 586; x_wconf 78' lang='lat' dir='ltr'>z</span> <span class='ocrx_word' id='word_1_40' title='bbox 600 536 688 599; x_wconf 79' lang='lat' dir='ltr'><strong>primo,</strong></span> <span class='ocrx_word' id='word_1_41' title='bbox 702 540 730 585; x_wconf 88' lang='lat' dir='ltr'><strong>ut</strong></span> <span class='ocrx_word' id='word_1_42' title='bbox 740 540 863 599; x_wconf 87' lang='lat' dir='ltr'><strong>peccatum</strong></span> <span class='ocrx_word' id='word_1_43' title='bbox 874 551 909 601; x_wconf 75' lang='lat' dir='ltr'><strong>pu</strong></span> 
     </span>
     <span class='ocr_line' id='line_1_7' title="bbox 112 606 959 673; baseline 0 -16"><span class='ocrx_word' id='word_1_44' title='bbox 112 608 196 659; x_wconf 86' lang='lat' dir='ltr'><strong>nlicnm</strong></span> <span class='ocrx_word' id='word_1_45' title='bbox 214 607 327 673; x_wconf 81' lang='lat' dir='ltr'><strong>publicam</strong></span> <span class='ocrx_word' id='word_1_46' title='bbox 343 609 426 658; x_wconf 80' lang='lat' dir='ltr'><strong>habeat</strong></span> <span class='ocrx_word' id='word_1_47' title='bbox 445 606 582 658; x_wconf 81' lang='lat' dir='ltr'><strong>medicinam</strong></span> <span class='ocrx_word' id='word_1_48' title='bbox 594 623 601 658; x_wconf 76' lang='grc' dir='ltr'><strong>ε</strong></span> <span class='ocrx_word' id='word_1_49' title='bbox 613 608 732 671; x_wconf 82' lang='lat' dir='ltr'><strong>secundo,</strong></span> <span class='ocrx_word' id='word_1_50' title='bbox 751 608 809 671; x_wconf 88' lang='lat' dir='ltr'><strong>quia</strong></span> <span class='ocrx_word' id='word_1_51' title='bbox 822 609 913 657; x_wconf 75' lang='lat' dir='ltr'><strong>maxim</strong></span> <span class='ocrx_word' id='word_1_52' title='bbox 958 627 959 632; x_wconf 45' lang='lat'>¹</span> 
     </span>
     <span class='ocr_line' id='line_1_8' title="bbox 112 677 914 743; baseline -0.001 -13"><span class='ocrx_word' id='word_1_53' title='bbox 112 677 247 730; x_wconf 78' lang='lat' dir='ltr'><strong>contusione</strong></span> <span class='ocrx_word' id='word_1_54' title='bbox 263 679 333 729; x_wconf 89' lang='lat' dir='ltr'><strong>etiam</strong></span> <span class='ocrx_word' id='word_1_55' title='bbox 348 678 372 727; x_wconf 93' lang='lat' dir='ltr'><strong>in</strong></span> <span class='ocrx_word' id='word_1_56' title='bbox 390 680 433 728; x_wconf 87' lang='lat' dir='ltr'><strong>hoc</strong></span> <span class='ocrx_word' id='word_1_57' title='bbox 448 678 534 729; x_wconf 89' lang='lat' dir='ltr'><strong>mundo</strong></span> <span class='ocrx_word' id='word_1_58' title='bbox 548 682 583 728; x_wconf 85' lang='lat' dir='ltr'><strong>est</strong></span> <span class='ocrx_word' id='word_1_59' title='bbox 596 678 690 743; x_wconf 76' lang='lat' dir='ltr'><strong>dignus,</strong></span> <span class='ocrx_word' id='word_1_60' title='bbox 703 678 745 741; x_wconf 92' lang='lat' dir='ltr'><strong>qui</strong></span> <span class='ocrx_word' id='word_1_61' title='bbox 759 678 914 741; x_wconf 83' lang='lat' dir='ltr'><strong>gravissimum</strong></span> 
     </span>
     <span class='ocr_line' id='line_1_9' title="bbox 114 749 961 813; baseline -0.002 -13"><span class='ocrx_word' id='word_1_62' title='bbox 114 751 190 800; x_wconf 89' lang='lat' dir='ltr'><strong>scelus</strong></span> <span class='ocrx_word' id='word_1_63' title='bbox 207 749 322 801; x_wconf 89' lang='lat' dir='ltr'><strong>commisit</strong></span> <span class='ocrx_word' id='word_1_64' title='bbox 335 767 341 800; x_wconf 78' lang='grc' dir='ltr'>ι</span> <span class='ocrx_word' id='word_1_65' title='bbox 352 750 433 813; x_wconf 80' lang='lat' dir='ltr'><strong>tertio,</strong></span> <span class='ocrx_word' id='word_1_66' title='bbox 447 754 474 799; x_wconf 90' lang='lat' dir='ltr'><strong>ut</strong></span> <span class='ocrx_word' id='word_1_67' title='bbox 488 749 519 800; x_wconf 88' lang='lat' dir='ltr'><strong>sit</strong></span> <span class='ocrx_word' id='word_1_68' title='bbox 534 750 587 800; x_wconf 88' lang='lat' dir='ltr'><strong>aliis</strong></span> <span class='ocrx_word' id='word_1_69' title='bbox 598 750 626 799; x_wconf 93' lang='lat' dir='ltr'><strong>ad</strong></span> <span class='ocrx_word' id='word_1_70' title='bbox 639 753 753 800; x_wconf 87' lang='lat' dir='ltr'><strong>terrorem</strong></span> <span class='ocrx_word' id='word_1_71' title='bbox 766 765 772 798; x_wconf 74' lang='grc' dir='ltr'>ε</span> <span class='ocrx_word' id='word_1_72' title='bbox 787 750 888 813; x_wconf 79' lang='lat' dir='ltr'><strong>quarto,</strong></span> <span class='ocrx_word' id='word_1_73' title='bbox 897 759 916 799; x_wconf 86' lang='lat' dir='ltr'><strong>nt</strong></span> <span class='ocrx_word' id='word_1_74' title='bbox 960 757 961 762; x_wconf 76' lang='grc'>’</span> 
     </span>
     <span class='ocr_line' id='line_1_10' title="bbox 114 820 917 887; baseline 0.001 -16"><span class='ocrx_word' id='word_1_75' title='bbox 114 822 144 871; x_wconf 91' lang='lat' dir='ltr'><strong>sit</strong></span> <span class='ocrx_word' id='word_1_76' title='bbox 159 822 188 871; x_wconf 86' lang='lat' dir='ltr'><strong>ad</strong></span> <span class='ocrx_word' id='word_1_77' title='bbox 208 822 338 886; x_wconf 78' lang='lat' dir='ltr'><strong>exemplum</strong></span> <span class='ocrx_word' id='word_1_78' title='bbox 355 820 500 885; x_wconf 86' lang='lat' dir='ltr'><strong>poenitendi,</strong></span> <span class='ocrx_word' id='word_1_79' title='bbox 519 834 549 871; x_wconf 87' lang='lat' dir='ltr'><strong>nc</strong></span> <span class='ocrx_word' id='word_1_80' title='bbox 567 822 690 886; x_wconf 88' lang='lat' dir='ltr'><strong>desperent</strong></span> <span class='ocrx_word' id='word_1_81' title='bbox 709 820 753 885; x_wconf 93' lang='lat' dir='ltr'><strong>qni</strong></span> <span class='ocrx_word' id='word_1_82' title='bbox 772 821 799 871; x_wconf 90' lang='lat' dir='ltr'><strong>in</strong></span> <span class='ocrx_word' id='word_1_83' title='bbox 817 822 917 887; x_wconf 79' lang='lat' dir='ltr'><strong>gravibus</strong></span> 
     </span>
     <span class='ocr_line' id='line_1_11' title="bbox 115 892 369 956; baseline -0.004 -13"><span class='ocrx_word' id='word_1_84' title='bbox 115 892 215 956; x_wconf 85' lang='lat' dir='ltr'><strong>peccatis</strong></span> <span class='ocrx_word' id='word_1_85' title='bbox 225 893 369 944; x_wconf 84' lang='lat' dir='ltr'><strong>detinentur.</strong></span> 
     </span>
    </p>

    <p class='ocr_par' dir='ltr' id='par_1_4' title="bbox 115 964 923 1587">
     <span class='ocr_line' id='line_1_12' title="bbox 146 964 919 1029; baseline 0 -16"><span class='ocrx_word' id='word_1_86' title='bbox 146 965 180 1013; x_wconf 79' lang='lat' dir='ltr'><strong>ld</strong></span> <span class='ocrx_word' id='word_1_87' title='bbox 191 965 292 1029; x_wconf 87' lang='lat' dir='ltr'><strong>primum</strong></span> <span class='ocrx_word' id='word_1_88' title='bbox 303 978 357 1027; x_wconf 79' lang='lat' dir='ltr'><strong>crgo</strong></span> <span class='ocrx_word' id='word_1_89' title='bbox 375 964 503 1029; x_wconf 85' lang='lat' dir='ltr'><strong>dicendum,</strong></span> <span class='ocrx_word' id='word_1_90' title='bbox 516 964 576 1029; x_wconf 86' lang='lat' dir='ltr'><strong>qudd</strong></span> <span class='ocrx_word' id='word_1_91' title='bbox 586 966 691 1015; x_wconf 79' lang='lat' dir='ltr'>sacerdos</span> <span class='ocrx_word' id='word_1_92' title='bbox 707 974 757 1013; x_wconf 88' lang='lat' dir='ltr'><strong>non</strong></span> <span class='ocrx_word' id='word_1_93' title='bbox 769 966 866 1016; x_wconf 76' lang='lat' dir='ltr'><strong>revelat</strong></span> <span class='ocrx_word' id='word_1_94' title='bbox 874 978 919 1014; x_wconf 73' lang='lat' dir='ltr'><strong>cnr</strong></span> 
     </span>
     <span class='ocr_line' id='line_1_13' title="bbox 115 1034 920 1101; baseline 0.002 -18"><span class='ocrx_word' id='word_1_95' title='bbox 115 1034 239 1085; x_wconf 78' lang='lat' dir='ltr'><strong>sessionem</strong></span> <span class='ocrx_word' id='word_1_96' title='bbox 246 1072 256 1099; x_wconf 90' lang='lat'><strong><em>,</em></strong></span> <span class='ocrx_word' id='word_1_97' title='bbox 270 1037 338 1084; x_wconf 89' lang='lat' dir='ltr'><strong>talem</strong></span> <span class='ocrx_word' id='word_1_98' title='bbox 355 1035 515 1097; x_wconf 72' lang='lat' dir='ltr'><strong>penitentiam</strong></span> <span class='ocrx_word' id='word_1_99' title='bbox 527 1034 682 1099; x_wconf 76' lang='lat' dir='ltr'><strong>injungendo,</strong></span> <span class='ocrx_word' id='word_1_100' title='bbox 697 1036 812 1099; x_wconf 86' lang='lat' dir='ltr'><strong>quamvis</strong></span> <span class='ocrx_word' id='word_1_101' title='bbox 827 1035 920 1101; x_wconf 84' lang='lat' dir='ltr'><strong>suspirio</strong></span> 
     </span>
     <span class='ocr_line' id='line_1_14' title="bbox 115 1106 920 1171; baseline 0 -15"><span class='ocrx_word' id='word_1_102' title='bbox 115 1106 202 1157; x_wconf 77' lang='lat' dir='ltr'><strong>udatur</strong></span> <span class='ocrx_word' id='word_1_103' title='bbox 211 1107 276 1157; x_wconf 90' lang='lat' dir='ltr'><strong>illum</strong></span> <span class='ocrx_word' id='word_1_104' title='bbox 290 1106 379 1169; x_wconf 81' lang='lat' dir='ltr'><strong>aliquod</strong></span> <span class='ocrx_word' id='word_1_105' title='bbox 389 1119 482 1157; x_wconf 89' lang='lat' dir='ltr'><strong>enorme</strong></span> <span class='ocrx_word' id='word_1_106' title='bbox 495 1110 613 1171; x_wconf 87' lang='lat' dir='ltr'><strong>peccatum</strong></span> <span class='ocrx_word' id='word_1_107' title='bbox 625 1107 782 1158; x_wconf 84' lang='lat' dir='ltr'><strong>commisisse.</strong></span> <span class='ocrx_word' id='word_1_108' title='bbox 798 1108 855 1158; x_wconf 85' lang='lat' dir='ltr'><strong>Non</strong></span> <span class='ocrx_word' id='word_1_109' title='bbox 866 1108 920 1159; x_wconf 89' lang='lat' dir='ltr'><strong>enin</strong></span> 
     </span>
     <span class='ocr_line' id='line_1_15' title="bbox 116 1176 921 1243; baseline 0.005 -18"><span class='ocrx_word' id='word_1_110' title='bbox 116 1178 183 1241; x_wconf 90' lang='lat' dir='ltr'><strong>culpa</strong></span> <span class='ocrx_word' id='word_1_111' title='bbox 196 1192 237 1243; x_wconf 91' lang='lat' dir='ltr'><strong>pro</strong></span> <span class='ocrx_word' id='word_1_112' title='bbox 251 1182 312 1229; x_wconf 90' lang='lat' dir='ltr'><strong>certo</strong></span> <span class='ocrx_word' id='word_1_113' title='bbox 324 1178 397 1227; x_wconf 89' lang='lat' dir='ltr'><strong>scitur</strong></span> <span class='ocrx_word' id='word_1_114' title='bbox 415 1190 444 1227; x_wconf 85' lang='lat' dir='ltr'><strong>cx</strong></span> <span class='ocrx_word' id='word_1_115' title='bbox 456 1190 536 1242; x_wconf 81' lang='lat' dir='ltr'><strong>poena,</strong></span> <span class='ocrx_word' id='word_1_116' title='bbox 552 1176 606 1239; x_wconf 89' lang='lat' dir='ltr'><strong>quia</strong></span> <span class='ocrx_word' id='word_1_117' title='bbox 621 1178 762 1241; x_wconf 79' lang='lat' dir='ltr'><strong>quandoque</strong></span> <span class='ocrx_word' id='word_1_118' title='bbox 776 1178 866 1243; x_wconf 89' lang='lat' dir='ltr'><strong>aliquis</strong></span> <span class='ocrx_word' id='word_1_119' title='bbox 877 1193 921 1242; x_wconf 83' lang='lat' dir='ltr'><strong>pu·</strong></span> 
     </span>
     <span class='ocr_line' id='line_1_16' title="bbox 116 1248 922 1315; baseline 0.006 -18"><span class='ocrx_word' id='word_1_120' title='bbox 116 1248 236 1299; x_wconf 73' lang='lat' dir='ltr'><strong>nitentium</strong></span> <span class='ocrx_word' id='word_1_121' title='bbox 251 1261 293 1313; x_wconf 92' lang='lat' dir='ltr'><strong>pro</strong></span> <span class='ocrx_word' id='word_1_122' title='bbox 304 1249 349 1299; x_wconf 89' lang='lat' dir='ltr'><strong>alio</strong></span> <span class='ocrx_word' id='word_1_123' title='bbox 361 1248 416 1300; x_wconf 82' lang='lat' dir='ltr'><strong>facit</strong></span> <span class='ocrx_word' id='word_1_124' title='bbox 426 1263 434 1297; x_wconf 75' lang='grc' dir='ltr'><strong>ε</strong></span> <span class='ocrx_word' id='word_1_125' title='bbox 443 1248 503 1299; x_wconf 78' lang='lat' dir='ltr'><strong>siem</strong></span> <span class='ocrx_word' id='word_1_126' title='bbox 516 1248 599 1313; x_wconf 77' lang='lat' dir='ltr'><strong>legitur</strong></span> <span class='ocrx_word' id='word_1_127' title='bbox 611 1249 634 1298; x_wconf 90' lang='lat' dir='ltr'><strong>iu</strong></span> <span class='ocrx_word' id='word_1_128' title='bbox 648 1250 705 1299; x_wconf 86' lang='lat' dir='ltr'><strong>uitis</strong></span> <span class='ocrx_word' id='word_1_129' title='bbox 719 1250 822 1300; x_wconf 74' lang='lat' dir='ltr'><strong>ramim</strong></span> <span class='ocrx_word' id='word_1_130' title='bbox 835 1252 922 1315; x_wconf 84' lang='lat' dir='ltr'><strong>dequo</strong></span> 
     </span>
     <span class='ocr_line' id='line_1_17' title="bbox 117 1320 922 1387; baseline 0.002 -18"><span class='ocrx_word' id='word_1_131' title='bbox 117 1321 183 1385; x_wconf 84' lang='lat' dir='ltr'><strong>dam,</strong></span> <span class='ocrx_word' id='word_1_132' title='bbox 196 1320 251 1384; x_wconf 85' lang='lat' dir='ltr'><strong>qni,</strong></span> <span class='ocrx_word' id='word_1_133' title='bbox 266 1325 293 1369; x_wconf 90' lang='lat' dir='ltr'><strong>ut</strong></span> <span class='ocrx_word' id='word_1_134' title='bbox 306 1320 393 1372; x_wconf 90' lang='lat' dir='ltr'><strong>socium</strong></span> <span class='ocrx_word' id='word_1_135' title='bbox 405 1335 472 1372; x_wconf 86' lang='lat' dir='ltr'><strong>snum</strong></span> <span class='ocrx_word' id='word_1_136' title='bbox 485 1322 513 1371; x_wconf 87' lang='lat' dir='ltr'><strong>ud</strong></span> <span class='ocrx_word' id='word_1_137' title='bbox 528 1321 688 1384; x_wconf 87' lang='lat' dir='ltr'><strong>poeuitentiam</strong></span> <span class='ocrx_word' id='word_1_138' title='bbox 702 1326 868 1387; x_wconf 80' lang='lat' dir='ltr'><strong>provocaret,</strong></span> <span class='ocrx_word' id='word_1_139' title='bbox 881 1325 922 1387; x_wconf 83' lang='lat' dir='ltr'><strong>ipse</strong></span> 
     </span>
     <span class='ocr_line' id='line_1_18' title="bbox 117 1392 922 1459; baseline 0.007 -20"><span class='ocrx_word' id='word_1_140' title='bbox 117 1402 170 1441; x_wconf 90' lang='lat' dir='ltr'><strong>cnm</strong></span> <span class='ocrx_word' id='word_1_141' title='bbox 183 1406 212 1443; x_wconf 90' lang='lat' dir='ltr'><strong>eo</strong></span> <span class='ocrx_word' id='word_1_142' title='bbox 227 1393 386 1457; x_wconf 73' lang='lat' dir='ltr'><strong>penitentiam</strong></span> <span class='ocrx_word' id='word_1_143' title='bbox 400 1394 457 1456; x_wconf 82' lang='lat' dir='ltr'><strong>egit.</strong></span> <span class='ocrx_word' id='word_1_144' title='bbox 475 1392 500 1442; x_wconf 88' lang='lat' dir='ltr'><strong>Si</strong></span> <span class='ocrx_word' id='word_1_145' title='bbox 514 1397 590 1443; x_wconf 87' lang='lat' dir='ltr'><strong>antem</strong></span> <span class='ocrx_word' id='word_1_146' title='bbox 604 1398 723 1458; x_wconf 87' lang='lat' dir='ltr'><strong>peccatum</strong></span> <span class='ocrx_word' id='word_1_147' title='bbox 742 1394 777 1445; x_wconf 91' lang='lat' dir='ltr'><strong>sit</strong></span> <span class='ocrx_word' id='word_1_148' title='bbox 791 1396 922 1459; x_wconf 82' lang='lat' dir='ltr'><strong>punlirun,</strong></span> 
     </span>
     <span class='ocr_line' id='line_1_19' title="bbox 117 1461 923 1530; baseline 0.005 -20"><span class='ocrx_word' id='word_1_149' title='bbox 117 1461 167 1527; x_wconf 89' lang='lat' dir='ltr'><strong>ipse</strong></span> <span class='ocrx_word' id='word_1_150' title='bbox 179 1466 295 1529; x_wconf 81' lang='lat' dir='ltr'><strong>poeniteun</strong></span> <span class='ocrx_word' id='word_1_151' title='bbox 309 1464 442 1529; x_wconf 83' lang='lat' dir='ltr'><strong>exequendo</strong></span> <span class='ocrx_word' id='word_1_152' title='bbox 449 1464 615 1530; x_wconf 76' lang='lat' dir='ltr'><strong>perurendam,</strong></span> <span class='ocrx_word' id='word_1_153' title='bbox 627 1463 802 1515; x_wconf 79' lang='lat' dir='ltr'><strong>contessionem</strong></span> <span class='ocrx_word' id='word_1_154' title='bbox 818 1466 835 1516; x_wconf 76' lang='lat' dir='ltr'><strong>a</strong></span> <span class='ocrx_word' id='word_1_155' title='bbox 848 1480 874 1518; x_wconf 88' lang='lat' dir='ltr'><strong>se</strong></span> <span class='ocrx_word' id='word_1_156' title='bbox 886 1466 923 1515; x_wconf 88' lang='lat' dir='ltr'><strong>lar·</strong></span> 
     </span>
     <span class='ocr_line' id='line_1_20' title="bbox 118 1536 316 1587; baseline 0.015 -4"><span class='ocrx_word' id='word_1_157' title='bbox 118 1538 165 1584; x_wconf 88' lang='lat' dir='ltr'><strong>tam</strong></span> <span class='ocrx_word' id='word_1_158' title='bbox 178 1536 316 1587; x_wconf 84' lang='lat' dir='ltr'><strong>manifestat.</strong></span> 
     </span>
    </p>

    <p class='ocr_par' dir='ltr' id='par_1_5' title="bbox 119 1606 923 1885">
     <span class='ocr_line' id='line_1_21' title="bbox 150 1606 923 1673; baseline 0.001 -15"><span class='ocrx_word' id='word_1_159' title='bbox 150 1610 184 1658; x_wconf 76' lang='lat' dir='ltr'><strong>ld</strong></span> <span class='ocrx_word' id='word_1_160' title='bbox 204 1610 328 1659; x_wconf 89' lang='lat' dir='ltr'><strong>secundnm</strong></span> <span class='ocrx_word' id='word_1_161' title='bbox 341 1608 474 1670; x_wconf 90' lang='lat' dir='ltr'><strong>dicendum,</strong></span> <span class='ocrx_word' id='word_1_162' title='bbox 488 1606 547 1672; x_wconf 83' lang='lat' dir='ltr'><strong>quod</strong></span> <span class='ocrx_word' id='word_1_163' title='bbox 569 1606 705 1671; x_wconf 85' lang='lat' dir='ltr'><strong>poeniteutia</strong></span> <span class='ocrx_word' id='word_1_164' title='bbox 719 1606 843 1659; x_wconf 85' lang='lat' dir='ltr'><strong>solemnis</strong></span> <span class='ocrx_word' id='word_1_165' title='bbox 861 1622 923 1673; x_wconf 81' lang='lat' dir='ltr'><strong>qnan-</strong></span> 
     </span>
     <span class='ocr_line' id='line_1_22' title="bbox 120 1677 923 1744; baseline 0.005 -16"><span class='ocrx_word' id='word_1_166' title='bbox 120 1681 169 1728; x_wconf 83' lang='lat' dir='ltr'><strong>tum</strong></span> <span class='ocrx_word' id='word_1_167' title='bbox 191 1682 219 1730; x_wconf 89' lang='lat' dir='ltr'><strong>ad</strong></span> <span class='ocrx_word' id='word_1_168' title='bbox 238 1679 403 1744; x_wconf 82' lang='lat' dir='ltr'><strong>injunctionem</strong></span> <span class='ocrx_word' id='word_1_169' title='bbox 420 1691 466 1729; x_wconf 90' lang='lat' dir='ltr'><strong>non</strong></span> <span class='ocrx_word' id='word_1_170' title='bbox 485 1678 532 1727; x_wconf 87' lang='lat' dir='ltr'><strong>erit</strong></span> <span class='ocrx_word' id='word_1_171' title='bbox 550 1677 623 1727; x_wconf 86' lang='lat' dir='ltr'><strong>forum</strong></span> <span class='ocrx_word' id='word_1_172' title='bbox 643 1677 778 1742; x_wconf 84' lang='lat' dir='ltr'><strong>occultum,</strong></span> <span class='ocrx_word' id='word_1_173' title='bbox 796 1679 859 1743; x_wconf 79' lang='lat' dir='ltr'><strong>qnia</strong></span> <span class='ocrx_word' id='word_1_174' title='bbox 875 1681 923 1731; x_wconf 79' lang='lat' dir='ltr'><strong>sien</strong></span> 
     </span>
     <span class='ocr_line' id='line_1_23' title="bbox 119 1748 921 1817; baseline -0.002 -16"><span class='ocrx_word' id='word_1_175' title='bbox 119 1752 207 1802; x_wconf 78' lang='lat' dir='ltr'><strong>occulte</strong></span> <span class='ocrx_word' id='word_1_176' title='bbox 220 1752 273 1817; x_wconf 91' lang='lat' dir='ltr'><strong>quis</strong></span> <span class='ocrx_word' id='word_1_177' title='bbox 284 1752 412 1813; x_wconf 83' lang='lat' dir='ltr'><strong>confitetur,</strong></span> <span class='ocrx_word' id='word_1_178' title='bbox 431 1750 463 1800; x_wconf 90' lang='lat' dir='ltr'><strong>ita</strong></span> <span class='ocrx_word' id='word_1_179' title='bbox 479 1748 567 1801; x_wconf 77' lang='lat' dir='ltr'><strong>occulte</strong></span> <span class='ocrx_word' id='word_1_180' title='bbox 582 1749 605 1799; x_wconf 90' lang='lat' dir='ltr'><strong>ei</strong></span> <span class='ocrx_word' id='word_1_181' title='bbox 620 1748 758 1815; x_wconf 78' lang='lat' dir='ltr'><strong>poenitentia</strong></span> <span class='ocrx_word' id='word_1_182' title='bbox 778 1752 921 1817; x_wconf 77' lang='lat' dir='ltr'><strong>injungitur:</strong></span> 
     </span>
     <span class='ocr_line' id='line_1_24' title="bbox 120 1820 923 1885; baseline 0.004 -14"><span class='ocrx_word' id='word_1_183' title='bbox 120 1822 161 1871; x_wconf 89' lang='lat' dir='ltr'><strong>sed</strong></span> <span class='ocrx_word' id='word_1_184' title='bbox 168 1824 274 1875; x_wconf 86' lang='lat' dir='ltr'><strong>executio</strong></span> <span class='ocrx_word' id='word_1_185' title='bbox 281 1823 330 1873; x_wconf 81' lang='lat' dir='ltr'><strong>exit</strong></span> <span class='ocrx_word' id='word_1_186' title='bbox 341 1824 415 1873; x_wconf 83' lang='lat' dir='ltr'><strong>lorum</strong></span> <span class='ocrx_word' id='word_1_187' title='bbox 423 1822 551 1885; x_wconf 81' lang='lat' dir='ltr'><strong>occultum3</strong></span> <span class='ocrx_word' id='word_1_188' title='bbox 561 1825 584 1870; x_wconf 89' lang='lat' dir='ltr'><strong>et</strong></span> <span class='ocrx_word' id='word_1_189' title='bbox 593 1822 635 1870; x_wconf 83' lang='lat' dir='ltr'><strong>lanc</strong></span> <span class='ocrx_word' id='word_1_190' title='bbox 645 1832 692 1870; x_wconf 93' lang='lat' dir='ltr'><strong>nnn</strong></span> <span class='ocrx_word' id='word_1_191' title='bbox 701 1824 739 1871; x_wconf 91' lang='lat' dir='ltr'><strong>est</strong></span> <span class='ocrx_word' id='word_1_192' title='bbox 746 1820 923 1874; x_wconf 81' lang='lat' dir='ltr'><strong>inconveniens·</strong></span> 
     </span>
    </p>

    <p class='ocr_par' dir='ltr' id='par_1_6' title="bbox 121 1890 926 2959">
     <span class='ocr_line' id='line_1_25' title="bbox 151 1890 924 1957; baseline 0.005 -15"><span class='ocrx_word' id='word_1_193' title='bbox 151 1895 186 1943; x_wconf 80' lang='lat' dir='ltr'><strong>Ad</strong></span> <span class='ocrx_word' id='word_1_194' title='bbox 203 1895 296 1944; x_wconf 89' lang='lat' dir='ltr'><strong>tertium</strong></span> <span class='ocrx_word' id='word_1_195' title='bbox 315 1894 453 1954; x_wconf 88' lang='lat' dir='ltr'><strong>dicendum,</strong></span> <span class='ocrx_word' id='word_1_196' title='bbox 467 1890 528 1957; x_wconf 81' lang='lat' dir='ltr'><strong>qnod</strong></span> <span class='ocrx_word' id='word_1_197' title='bbox 541 1891 691 1955; x_wconf 82' lang='lat' dir='ltr'><strong>penitentia,</strong></span> <span class='ocrx_word' id='word_1_198' title='bbox 707 1893 823 1954; x_wconf 83' lang='lat' dir='ltr'><strong>quamvis</strong></span> <span class='ocrx_word' id='word_1_199' title='bbox 840 1902 924 1946; x_wconf 69' lang='lat' dir='ltr'><strong>rennos</strong></span> 
     </span>
     <span class='ocr_line' id='line_1_26' title="bbox 123 1962 925 2029; baseline 0.006 -16"><span class='ocrx_word' id='word_1_200' title='bbox 123 1975 204 2015; x_wconf 88' lang='lat' dir='ltr'><strong>omnes</strong></span> <span class='ocrx_word' id='word_1_201' title='bbox 215 1964 320 2015; x_wconf 84' lang='lat' dir='ltr'><strong>delectus</strong></span> <span class='ocrx_word' id='word_1_202' title='bbox 333 1964 472 2015; x_wconf 88' lang='lat' dir='ltr'><strong>restituendo</strong></span> <span class='ocrx_word' id='word_1_203' title='bbox 483 1964 508 2013; x_wconf 91' lang='lat' dir='ltr'><strong>in</strong></span> <span class='ocrx_word' id='word_1_204' title='bbox 525 1963 643 2029; x_wconf 86' lang='lat' dir='ltr'><strong>pristinam</strong></span> <span class='ocrx_word' id='word_1_205' title='bbox 657 1962 770 2027; x_wconf 76' lang='lat' dir='ltr'><strong>gratiam,</strong></span> <span class='ocrx_word' id='word_1_206' title='bbox 789 1980 840 2017; x_wconf 90' lang='lat' dir='ltr'><strong>non</strong></span> <span class='ocrx_word' id='word_1_207' title='bbox 858 1971 925 2017; x_wconf 75' lang='lat' dir='ltr'><strong>cnei</strong></span> 
     </span>
     <span class='ocr_line' id='line_1_27' title="bbox 121 2034 924 2100; baseline 0.005 -17"><span class='ocrx_word' id='word_1_208' title='bbox 121 2045 212 2099; x_wconf 80' lang='lat' dir='ltr'><strong>semper</strong></span> <span class='ocrx_word' id='word_1_209' title='bbox 224 2036 326 2085; x_wconf 87' lang='lat' dir='ltr'><strong>restituit</strong></span> <span class='ocrx_word' id='word_1_210' title='bbox 337 2036 362 2085; x_wconf 88' lang='lat' dir='ltr'><strong>iu</strong></span> <span class='ocrx_word' id='word_1_211' title='bbox 379 2036 501 2100; x_wconf 85' lang='lat' dir='ltr'><strong>pristinam</strong></span> <span class='ocrx_word' id='word_1_212' title='bbox 518 2034 669 2099; x_wconf 66' lang='lat' dir='ltr'><strong>dignitatem</strong></span> <span class='ocrx_word' id='word_1_213' title='bbox 683 2038 707 2086; x_wconf 90' lang='lat' dir='ltr'><strong>et</strong></span> <span class='ocrx_word' id='word_1_214' title='bbox 721 2035 777 2086; x_wconf 89' lang='lat' dir='ltr'><strong>ideo</strong></span> <span class='ocrx_word' id='word_1_215' title='bbox 791 2039 868 2089; x_wconf 86' lang='lat' dir='ltr'><strong>ctiam</strong></span> <span class='ocrx_word' id='word_1_216' title='bbox 881 2052 924 2087; x_wconf 84' lang='lat' dir='ltr'><strong>nan-</strong></span> 
     </span>
     <span class='ocr_line' id='line_1_28' title="bbox 121 2105 924 2173; baseline 0.01 -20"><span class='ocrx_word' id='word_1_217' title='bbox 121 2105 188 2155; x_wconf 89' lang='lat' dir='ltr'><strong>lieres</strong></span> <span class='ocrx_word' id='word_1_218' title='bbox 205 2112 257 2171; x_wconf 88' lang='lat' dir='ltr'><strong>post</strong></span> <span class='ocrx_word' id='word_1_219' title='bbox 269 2112 384 2171; x_wconf 88' lang='lat' dir='ltr'><strong>peractam</strong></span> <span class='ocrx_word' id='word_1_220' title='bbox 397 2109 556 2173; x_wconf 76' lang='lat' dir='ltr'><strong>poenitentiam</strong></span> <span class='ocrx_word' id='word_1_221' title='bbox 570 2106 597 2157; x_wconf 91' lang='lat' dir='ltr'><strong>de</strong></span> <span class='ocrx_word' id='word_1_222' title='bbox 612 2106 777 2169; x_wconf 77' lang='lat' dir='ltr'><strong>fornicatione,</strong></span> <span class='ocrx_word' id='word_1_223' title='bbox 789 2122 841 2161; x_wconf 90' lang='lat' dir='ltr'><strong>nou</strong></span> <span class='ocrx_word' id='word_1_224' title='bbox 854 2108 924 2161; x_wconf 79' lang='lat' dir='ltr'><strong>relrn</strong></span> 
     </span>
     <span class='ocr_line' id='line_1_29' title="bbox 121 2177 925 2244; baseline 0.007 -20"><span class='ocrx_word' id='word_1_225' title='bbox 121 2180 168 2234; x_wconf 79' lang='lat' dir='ltr'><strong>erar,</strong></span> <span class='ocrx_word' id='word_1_226' title='bbox 186 2177 239 2241; x_wconf 88' lang='lat' dir='ltr'><strong>qnia</strong></span> <span class='ocrx_word' id='word_1_227' title='bbox 252 2178 385 2243; x_wconf 80' lang='lat' dir='ltr'><strong>dignitatem</strong></span> <span class='ocrx_word' id='word_1_228' title='bbox 398 2179 536 2244; x_wconf 79' lang='lat' dir='ltr'><strong>uirginitatis</strong></span> <span class='ocrx_word' id='word_1_229' title='bbox 547 2190 594 2229; x_wconf 89' lang='lat' dir='ltr'><strong>non</strong></span> <span class='ocrx_word' id='word_1_230' title='bbox 610 2182 756 2242; x_wconf 85' lang='lat' dir='ltr'><strong>recuperant.</strong></span> <span class='ocrx_word' id='word_1_231' title='bbox 777 2180 812 2229; x_wconf 85' lang='lat' dir='ltr'><strong>El</strong></span> <span class='ocrx_word' id='word_1_232' title='bbox 824 2180 925 2231; x_wconf 85' lang='lat' dir='ltr'><strong>simililer</strong></span> 
     </span>
     <span class='ocr_line' id='line_1_30' title="bbox 121 2248 926 2317; baseline 0.011 -21"><span class='ocrx_word' id='word_1_233' title='bbox 121 2252 173 2311; x_wconf 88' lang='lat' dir='ltr'><strong>post</strong></span> <span class='ocrx_word' id='word_1_234' title='bbox 182 2248 298 2311; x_wconf 85' lang='lat' dir='ltr'><strong>publicam</strong></span> <span class='ocrx_word' id='word_1_235' title='bbox 311 2251 470 2315; x_wconf 69' lang='lat' dir='ltr'><strong>penitentiam</strong></span> <span class='ocrx_word' id='word_1_236' title='bbox 483 2255 589 2315; x_wconf 87' lang='lat' dir='ltr'><strong>peccator</strong></span> <span class='ocrx_word' id='word_1_237' title='bbox 600 2262 644 2301; x_wconf 92' lang='lat' dir='ltr'><strong>uon</strong></span> <span class='ocrx_word' id='word_1_238' title='bbox 657 2250 716 2300; x_wconf 90' lang='lat' dir='ltr'><strong>redit</strong></span> <span class='ocrx_word' id='word_1_239' title='bbox 729 2250 757 2301; x_wconf 87' lang='lat' dir='ltr'><strong>ad</strong></span> <span class='ocrx_word' id='word_1_240' title='bbox 772 2254 840 2303; x_wconf 84' lang='lat' dir='ltr'><strong>hanc</strong></span> <span class='ocrx_word' id='word_1_241' title='bbox 858 2253 926 2317; x_wconf 83' lang='lat' dir='ltr'><strong>digni·</strong></span> 
     </span>
     <span class='ocr_line' id='line_1_31' title="bbox 123 2321 924 2387; baseline 0.006 -18"><span class='ocrx_word' id='word_1_242' title='bbox 123 2323 202 2381; x_wconf 78' lang='lat' dir='ltr'><strong>tatem</strong></span> <span class='ocrx_word' id='word_1_243' title='bbox 213 2325 240 2370; x_wconf 89' lang='lat' dir='ltr'><strong>ut</strong></span> <span class='ocrx_word' id='word_1_244' title='bbox 248 2324 322 2387; x_wconf 89' lang='lat' dir='ltr'><strong>possit</strong></span> <span class='ocrx_word' id='word_1_245' title='bbox 334 2325 364 2374; x_wconf 90' lang='lat' dir='ltr'><strong>ad</strong></span> <span class='ocrx_word' id='word_1_246' title='bbox 376 2324 507 2375; x_wconf 89' lang='lat' dir='ltr'><strong>clericatum</strong></span> <span class='ocrx_word' id='word_1_247' title='bbox 517 2322 614 2385; x_wconf 87' lang='lat' dir='ltr'><strong>assumi;</strong></span> <span class='ocrx_word' id='word_1_248' title='bbox 628 2326 651 2371; x_wconf 91' lang='lat' dir='ltr'><strong>et</strong></span> <span class='ocrx_word' id='word_1_249' title='bbox 663 2321 796 2387; x_wconf 82' lang='lat' dir='ltr'><strong>Episcopus</strong></span> <span class='ocrx_word' id='word_1_250' title='bbox 811 2325 885 2375; x_wconf 86' lang='lat' dir='ltr'><strong>talem</strong></span> <span class='ocrx_word' id='word_1_251' title='bbox 894 2339 924 2375; x_wconf 90' lang='lat' dir='ltr'><strong>or-</strong></span> 
     </span>
     <span class='ocr_line' id='line_1_32' title="bbox 122 2390 925 2459; baseline 0.006 -19"><span class='ocrx_word' id='word_1_252' title='bbox 122 2390 217 2454; x_wconf 91' lang='lat' dir='ltr'><strong>dinans,</strong></span> <span class='ocrx_word' id='word_1_253' title='bbox 227 2396 340 2455; x_wconf 84' lang='lat' dir='ltr'><strong>potestate</strong></span> <span class='ocrx_word' id='word_1_254' title='bbox 354 2394 473 2445; x_wconf 86' lang='lat' dir='ltr'><strong>ordinandi</strong></span> <span class='ocrx_word' id='word_1_255' title='bbox 484 2392 569 2459; x_wconf 84' lang='lat' dir='ltr'><strong>privari</strong></span> <span class='ocrx_word' id='word_1_256' title='bbox 578 2392 657 2453; x_wconf 88' lang='lat' dir='ltr'><strong>debet,</strong></span> <span class='ocrx_word' id='word_1_257' title='bbox 669 2392 713 2442; x_wconf 91' lang='lat' dir='ltr'><strong>uisi</strong></span> <span class='ocrx_word' id='word_1_258' title='bbox 725 2392 787 2445; x_wconf 81' lang='lat' dir='ltr'><strong>torae</strong></span> <span class='ocrx_word' id='word_1_259' title='bbox 802 2398 925 2448; x_wconf 84' lang='lat' dir='ltr'><strong>necessitas</strong></span> 
     </span>
     <span class='ocr_line' id='line_1_33' title="bbox 122 2462 924 2532; baseline 0.01 -21"><span class='ocrx_word' id='word_1_260' title='bbox 122 2462 229 2514; x_wconf 76' lang='lat' dir='ltr'><strong>Ecclesia</strong></span> <span class='ocrx_word' id='word_1_261' title='bbox 241 2462 266 2514; x_wconf 88' lang='lat' dir='ltr'><strong>id</strong></span> <span class='ocrx_word' id='word_1_262' title='bbox 279 2472 401 2530; x_wconf 85' lang='lat' dir='ltr'><strong>exposcat,</strong></span> <span class='ocrx_word' id='word_1_263' title='bbox 414 2471 453 2517; x_wconf 87' lang='lat' dir='ltr'><strong>aut</strong></span> <span class='ocrx_word' id='word_1_264' title='bbox 467 2465 607 2518; x_wconf 88' lang='lat' dir='ltr'><strong>consuetudo</strong></span> <span class='ocrx_word' id='word_1_265' title='bbox 625 2478 632 2513; x_wconf 72' lang='grc' dir='ltr'>ι</span> <span class='ocrx_word' id='word_1_266' title='bbox 647 2468 702 2514; x_wconf 88' lang='lat' dir='ltr'><strong>tuuc</strong></span> <span class='ocrx_word' id='word_1_267' title='bbox 717 2464 783 2515; x_wconf 88' lang='lat' dir='ltr'><strong>enim</strong></span> <span class='ocrx_word' id='word_1_268' title='bbox 801 2466 924 2532; x_wconf 69' lang='lat' dir='ltr'><strong>dispensa</strong></span> 
     </span>
     <span class='ocr_line' id='line_1_34' title="bbox 123 2535 925 2601; baseline 0.01 -17"><span class='ocrx_word' id='word_1_269' title='bbox 123 2535 171 2586; x_wconf 80' lang='lat' dir='ltr'><strong>tird</strong></span> <span class='ocrx_word' id='word_1_270' title='bbox 185 2536 293 2601; x_wconf 86' lang='lat' dir='ltr'><strong>recipitur</strong></span> <span class='ocrx_word' id='word_1_271' title='bbox 303 2539 332 2588; x_wconf 89' lang='lat' dir='ltr'><strong>ad</strong></span> <span class='ocrx_word' id='word_1_272' title='bbox 347 2538 447 2589; x_wconf 87' lang='lat' dir='ltr'><strong>minores</strong></span> <span class='ocrx_word' id='word_1_273' title='bbox 458 2538 559 2601; x_wconf 77' lang='lat' dir='ltr'><strong>ordines,</strong></span> <span class='ocrx_word' id='word_1_274' title='bbox 572 2550 618 2588; x_wconf 93' lang='lat' dir='ltr'><strong>non</strong></span> <span class='ocrx_word' id='word_1_275' title='bbox 632 2540 708 2587; x_wconf 90' lang='lat' dir='ltr'><strong>antem</strong></span> <span class='ocrx_word' id='word_1_276' title='bbox 724 2538 754 2587; x_wconf 92' lang='lat' dir='ltr'><strong>ad</strong></span> <span class='ocrx_word' id='word_1_277' title='bbox 768 2550 852 2591; x_wconf 87' lang='lat' dir='ltr'><strong>sacros</strong></span> <span class='ocrx_word' id='word_1_278' title='bbox 866 2542 925 2591; x_wconf 86' lang='lat' dir='ltr'><strong>ord-</strong></span> 
     </span>
     <span class='ocr_line' id='line_1_35' title="bbox 124 2606 922 2673; baseline 0.009 -17"><span class='ocrx_word' id='word_1_279' title='bbox 124 2620 182 2657; x_wconf 87' lang='lat' dir='ltr'><strong>nes:</strong></span> <span class='ocrx_word' id='word_1_280' title='bbox 196 2608 284 2672; x_wconf 88' lang='lat' dir='ltr'><strong>primd,</strong></span> <span class='ocrx_word' id='word_1_281' title='bbox 301 2612 393 2673; x_wconf 88' lang='lat' dir='ltr'><strong>propter</strong></span> <span class='ocrx_word' id='word_1_282' title='bbox 408 2610 540 2673; x_wconf 68' lang='lat' dir='ltr'><strong>dignitatem</strong></span> <span class='ocrx_word' id='word_1_283' title='bbox 558 2608 664 2659; x_wconf 85' lang='lat' dir='ltr'><strong>ordinum</strong></span> <span class='ocrx_word' id='word_1_284' title='bbox 682 2606 799 2671; x_wconf 67' lang='lat' dir='ltr'><strong>istorum</strong></span> <span class='ocrx_word' id='word_1_285' title='bbox 816 2612 922 2673; x_wconf 82' lang='lat' dir='ltr'><strong>secundi,</strong></span> 
     </span>
     <span class='ocr_line' id='line_1_36' title="bbox 124 2674 921 2743; baseline 0.005 -14"><span class='ocrx_word' id='word_1_286' title='bbox 124 2682 217 2741; x_wconf 88' lang='lat' dir='ltr'><strong>propter</strong></span> <span class='ocrx_word' id='word_1_287' title='bbox 235 2680 340 2730; x_wconf 89' lang='lat' dir='ltr'><strong>timorem</strong></span> <span class='ocrx_word' id='word_1_288' title='bbox 356 2680 465 2742; x_wconf 78' lang='lat' dir='ltr'><strong>recidiri3</strong></span> <span class='ocrx_word' id='word_1_289' title='bbox 479 2674 562 2743; x_wconf 75' lang='lat' dir='ltr'><strong>tertio,</strong></span> <span class='ocrx_word' id='word_1_290' title='bbox 581 2682 673 2743; x_wconf 88' lang='lat' dir='ltr'><strong>propter</strong></span> <span class='ocrx_word' id='word_1_291' title='bbox 691 2675 829 2731; x_wconf 87' lang='lat' dir='ltr'><strong>scandalum</strong></span> <span class='ocrx_word' id='word_1_292' title='bbox 852 2683 921 2733; x_wconf 83' lang='lat' dir='ltr'><strong>ritun-</strong></span> 
     </span>
     <span class='ocr_line' id='line_1_37' title="bbox 125 2749 921 2817; baseline 0.013 -21"><span class='ocrx_word' id='word_1_293' title='bbox 125 2749 196 2808; x_wconf 92' lang='lat' dir='ltr'><strong>dum,</strong></span> <span class='ocrx_word' id='word_1_294' title='bbox 207 2751 267 2813; x_wconf 90' lang='lat' dir='ltr'><strong>quod</strong></span> <span class='ocrx_word' id='word_1_295' title='bbox 280 2754 359 2813; x_wconf 86' lang='lat' dir='ltr'><strong>posset</strong></span> <span class='ocrx_word' id='word_1_296' title='bbox 373 2751 398 2801; x_wconf 90' lang='lat' dir='ltr'><strong>iu</strong></span> <span class='ocrx_word' id='word_1_297' title='bbox 413 2752 498 2817; x_wconf 91' lang='lat' dir='ltr'><strong>populo</strong></span> <span class='ocrx_word' id='word_1_298' title='bbox 514 2752 568 2801; x_wconf 88' lang='lat' dir='ltr'><strong>oriri</strong></span> <span class='ocrx_word' id='word_1_299' title='bbox 581 2764 609 2801; x_wconf 87' lang='lat' dir='ltr'><strong>er</strong></span> <span class='ocrx_word' id='word_1_300' title='bbox 623 2752 731 2802; x_wconf 84' lang='lat' dir='ltr'><strong>memoria</strong></span> <span class='ocrx_word' id='word_1_301' title='bbox 743 2755 921 2815; x_wconf 74' lang='lat' dir='ltr'><strong>precedentium</strong></span> 
     </span>
     <span class='ocr_line' id='line_1_38' title="bbox 125 2822 920 2885; baseline 0.014 -17"><span class='ocrx_word' id='word_1_302' title='bbox 125 2826 284 2885; x_wconf 64' lang='lat' dir='ltr'><strong>peccatorum</strong></span> <span class='ocrx_word' id='word_1_303' title='bbox 298 2822 395 2885; x_wconf 83' lang='lat' dir='ltr'><strong>quarto,</strong></span> <span class='ocrx_word' id='word_1_304' title='bbox 413 2825 528 2885; x_wconf 86' lang='lat' dir='ltr'><strong>quianon</strong></span> <span class='ocrx_word' id='word_1_305' title='bbox 548 2824 641 2875; x_wconf 82' lang='lat' dir='ltr'><strong>haberet</strong></span> <span class='ocrx_word' id='word_1_306' title='bbox 660 2823 760 2875; x_wconf 80' lang='lat' dir='ltr'><strong>frontem</strong></span> <span class='ocrx_word' id='word_1_307' title='bbox 779 2826 839 2880; x_wconf 87' lang='lat' dir='ltr'><strong>alios</strong></span> <span class='ocrx_word' id='word_1_308' title='bbox 857 2832 920 2883; x_wconf 81' lang='lat' dir='ltr'><strong>corri-</strong></span> 
     </span>
     <span class='ocr_line' id='line_1_39' title="bbox 126 2892 685 2959; baseline 0.009 -19"><span class='ocrx_word' id='word_1_309' title='bbox 126 2892 206 2952; x_wconf 74' lang='lat' dir='ltr'><strong>gendi,</strong></span> <span class='ocrx_word' id='word_1_310' title='bbox 220 2892 269 2942; x_wconf 78' lang='lat' dir='ltr'><strong>rium</strong></span> <span class='ocrx_word' id='word_1_311' title='bbox 287 2900 403 2957; x_wconf 87' lang='lat' dir='ltr'><strong>peccatum</strong></span> <span class='ocrx_word' id='word_1_312' title='bbox 419 2895 468 2959; x_wconf 85' lang='lat' dir='ltr'><strong>ejus</strong></span> <span class='ocrx_word' id='word_1_313' title='bbox 482 2895 549 2947; x_wconf 88' lang='lat' dir='ltr'><strong>luerit</strong></span> <span class='ocrx_word' id='word_1_314' title='bbox 560 2896 685 2959; x_wconf 83' lang='lat' dir='ltr'><strong>pullicum.</strong></span> 
     </span>
    </p>
   </div>
   <div class='ocr_carea' id='block_1_3' title="bbox 0 0 995 3284">
    <p class='ocr_par' dir='ltr' id='par_1_7' title="bbox 0 0 995 3284">
     <span class='ocr_line' id='line_1_40' title="bbox 0 0 995 3284; baseline 0 0"><span class='ocrx_word' id='word_1_315' title='bbox 0 0 995 3284; x_wconf 95' lang='lat' dir='ltr'><strong> </strong></span> 
     </span>
    </p>
   </div>
  </div>
 </body>
</html>
