1942 3284
259 241 291 279 nn
308 241 469 280 sscsrrrsrvro
483 242 589 281 oanrurs.
780 236 827 287 ⁸21

11 318 127 388 quasdam
143 318 285 370 consecratio
306 319 394 369 bomini
412 319 549 370 exhibeatur
564 333 606 384 per
622 319 723 372 visibilia
743 322 827 389 signa,

13 395 113 446 constat
124 390 225 444 ordinem
238 403 290 440 esse
302 394 481 440 sacramentnm.

49 464 88 515 Ad
98 464 197 527 primum
211 473 265 524 ergo
277 460 416 525 dicendum,
431 461 492 525 uubd
505 463 610 526 quamvis
623 465 679 515 ordo
690 465 715 514 in
730 479 772 517 sno
785 481 828 520 uo-

13 534 84 586 mine
97 546 145 584 non
158 531 271 598 exprimat
278 531 375 595 ¹aliquod
386 532 503 583 materiale
514 532 653 584 elementum
663 574 670 598 ,
681 538 759 587 mmen
771 538 827 589 ordo

12 619 68 658 non
81 605 198 656 confertur
210 603 260 654 sine
274 603 350 667 aliquo
368 603 481 655 elemento
494 605 614 655 materiati.

50 678 88 728 sd
102 676 228 728 secuudum
239 675 376 737 dicendum,
389 675 450 739 qudd
466 679 592 739 potestates
605 676 771 741 proportionari
784 680 825 731 de·

12 752 78 801 bent
91 747 138 799 illis
151 747 178 796 ad
192 759 243 809 quae
263 749 318 796 suut
335 761 342 796 ε
357 747 533 798 communicatio
547 751 623 798 aomos
636 747 783 811 divinorum,
798 750 825 801 ad

11 833 90 886 quam
105 819 171 868 datur
183 815 306 881 spiritualis
320 819 438 880 potestas,
452 831 500 868 non
513 817 539 867 dt
553 817 577 867 in
592 818 680 882 angelis
693 833 735 883 per
749 821 825 885 ulique

11 889 140 944 sensibilia
151 890 215 952 signa
223 927 230 950 ,
239 887 298 937 sient
306 887 331 938 in
342 888 473 940 bominibus
482 889 595 950 contingit
605 905 613 939 ε
625 893 650 939 et
662 890 714 942 ideo
721 896 826 956 potestas

10 959 159 1026 spiritualis,
172 972 224 1022 que
239 963 274 1010 est
290 961 353 1024 ordo,
365 973 411 1011 uon
426 959 640 1024 adhibeturaugelis
650 963 823 1027 cumaliquibus

11 1031 95 1096 signis
108 1027 244 1094 visibilibus,
255 1031 313 1080 sicut
325 1031 457 1081 bominibus
468 1047 474 1082 ε
485 1035 510 1082 et
518 1031 571 1082 ideo
585 1032 610 1081 in
627 1032 759 1083 bominibus
768 1036 825 1086 ordo

10 1107 53 1155 est
65 1104 248 1163 sacramentnm,
261 1101 302 1151 sod
314 1113 360 1151 non
370 1101 394 1150 in
407 1101 505 1165 augelis.

47 1173 86 1225 Ad
99 1173 193 1224 tertium
207 1173 342 1237 dicendum,
356 1173 417 1238 qubd
431 1185 478 1224 non
491 1172 567 1224 omnis
578 1172 709 1224 benedictio
719 1188 770 1238 que
783 1176 827 1226 bo

11 1244 123 1298 minibus
137 1243 266 1302 adhibetur,
278 1243 315 1294 vel
325 1245 483 1306 consecratio,
495 1248 532 1296 est
544 1248 723 1307 sacramentnm,
738 1245 791 1308 quia
800 1249 825 1298 et

12 1314 128 1370 monachi
138 1318 162 1364 et
170 1315 264 1365 abbatos
270 1315 444 1377 benedicuntur,
455 1319 532 1366 tamen
541 1316 587 1366 illae
599 1316 769 1368 benedictiones
778 1331 826 1369 nou

12 1391 75 1440 suut
88 1391 228 1436 sacramenta
244 1402 250 1435 ε
266 1390 290 1436 et
306 1386 413 1438 similiter
430 1401 473 1439 nec
485 1387 571 1450 regalis
584 1388 702 1449 inunctio;
716 1388 770 1452 quia
783 1401 826 1454 per

12 1458 152 1524 hujusmodi
163 1457 333 1510 benedictiones
341 1471 388 1510 non
400 1458 533 1510 ordinantur
546 1459 617 1522 aliqui
631 1459 659 1509 ad
670 1460 822 1523 dispensatio-

13 1543 74 1584 nem
88 1529 217 1581 diviuorum
232 1535 435 1592 sacramentorum,
450 1529 511 1582 sicut
521 1543 562 1595 per
577 1530 750 1583 benedictiones
764 1532 824 1582 ordi·

13 1602 63 1654 nis.
81 1601 111 1651 Et
124 1600 176 1652 ideo
188 1613 235 1651 non
251 1605 287 1652 eet
299 1600 381 1652 simile.

306 1778 470 1832 sustentus
490 1779 530 1830 IV.

16 1905 111 1955 verbm
126 1904 209 1960 sermo
226 1904 300 1960 buius
316 1904 462 1949 sacramenti
477 1904 644 1948 convenienter
661 1903 822 1960 exprimatur.

46 2032 86 2083 lid
105 2033 211 2094 quartum
227 2029 260 2079 sic
270 2029 409 2094 proceditur.
427 2029 521 2081 videtur
534 2029 596 2094 qood
609 2029 682 2080 lorma
696 2029 766 2095 bujus
785 2043 825 2081 sa·

14 2100 133 2156 crementi
152 2101 340 2152 inconvenienter
360 2101 384 2150 irr
403 2101 479 2152 littera
497 2101 638 2165 ennumatur
655 2101 729 2164 :quia
748 2113 824 2152 sacra·

14 2177 97 2228 menta
108 2173 235 2223 efficaciam
243 2173 330 2224 babent
337 2185 365 2223 er
372 2174 452 2224 torma.
464 2175 508 2224 Sed
518 2172 620 2224 eltlcacia
628 2176 824 2224 sacramentorum

15 2253 52 2299 est
67 2259 98 2297 ex
112 2245 196 2294 virtute
209 2243 306 2306 diviua,
319 2258 370 2308 qua
383 2245 407 2295 in
422 2244 456 2295 eis
469 2243 582 2295 secretiirs
596 2247 704 2307 operatur
714 2244 821 2295 salutem.

15 2321 80 2381 llrgo
91 2315 115 2366 in
133 2315 205 2365 torma
218 2316 288 2378 bujus
301 2315 439 2366 sacramenti
454 2316 523 2366 debet
533 2315 584 2365 lieri
595 2315 682 2365 mentio
696 2304 724 2365 dc
734 2315 820 2366 vimute

16 2389 99 2442 divine
112 2400 153 2451 per
163 2386 333 2436 invocationem
347 2386 481 2450 Trinitatis,
494 2386 555 2438 siout
567 2386 591 2435 iu
601 2385 651 2435 aliis
665 2387 822 2436 sacramentis.

17 2479 21 2488 ·
49 2464 77 2510 2.
92 2460 219 2519 Preterea,
231 2457 344 2521 imperare
355 2463 390 2508 est
402 2459 454 2522 ejus
466 2457 507 2521 qui
519 2457 589 2508 babet
602 2458 768 2508 auctoritatem.
779 2458 823 2508 Sed

15 2529 146 2583 auctoritas
164 2542 210 2580 uon
223 2530 309 2580 residet
319 2543 391 2594 penes
407 2543 459 2581 eum
475 2529 516 2593 qui
529 2530 672 2579 sacramenta
692 2529 822 2592 dispensat,

15 2603 59 2656 sed
78 2601 230 2652 ministerium
251 2601 350 2652 tautbm.
370 2603 431 2666 Ergo
453 2612 500 2652 nou
525 2602 617 2651 deberet
634 2599 669 2649 uti
688 2597 823 2664 imperativo

16 2673 98 2732 modo,
111 2676 137 2722 ut
149 2672 245 2736 diceret,
255 2674 342 2737 Aqite,
354 2673 391 2724 vel
402 2674 509 2735 occipite
522 2674 565 2722 troc
579 2674 627 2721 out
637 2669 720 2726 illud,
730 2670 769 2720 vel
781 2669 823 2720 ali·

16 2745 76 2809 quid
90 2743 151 2793 aliud
165 2743 306 2807 hujusmodi.

51 2820 78 2864 3.
92 2816 221 2879 erotema,
236 2815 261 2865 in
274 2815 348 2866 lorma
367 2815 506 2866 sacramenti
527 2829 573 2866 non
590 2813 658 2865 debet
676 2811 725 2863 beri
738 2811 825 2863 mentio

17 2887 66 2937 uisi
84 2885 113 2935 de
126 2883 231 2950 illisque
243 2891 297 2937 sunt
311 2887 339 2937 de
349 2888 450 2939 essentia
464 2888 611 2938 sacramenti.
625 2885 671 2935 Sed
680 2897 736 2935 usus
748 2887 828 2948 potes·

17 2958 76 3009 tatis
90 2959 189 3020 accepte
206 2969 252 3009 non
267 2962 303 3010 est
316 2958 345 3009 de
358 2960 457 3012 essentia
471 2960 542 3020 butus
556 2955 706 3020 sacramenti,
717 2957 758 3008 sed
767 2967 825 3008 con·
