1942 3284
70 126 135 164 m!
164 125 301 168 ΙΟΒΟ
331 124 429 168 Quo
459 123 693 163 curatus
721 125 810 163 88⁰1·
844 126 893 162 11«
924 126 1022 165 HOC
1053 125 1263 166 tumn.
1375 120 1465 166 ΙΙΙΙΙἿ

0 207 85 255 rtur
105 204 162 254 ad
187 203 336 254 locum
367 202 495 253 illum
522 202 751 254 mediante
770 202 1052 267 substantia3
1075 205 1193 267 quod
1224 208 1295 256 est
1314 213 1465 257 contr-a

0 290 84 330 lam
111 276 315 340 corporis
343 275 499 326 locati.
520 276 650 327 Unde
677 275 802 326 nullo
828 275 961 326 modo
992 288 1155 341 corpus
1192 277 1364 329 Christi
1401 289 1473 329 eet

0 364 28 400 c
52 351 337 420 sacramento
361 348 582 398 localiter.

0 465 1 469 ,
39 419 235 484 primum
272 431 379 482 ergo
414 420 683 479 dicendum,
712 418 833 482 quod
862 432 1026 484 corpus
1059 420 1223 471 Christi
1268 433 1362 471 non
1401 429 1469 473 est.

0 507 21 542 e
47 493 331 542 sacramento
358 489 606 553 definitive,
631 490 736 554 quia
762 490 829 541 sic
853 504 947 541 non
966 493 1092 541 esset
1118 491 1223 541 alibi
1251 492 1389 555 quom
1421 493 1465 541 in

0 563 114 614 illari
148 562 228 614 ubi
256 560 491 613 conficitur
511 563 599 613 hoc
625 565 982 625 sacramentum
1005 562 1106 612 cum
1128 566 1281 615 tamen
1311 563 1401 627 sit,
1425 573 1473 613 et,

0 636 83 697 ilo,
118 635 170 685 in
200 634 383 698 propria
422 633 575 698 specie
594 668 607 695 ,
635 637 684 686 et
718 633 959 683 in-multis
987 632 1089 683 aliis
1115 634 1357 697 altaribus,
1388 637 1469 685 suli

0 720 26 758 e
59 706 361 757 sacramenti..
381 704 597 756 Similiter
627 703 763 755 etiam
800 707 926 768 patet
950 704 1070 767 quod
1100 717 1193 756 non
1216 708 1287 756 est
1311 706 1359 756 in
1387 706 1473 757 hor.

4 780 156 829 mento
187 775 602 843 circumscriptive‚
628 775 737 840 quia
766 788 860 827 non
887 779 958 827 est
983 776 1046 827 ibi
1079 777 1326 829 secundum
1350 790 1473 828 com-

0 849 253 900 mationem
270 848 463 914 propriae
486 848 775 913 quantitatiS,
795 852 847 898 ut
868 847 1038 898 dictum
1059 852 1149 899 est.
1168 848 1298 907 Quod
1316 852 1469 899 autem

0 924 64 971 est
94 923 227 971 extra
263 919 545 983 superficiem
585 918 886 979 sacramenti,
913 932 997 970 nec
1029 923 1102 969 est
1142 920 1190 969 in
1232 919 1319 969 alia
1345 925 1473 983 perte

0 994 28 1041 is
42 1030 55 1056 ‚
79 1004 173 1041 non
193 990 390 1054 pertinet
415 991 471 1040 ad
499 992 587 1041 hoc
613 989 732 1054 quod
756 990 817 1041 sit
841 990 904 1040 ibi
927 989 1159 1042 definitive
1181 991 1256 1041 vel
1282 991 1473 1041 eircum-

0 1061 111 1125 tive,
130 1062 212 1112 sed
235 1061 292 1109 ad
311 1063 401 1112 hoc
418 1060 537 1124 quod
564 1060 753 1126 incoepit
770 1060 834 1111 ibi
854 1074 957 1112 esse
983 1074 1067 1125 per
1089 1060 1473 1113 consecrationem

0 1133 291 1185 »aversionem
329 1133 460 1196 panis
486 1136 534 1184 et
559 1133 656 1183 vini
672 1171 686 1194 ‚
714 1137 767 1183 ut
800 1131 938 1197 supra
965 1133 1140 1184 dictum
1165 1134 1236 1183 est
1258 1133 1374 1197 (qu.
1397 1137 1473 1192 ⁶1³5,

0 1210 15 1254 3
38 1209 84 1256 et
113 1208 140 1249 4
157 1205 197 1269 ).

0 1276 277 1329 lsecundum
303 1276 545 1329 dicendum
560 1312 574 1339 ‚
598 1276 718 1341 quod
746 1276 873 1327 loeus
911 1276 991 1327 ille
1017 1277 1067 1327 in
1093 1289 1187 1339 quo
1213 1279 1285 1327 est
1313 1289 1477 1341 corpus„

0 1348 50 1397 sti
73 1360 169 1399 non
188 1350 261 1399 est
276 1361 475 1410 vacuus,
498 1360 646 1411 neque
666 1350 821 1399 tamen
840 1346 1026 1413 proprie
1055 1351 1130 1399 est
1156 1347 1359 1411 repletus
1375 1349 1477 1398 sub=

0 1418 48 1469 ia
66 1419 268 1485 corporis
289 1418 478 1482 Christi,
500 1433 601 1482 quae
623 1432 716 1471 non
746 1422 819 1470 est
840 1419 906 1470 ibi
929 1420 1150 1482 localiter,
1171 1418 1293 1470 sicut
1310 1419 1477 1471 dictum

20 1492 94 1541 sed
131 1493 201 1542 est
226 1493 427 1555 repletus
453 1491 693 1555 speciebus
741 1494 1148 1551 sacramentorum,
1177 1503 1282 1554 quae
1314 1489 1481 1541 hahent

0 1576 52 1613 tre
78 1564 227 1613 locum
247 1600 263 1624 ,
291 1562 366 1613 vel
391 1566 572 1627 propter
597 1566 805 1613 naturam
832 1561 1200 1623 dimensionum,
1224 1560 1299 1611 vel
1321 1559 1478 1610 sall-em

0 1632 149 1685 culose
168 1671 182 1697 ,
212 1632 332 1683 sicut
357 1639 403 1685 et
438 1633 706 1685 miraculose
753 1633 1009 1685 subsistunt
1041 1646 1124 1696 per
1162 1632 1345 1683 modum
1374 1633 1481 1683 euh-

0 1704 79 1757 tiae.

0 1777 20 1826 d
44 1777 228 1829 tertium
249 1777 508 1839 dicendum,
527 1777 652 1841 quod
681 1776 930 1829 accidentia
954 1774 1160 1841 corporis
1188 1772 1360 1825 Christi
1380 1785 1485 1825 sunt.

0 1862 59 1900 loc
86 1853 371 1902 sacramento
390 1888 404 1912 ,
432 1850 552 1901 sicut
581 1849 719 1915 supro
742 1850 914 1900 dictum
940 1852 1011 1898 est
1044 1850 1162 1909 (art.
1199 1849 1224 1895 t
1248 1845 1290 1909 )‚
1320 1858 1481 1896 secun-2

0 1962 1 1967 ,
33 1922 196 1974 realem
224 1920 641 1972 concomitantiam.
658 1922 717 1971 Et
750 1921 854 1972 ideo
887 1920 962 1970 illa
995 1918 1244 1969 accidentia
1288 1922 1489 1981 corpmuif:n

0 1993 57 2041 ,sti
93 1996 201 2042 sunt
241 1992 291 2041 in
328 1994 417 2042 hoc
452 1997 733 2044 sacramento
760 2006 861 2056 quae
889 1995 997 2041 sunt
1025 1990 1069 2041 ei
1093 1989 1355 2040 intrinseca.
1378 1989 1485 2037 Essa

0 2064 103 2113 min
122 2064 242 2126 loco,
265 2065 338 2114 est
361 2064 573 2115 accidens
594 2078 676 2129 per
694 2063 1080 2127 comparationem
1109 2061 1167 2110 ad
1183 2059 1481 2111 extrinsecum

0 2135 149 2186 inens,
182 2137 239 2185 Et
281 2136 385 2186 ideo
417 2148 510 2186 uon
536 2140 717 2202 oportet
742 2136 861 2201 quod
897 2134 1111 2185 Christus
1139 2132 1271 2183 sitin
1298 2132 1388 2183 hoc
1421 2145 1489 2181 5:12

0 2209 115 2257 iento
138 2205 258 2258 sicut
278 2206 329 2257 in
359 2205 479 2259 loco.
