1942 3284
156 218 187 265 to
342 227 401 264 rans
416 198 456 277 ru,
473 227 564 271 opusc.
581 227 625 272 nx,
640 224 694 264 nur.
715 226 758 265 vm.

156 304 287 365 verhomm,
302 303 342 366 qui
356 303 400 353 tide
421 305 517 353 tenetur.
533 304 560 352 m
576 302 721 369 triconidem
743 316 824 354 sensus
840 306 875 354 est
889 302 947 354 idem

156 377 216 439 opud
229 387 321 434 omnes,
336 374 389 424 licet
398 387 444 424 nou
458 376 544 425 eedem
558 386 625 425 voees
638 375 683 426 sint
697 374 805 439 quantum
816 376 844 425 ad
860 388 947 426 sonum.

156 448 186 496 Et
202 447 253 496 ideo
271 446 430 510 cujuscumque
451 446 533 510 lingua
549 446 625 497 uerbis
645 448 771 511 proteratur
784 446 836 497 tatis
855 460 948 507 seusus,

155 517 270 582 perticitur
280 522 455 568 sacramentum.

188 590 221 639 nu
235 590 357 639 secundum
369 589 500 650 dicendum,
518 588 586 654 quod,
599 588 651 640 lieet
662 590 686 639 iu
697 589 796 652 qualibet
812 589 890 653 lingna
900 603 949 640 con·

156 660 230 723 tingat
241 660 338 711 diuersis
353 662 446 711 uocibus
459 660 521 711 idem
538 661 672 723 significari,
684 675 772 725 semper
785 664 862 712 tamen
876 662 948 725 aliqua

156 732 244 782 iliarum
262 745 342 782 vocum
363 737 398 782 est
418 746 463 795 qua
479 730 627 797 principalius
644 736 667 784 et
684 732 825 783 communiis
846 733 949 783 homines

154 802 216 852 iltius
227 803 309 867 linguae
320 806 411 853 utuntur
421 806 449 854 aui
461 806 505 855 hoc
521 804 706 868 significandum,
719 813 742 855 et
749 804 802 855 talis
812 818 855 855 uox
865 805 950 855 assumi

156 876 224 926 debet
235 875 259 924 in
274 874 457 938 significationem
470 877 613 927 sacramenti.
630 876 693 927 Sicut
706 878 766 928 euim
777 877 836 927 iuter
846 891 884 929 res
900 891 949 927 seu-

157 946 234 997 sibiles
243 947 281 997 ilia
290 947 410 997 assumitur
423 948 451 997 ad
460 947 648 1011 significationem
660 949 809 1009 sacramenti,
823 949 891 1013 cujus
899 963 950 1000 usus

156 1021 191 1068 est
204 1019 344 1069 communior
358 1020 475 1084 adactum
486 1034 527 1083 per
540 1032 607 1084 quem
621 1020 756 1071 sacramenti
768 1020 865 1071 eftectus
877 1022 949 1085 sigui-

156 1089 235 1140 ficatur
241 1105 249 1153 3
261 1091 320 1140 sieut
328 1089 387 1155 aqut
400 1090 541 1141 communiis
555 1095 651 1141 utuntur
660 1092 763 1143 homiues
775 1094 802 1143 ad
813 1093 949 1145 ablutionem

156 1161 303 1225 corporalem,
317 1174 436 1226 perquam
450 1162 575 1226 spiritualis
586 1163 673 1213 ablutio
691 1162 848 1227 significatum
865 1170 889 1215 et
903 1166 951 1215 ideo

156 1246 215 1296 aqua
228 1234 348 1284 assumitur
358 1238 383 1283 ut
399 1235 491 1285 matoria
505 1236 529 1284 in
539 1235 660 1298 baptismo.

187 1307 322 1357 intertium
341 1307 479 1369 dicendum,
489 1306 548 1371 quod
562 1308 600 1357 ille
611 1307 650 1371 qui
661 1306 766 1370 corrupte
781 1306 868 1371 profert
885 1310 950 1360 verba

156 1378 337 1446 sacramentaiia,
350 1378 371 1427 si
382 1380 464 1429 horrea
473 1378 586 1429 industria
599 1379 667 1441 iacit,
679 1392 724 1429 uon
734 1378 823 1429 uidetur
833 1379 951 1432 intendere

155 1450 230 1499 facere
245 1449 305 1511 quod
323 1448 377 1499 iacit
395 1449 511 1513 Ecclesia3
529 1449 598 1500 etita
615 1464 661 1501 nou
673 1450 763 1501 uidetur
778 1450 859 1513 pertici
878 1466 950 1503 sacra-

156 1524 265 1571 mentum.
282 1520 307 1571 Si
324 1524 397 1571 autem
412 1522 456 1571 hoc
473 1521 542 1571 iaciat
556 1536 583 1573 ex
596 1535 669 1573 errore
686 1522 723 1572 uei
737 1522 801 1585 lapsu
817 1521 903 1586 liuguae
911 1562 920 1588 ,
932 1524 951 1574 si

156 1592 187 1642 sit
199 1596 262 1641 turta
278 1592 405 1656 corruptio,
419 1606 470 1656 quac
486 1592 579 1645 omniuo
603 1594 690 1644 auferat
704 1606 797 1643 sensum
813 1593 951 1657 locutionis,

155 1677 201 1714 non
219 1663 308 1714 uidetur
326 1665 405 1729 pertici
421 1670 598 1730 sacramentum3
611 1670 634 1717 ot
646 1667 690 1715 hoc
709 1663 819 1729 praecipui
839 1667 952 1731 contingit

156 1736 245 1799 quando
259 1736 284 1785 fit
296 1737 410 1801 corruptio
424 1751 452 1788 ex
465 1740 528 1801 parte
542 1737 647 1801 principii
661 1736 779 1798 dictionis;
794 1737 850 1801 prta
864 1739 886 1789 si
903 1741 951 1791 ioco

156 1808 206 1872 ejus
222 1807 282 1871 quot
294 1812 328 1858 est
347 1825 353 1859 :
370 1810 530 1859 «innomine
546 1809 633 1869 Patris,
654 1826 667 1855 u
689 1808 747 1858 dicat
766 1825 771 1858 :
788 1825 802 1857 «
816 1810 843 1859 ln
859 1812 952 1861 nomine

152 1881 267 1931 'matrisu
286 1880 310 1931 Si
324 1880 378 1930 uero
390 1880 489 1930 totaliter
502 1892 546 1930 non
563 1880 663 1930 autertur
678 1892 759 1931 sensus
771 1880 897 1934 locutionis
912 1896 957 1948 per

155 1952 283 2017 hujusmodi
296 1952 458 2015 corruptelam,
472 1950 619 2001 nihilominus
633 1952 746 2016 perficitur
765 1958 934 2005 sacramentum
943 1950 957 2017 ;t

155 2027 179 2074 et
196 2025 238 2075 hoc
249 2022 362 2087 praecipue
371 2022 496 2086 contingit,
507 2020 595 2085 quando
609 2023 634 2072 m
646 2024 760 2087 corruptio
772 2028 949 2090 expunctum,

156 2096 210 2160 puta
222 2096 242 2146 si
249 2096 330 2159 aliquis
339 2095 414 2145 dicat:
427 2111 441 2142 u
450 2096 475 2143 in
486 2095 578 2145 nomine
591 2095 679 2146 Patrius
691 2100 714 2147 et
722 2096 805 2159 Filias3
818 2112 832 2143 u
841 2101 950 2160 quamvis

155 2167 216 2217 enim
236 2167 366 2231 hujusmodi
383 2167 452 2217 uerba
469 2166 574 2230 corrupti
592 2168 680 2231 prolata
700 2168 757 2217 nihii
772 2166 906 2229 significent
925 2186 954 2223 er

155 2239 240 2289 uirtute
252 2237 413 2302 impositionis,
426 2238 566 2302 accipiuntur
575 2243 649 2291 tamen
663 2243 687 2288 ut
705 2238 857 2303 significantia
871 2254 902 2293 cx
916 2256 954 2294 ac·

156 2309 334 2360 commodatione
351 2309 406 2359 usuis
420 2325 426 2357 ι
441 2313 464 2359 et
474 2309 541 2372 iuteo,
557 2310 610 2361 iicet
623 2313 721 2361 mutetur
735 2322 805 2360 sonus
824 2313 951 2376 sensibilis,

154 2383 256 2431 remanet
268 2385 342 2431 tamen
355 2378 413 2430 idem
426 2393 514 2431 seusus.
531 2381 593 2439 Quod
603 2385 678 2432 autem
692 2382 778 2430 dictum
792 2384 826 2431 est
838 2381 868 2432 de
882 2385 951 2436 ditio·

155 2453 229 2502 rentia
246 2450 396 2515 corruptionis
411 2450 471 2501 circa
483 2452 619 2518 principium
636 2453 672 2503 vel
688 2453 756 2503 tinem
774 2452 898 2518 dictionis,
918 2471 953 2508 ra-

155 2524 240 2574 tionom
252 2523 319 2573 habet
329 2522 395 2587 quia,
404 2524 463 2587 apud
473 2537 529 2588 nos,
542 2524 635 2575 variatio
646 2523 751 2575 dictionis
764 2538 792 2574 ex
807 2529 872 2589 parte
885 2529 950 2592 prin-

155 2596 209 2660 cipii
231 2598 302 2645 mutat
324 2594 529 2660 significationem,
543 2596 637 2647 variatio
661 2599 736 2647 autem
757 2609 786 2647 en
807 2600 873 2660 parte
897 2601 952 2651 finis

155 2666 261 2719 dictionis
276 2667 433 2733 utplurimum
450 2682 496 2719 non
509 2672 581 2719 mutat
595 2668 794 2733 significationem
808 2681 859 2730 quae
870 2675 952 2725 tamen

155 2740 215 2803 apud
228 2739 319 2791 Grecos
327 2740 426 2791 ramur
438 2739 506 2791 etiam
521 2740 644 2792 secundum
656 2740 794 2805 principium
803 2740 911 2795 dictionis
925 2745 950 2796 in

156 2810 342 2863 declinationibus
362 2812 490 2863 vorhomm.
513 2812 583 2875 Magis
603 2818 678 2863 tamur
698 2812 785 2862 uidetur
809 2814 950 2867 attendenda

155 2882 271 2947 quantitas
284 2883 448 2949 corruptionis,
461 2882 514 2946 quia
528 2896 557 2933 ox
570 2886 662 2948 utraque
671 2887 735 2948 parte
748 2886 886 2948 potestesse
900 2891 949 2939 tam

156 2967 238 3019 parva,
249 2954 310 3019 quot
325 2968 371 3006 uon
389 2955 476 3005 auferat
496 2968 587 3007 sonsum
607 2956 739 3019 uerborum,
753 2958 777 3006 et
790 2956 837 3005 tam
852 2968 949 3022 magua,
