1942 3284
173 214 207 253 uu
222 213 386 253 xuaounuuoux
401 214 432 252 aa
446 214 699 254 xxeouxunieuaioun.
790 204 837 253 tob

286 427 457 499 tinctio
474 428 586 498 XXIV.

41 573 84 619 Dc
98 569 252 617 domatione
267 569 297 616 ab
310 570 578 685 eoecomzwauteotc'oue,
591 572 620 615 iu
640 574 687 617 teca
701 570 824 617 curticulos

409 642 482 687 iulia.

38 865 44 877 .
61 790 154 843 lieinte
168 790 356 841 considerandum
367 793 404 841 eat
416 791 444 841 ule
458 789 600 842 absolutione
611 790 639 841 ab
651 792 838 844 excommunica-

24 870 134 986 uogirba
143 934 203 997 quot
212 934 254 984 tn'a
264 937 403 998 queruntur.
415 934 531 985 i·tlbi1m
545 933 640 998 quilibet
649 937 753 987 sacerdos
765 933 840 1000 possit

27 1004 153 1057 sublimn
166 1018 231 1055 unum
246 1005 275 1055 ab
286 1005 519 1057 excommunicatione
531 1003 655 1056 absoluere.
668 1005 837 1057 i⁰lltri1mali

27 1076 87 1141 qnia
99 1075 175 1141 posuit
183 1075 270 1125 inuitus
282 1076 311 1126 ab
319 1076 553 1127 excommunicatione
562 1076 657 1127 absolvi.
670 1081 696 1125 3⁰
704 1076 785 1127 Utubm
794 1076 836 1127 ali-

29 1147 89 1212 quis
100 1146 176 1211 noant
188 1146 277 1198 absolvi
286 1147 315 1197 ab
327 1160 376 1198 una
388 1147 633 1212 excommunicatione,
645 1152 668 1198 et
680 1160 726 1199 non
743 1148 771 1197 ab
785 1147 837 1197 ulia.

342 1327 501 1379 aumonius
513 1327 533 1379 l.

39 1449 131 1496 viriam
140 1450 240 1508 quilibet
254 1452 363 1497 sacerdos
370 1453 442 1507 peimi
453 1452 575 1498 montilum
584 1466 655 1498 auum
665 1452 694 1497 oi
703 1464 840 1498 excommu-

308 1515 427 1560 nicatione
440 1516 568 1561 abcoloere.

70 1640 106 1691 lul
127 1638 225 1704 numum
240 1638 274 1690 aie
290 1640 429 1704 proceoitur.
441 1640 537 1690 vitetur
550 1640 609 1704 qubtl
623 1639 720 1704 quilibet
738 1640 842 1691 sacerdos

33 1712 114 1779 poscit
133 1710 247 1762 sublitum
262 1724 328 1761 auum
341 1711 371 1761 ab
384 1710 621 1762 excommunicatione
632 1711 756 1762 absoluere.
766 1710 841 1774 liujus

34 1783 102 1835 enim
112 1784 150 1833 eat
157 1780 272 1832 vinculum
283 1782 384 1847 peccati,
393 1782 460 1847 quim
470 1781 719 1833 excommunicationis.
732 1782 778 1832 seo
788 1780 841 1845 qui-

33 1854 95 1906 libet
108 1854 212 1904 aacenlca
220 1857 296 1918 puteat
308 1852 421 1903 subditum
431 1866 499 1905 auum
510 1852 522 1903 l
532 1857 628 1918 peccato
637 1852 764 1905 absolvere.
780 1852 841 1915 Engo

34 1924 113 1977 multo
128 1924 210 1976 lortius
219 1925 249 1976 ab
261 1924 508 1977 excommunicatione.

69 2002 95 2047 a.
110 1998 237 2057 Preterea,
251 1996 334 2049 remoti
346 1996 415 2048 canat
431 2001 561 2049 removetur
571 1998 674 2049 eiectus.
690 1998 735 2048 Sed
748 2007 841 2048 excom·

36 2067 204 2120 manicatiouia
220 2081 288 2119 causa
307 2073 343 2119 est
360 2073 479 2133 peecatum
494 2070 598 2121 mortale.
616 2070 674 2133 lingo
693 2068 746 2119 cium
767 2066 842 2132 possit

35 2138 136 2204 quilibet
151 2140 256 2189 sacerdos
272 2139 286 2190 i
301 2145 392 2203 peccato
406 2140 446 2192 illo
463 2141 555 2192 mortali
568 2140 699 2204 absolvere,
715 2138 798 2205 poterit
811 2138 840 2189 ab

36 2208 276 2262 excommunicatione
287 2210 402 2262 similiter.

70 2281 118 2332 Sed
131 2283 209 2331 contra
223 2281 348 2344 :Ejusdem
361 2284 481 2347 potestatis
492 2286 528 2333 est
537 2282 751 2343 excommunicare,
764 2284 788 2331 et
800 2294 841 2331 ex·

38 2351 234 2404 communicatum
247 2352 373 2403 absoluere.
393 2353 437 2404 Sed
453 2355 582 2405 mcendotes
595 2352 714 2404 inieniouea
730 2366 777 2404 non
789 2364 842 2415 poa·

38 2428 95 2475 aaut
114 2437 168 2475 moa
178 2423 280 2475 subditos
290 2425 494 2477 excommunicare.
508 2426 568 2489 lingo
582 2438 625 2476 uec
638 2424 765 2475 absoluere.

75 2495 271 2558 (concauam-
283 2494 346 2546 Sicut
359 2495 373 2545 i
388 2496 471 2548 minori
483 2494 734 2557 excommunicatione,
750 2494 784 2545 sic
794 2488 843 2544 eii

39 2566 138 2631 majori,
149 2566 169 2616 ai
180 2566 248 2616 modo
264 2565 342 2631 injure
354 2566 441 2617 inllicta
459 2566 502 2630 ait,
518 2572 540 2619 et
554 2566 611 2617 nulli
625 2568 755 2628 reseruata,
769 2562 845 2615 omnia

40 2638 148 2691 sacerdos
161 2651 227 2687 anum
241 2638 356 2689 subditum
373 2640 491 2690 absolvere
509 2643 585 2704 potest
599 2637 682 2689 :bolis
699 2635 755 2686 ueni
772 2635 844 2699 judex

42 2710 85 2773 qui
97 2707 224 2772 irrogem,
237 2713 278 2759 aut
289 2711 339 2775 eina
357 2710 474 2775 superior,
490 2711 511 2760 ai
524 2710 626 2776 liudice
639 2708 704 2758 illata
717 2706 763 2770 ait,
778 2708 843 2760 exim

44 2778 126 2831 morlia
144 2779 318 2842 neceasitatem‚
331 2785 408 2845 potest
420 2781 546 2832 absolvere.
561 2781 571 2845 )

37 2877 40 2884 ⁴
75 2850 213 2915 iicaponteo
222 2850 351 2915 licentum,
359 2851 534 2916 qubdiminori
544 2848 780 2903 excommunicatione
794 2846 845 2912 qni

35 2922 101 2975 -libct
109 2924 187 2987 pouit
200 2921 327 2986 absoluere,
340 2924 380 2987 qui
394 2926 469 2988 puteat
479 2923 493 2975 i
505 2926 599 2989 peccato
609 2919 791 2987 participationi·
805 2918 847 2971 ab·
