1942 3284
154 189 193 228 DE
211 187 327 228 VIRTUTUM
344 187 537 226 utcuenasntonn
551 188 594 227 PER
610 184 796 228 coemittentem?
827 184 870 230 531

62 265 192 318 absconse
211 265 260 316 ise
273 267 415 329 commissis,
429 265 517 318 occulte
531 265 641 316 sacerdoti
654 265 801 328 cantitentur,
812 267 832 317 si
847 281 872 316 se
944 284 947 288 ·

60 351 107 403 per
116 335 220 400 jejunia
233 340 256 386 et
270 337 439 402 eleemosynas,
455 335 592 400 vigiliasque
604 340 629 386 et
641 349 717 386 sacras
730 336 873 398 operationes

60 417 173 472 purgare
189 405 371 468 cumnerint‚bis
382 407 450 456 etiarn
461 407 531 469 gradu
540 405 631 470 proprio
639 410 728 473 servato
737 407 871 470 spesneniae

62 477 94 527 de
110 476 278 528 misericordia
291 476 333 527 ltei
343 477 492 541 promittenda
503 481 547 527 est.
557 493 571 522 u
585 477 614 526 Et
626 477 670 526 boc
681 480 717 526 est
725 476 785 539 quod
793 475 874 526 dicitur

63 548 161 597 Eaetra
180 547 215 596 de
227 545 353 609 qualitate
373 547 589 602 orcdr'nondorum,
604 559 654 610 cap.
673 547 813 608 Quaesitum
827 545 874 612 (ex

60 617 188 680 Gregorio
199 616 247 679 lli)
261 632 267 667 :
282 633 296 664 u
307 616 331 666 Si
345 617 460 682 proposita
475 617 570 666 crimina
582 615 661 667 ordine
674 617 794 680 judiciario
806 629 874 666 com-

61 687 191 752 probata,
204 688 240 737 nel
251 687 306 738 alias
314 687 403 739 notoria
416 700 460 738 non
471 687 556 737 luerint
566 687 665 751 (praeter
674 701 725 738 reos
734 687 872 751 homicidii),

62 762 122 821 post
140 757 308 822 poenitentiam
321 758 345 807 in
354 758 403 822 jam
416 756 529 821 susceptis
541 758 578 807 nei
591 757 744 822 suscipiendis
756 758 874 810 ordinibus

60 827 186 892 impediri
198 841 245 880 non
253 831 357 892 possunt.
369 845 384 877 o

98 899 139 950 nd
159 897 264 964 primum
276 911 330 961 ergo
340 899 467 963 dicendum,
484 897 545 963 qnbd
554 900 633 950 eadem
645 899 703 951 ratio
716 905 753 950 est
765 901 793 950 de
807 913 873 951 recu·

63 968 200 1032 peratione
224 968 361 1032 virginitatis
380 973 404 1020 et
423 969 451 1020 de
471 970 641 1034 recuperatione
658 969 807 1032 innocentia,
821 985 873 1034 que

62 1039 181 1103 pertinet
197 1039 226 1090 ad
240 1039 394 1090 secundarium
406 1039 537 1102 dignitatem
551 1040 624 1102 quoad
636 1041 716 1091 ileum.

101 1110 141 1161 nd
159 1109 288 1162 seeundum
301 1110 436 1172 dicendum,
453 1109 514 1174 qudd
527 1110 678 1176 Hieronymus
690 1111 737 1174 (vel
750 1109 808 1160 alius
817 1111 874 1174 qui-

64 1193 180 1246 cumque
193 1183 286 1242 auctor)
300 1179 325 1230 in
334 1179 410 1230 verbis
421 1179 466 1230 illis
482 1192 529 1231 non
541 1179 599 1230 dicit
612 1195 662 1232 esse
670 1180 820 1246 impossibile,
833 1183 873 1232 sed

63 1264 122 1303 esse
146 1250 243 1302 difficile
259 1249 375 1300 hominem
394 1253 445 1314 post
468 1254 585 1314 peecatum
602 1263 734 1316 recuperare
752 1248 872 1314 pristinem

66 1323 192 1386 madum,
204 1320 256 1385 quia
274 1321 317 1372 hoc
331 1332 376 1371 non
390 1321 521 1372 conceditur
532 1321 577 1371 nisi
591 1320 692 1385 perlecti
705 1321 834 1386 poenitenti,
849 1325 875 1370 ut

66 1392 166 1442 dictum
189 1395 234 1441 est.
249 1391 281 1441 bd
300 1393 383 1440 statuta
401 1394 476 1440 autem
498 1403 610 1440 canonum
629 1407 680 1454 que
695 1393 740 1443 troc
755 1391 873 1456 probibere

66 1461 324 1526 videntur,respondet
335 1460 472 1524 Augustinus
482 1461 598 1511 Bonitaeio
608 1463 708 1512 scribens
720 1463 808 1525 (Epist.
819 1461 852 1524 L)
866 1477 873 1510 ε

69 1549 85 1580 u
96 1533 131 1584 Ut
149 1533 329 1584 constitueretur
344 1529 369 1581 in
391 1529 509 1591 Ecclesia,
527 1543 557 1581 ne
575 1530 694 1595 quisquam
711 1537 764 1596 post
778 1532 884 1595 abeujus

69 1603 185 1654 criminis
204 1603 373 1667 poeniteutiam,
387 1601 518 1652 clericatum
531 1601 643 1664 accipiat,
656 1602 694 1651 ncl
704 1603 731 1652 ad
745 1601 875 1652 clericatum

69 1675 220 1739 redeat,nel
229 1674 253 1724 in
262 1673 366 1724 clericatu
381 1674 485 1730 maneat,
501 1684 547 1720 non
553 1670 711 1735 desperatione
717 1671 874 1736 indulgentiae,

71 1747 116 1796 sed
141 1745 219 1808 rigore
243 1743 329 1794 iactum
350 1745 386 1793 est
408 1740 551 1806 disciplinae3
575 1741 675 1805 alioquin
695 1747 773 1793 eontra
798 1743 875 1793 claves

71 1815 191 1868 Ecclesia
202 1815 265 1866 datas
274 1811 432 1879 disputabitur,
443 1811 560 1876 dequibus
569 1810 700 1860 dictumest
709 1826 716 1860 :
725 1813 875 1874 Quacumque

74 1885 198 1938 solveritis
211 1897 279 1948 super
292 1888 377 1934 terram
387 1919 394 1946 ,
406 1882 482 1932 soluta
497 1885 564 1932 erunt
575 1884 599 1930 et
611 1881 636 1931 in
648 1881 714 1931 coelo.
730 1897 744 1928 o
758 1881 787 1930 Et
797 1885 876 1944 postea

72 1957 175 2008 subdit:
190 1971 203 2003 u
213 1955 270 2005 Naro
284 1957 307 2004 et
316 1958 406 2004 sanetus
417 1951 489 2003 David
502 1953 530 2002 de
545 1950 676 2002 criminibus
688 1950 812 2002 mortiferis
829 1952 877 2016 egit

74 2027 257 2092 penitentiam,
270 2029 293 2076 et
314 2029 389 2075 tamen
409 2024 433 2074 in
453 2025 540 2074 bonore
558 2035 600 2073 suo
616 2022 731 2088 perstitit;
746 2027 770 2072 et
784 2023 875 2073 beatum

74 2100 173 2152 Petrum
185 2097 273 2163 quando
289 2095 439 2146 amarissimas
451 2096 563 2159 lacrymas
575 2094 649 2156 fudit,
664 2093 743 2158 utique
755 2093 875 2144 bominum

75 2183 177 2235 negasse
197 2165 318 2233 paenituit,
338 2169 360 2216 et
380 2169 455 2214 tamen
475 2165 592 2228 apostolos
611 2164 744 2228 permansit.
759 2164 804 2214 Sed
826 2178 874 2214 non

75 2239 131 2291 ideo
144 2239 244 2305 putanda
253 2239 288 2288 est
301 2247 439 2299 superuacua
451 2235 602 2298 posteriorum
621 2235 734 2285 doctorum
748 2233 873 2298 diligentia,

78 2379 184 2445 experti,
195 2382 222 2428 ut
233 2378 311 2438 eredo,
325 2375 450 2440 aliquorum
464 2375 528 2425 ictas
543 2374 690 2439 paenitentias
706 2388 749 2440 per
759 2375 875 2426 affectatas

77 2451 191 2502 bonorum
208 2448 354 2514 potentias.»

112 2523 145 2573 td
158 2520 251 2572 tertium
267 2519 403 2582 dicendum,
423 2517 482 2582 quid
495 2517 549 2568 illud
567 2519 674 2566 statutum
696 2514 828 2580 intelligitur
845 2519 874 2567 de

78 2591 182 2656 illisqui
201 2588 313 2654 publicam
334 2588 489 2652 poenitentiam
502 2590 589 2651 ‚agrium
603 2587 643 2650 qui
662 2588 806 2650 postmodum
826 2599 873 2636 non

80 2666 177 2726 possunt
192 2661 220 2710 ad
242 2658 350 2723 majorem
373 2658 468 2722 provebi
489 2657 663 2722 praeornatam
684 2659 708 2707 et
725 2657 806 2706 Petrus
820 2661 873 2720 post

82 2733 225 2798 negationem
245 2731 320 2794 pastor
341 2729 418 2779 orium
439 2727 525 2778 Christi
548 2727 684 2778 constitutus
704 2733 753 2788 est,
768 2729 794 2776 ut
811 2731 874 2789 patet

81 2806 166 2859 doun„
180 2801 222 2849 nlt.
236 2797 279 2848 libi
296 2797 363 2848 etiam
376 2798 551 2864 chrysostomus
564 2796 663 2860 (llomil.
673 2797 723 2845 vltt
737 2795 762 2844 in
773 2796 872 2857 tuoni,

83 2873 137 2925 dicit
153 2869 215 2936 qarbd
232 2883 246 2917 o
260 2869 340 2918 Petrus
352 2873 402 2932 post
415 2868 559 2934 negationem
574 2871 598 2919 et
609 2866 767 2932 poeniteutiam
776 2866 878 2917 ostendit
