1942 3284
267 217 297 253 nn
313 218 403 255 stornio
419 216 598 258 conrnssron'is.
787 219 830 261 659

330 402 492 453 torrendos
506 402 534 452 V.

41 527 126 573 Uterim
136 528 200 573 iilud
208 528 271 585 quod
280 526 332 584 quie
342 528 387 572 scit
395 540 437 584 per
446 530 625 585 consensionem,
636 534 659 575 et
668 531 739 575 etium
748 531 830 587 atiquo

225 591 274 635 ulio
282 591 358 645 modu,
366 593 441 647 possit
450 592 524 637 atteri
537 593 651 638 revelare.

65 721 98 771 nd
116 719 223 783 quintum
240 719 275 770 sio
293 719 430 784 proceditur.
446 720 540 771 Videtur
552 721 612 783 quod
625 721 680 772 itind
699 723 760 786 quod
777 721 829 786 quis

35 790 77 840 seit
91 803 135 854 per
146 788 326 852 contessionem,
335 793 360 841 et
370 790 440 841 etium
450 790 525 853 aliquo
539 790 583 842 aiio
595 791 679 852 modo,
693 804 740 842 non
756 794 830 857 possit

36 860 101 911 alteri
114 860 281 911 neveloneiion
296 860 356 911 enirn
370 860 481 925 frangitur
490 859 589 924 sigillum
602 861 768 924 confessionis,
781 861 827 912 nisi

36 929 88 980 duur
103 934 224 996 peecatum
237 932 297 994 quod
310 932 379 983 suitur
392 930 586 992 inconfusione,
599 932 721 984 reueletur.
734 932 762 983 Si
774 945 829 997 erqo

37 1000 73 1051 iiie
93 1002 182 1053 revelet
199 1006 316 1066 peceatum
333 1002 392 1065 quod
410 1001 435 1052 in
451 1001 593 1053 confessione
606 1001 705 1065 audiuit,
721 1003 829 1066 qualiter·

38 1085 133 1137 eumque
144 1071 201 1123 aliis
215 1072 281 1134 sciat,
297 1073 395 1137 sigillum
412 1072 563 1125 confessionis
579 1072 684 1135 frangere
696 1071 793 1123 uidetur.

68 1146 93 1192 2.
107 1144 236 1207 Promea,
256 1145 391 1208 quicumque
411 1143 579 1195 contessionem
600 1143 696 1209 alicujus
713 1143 792 1203 audit,
807 1144 830 1193 ei

39 1212 150 1278 obligatur
162 1214 191 1265 ud
201 1214 245 1265 troo
258 1213 320 1277 quod
333 1218 424 1279 peccota
436 1214 510 1280 ipsius
525 1226 573 1266 non
585 1214 679 1266 revelet·
696 1213 741 1266 Sed
757 1214 777 1264 si
788 1214 830 1263 uii-

39 1283 88 1345 quis
108 1285 252 1349 promitteret
271 1284 339 1336 alicui
357 1288 435 1337 tenere
455 1285 569 1349 prirutnrn
585 1284 646 1349 quod
669 1283 692 1336 ei
707 1284 830 1345 dleeretnr‚

39 1358 244 1420 quantumcumque
264 1356 320 1406 aliie
335 1356 405 1418 uuirt,
424 1356 516 1408 deberet
535 1356 648 1419 priuatum
665 1359 752 1408 tenere.
771 1356 831 1420 Erqo

40 1426 97 1485 quod
114 1426 168 1491 quis
181 1426 206 1476 in
219 1426 366 1479 confessione
377 1426 476 1488 audiuit,
489 1429 679 1491 quatumcumque
693 1426 749 1478 aliis
759 1427 829 1489 seint,

40 1494 106 1545 dehet
116 1496 231 1562 priuatum
243 1498 335 1547 nubere.

72 1571 94 1616 3.
107 1569 236 1629 proterea,
252 1569 346 1619 duorum
360 1570 420 1632 quod
437 1572 473 1619 est
491 1567 563 1617 altero
575 1568 708 1631 potentius,
720 1567 789 1618 trahit
802 1569 832 1619 ud

37 1648 67 1699 ¹se
79 1638 202 1703 reliquan-
220 1639 264 1690 Sed
279 1638 386 1698 seientia,
399 1638 509 1703 qusquis
525 1637 569 1688 seit
582 1642 703 1701 peceatum
720 1641 747 1687 ut
757 1638 831 1699 deus,

45 1709 77 1754 est
92 1709 209 1772 potentior
220 1714 245 1762 et
257 1710 346 1774 dignior
359 1709 522 1773 soientir,qnu
530 1708 574 1758 soit
587 1710 704 1772 peonuturn
716 1711 743 1757 ut
754 1709 831 1759 homo.

45 1774 100 1841 Ergo
110 1780 182 1831 trahit
194 1780 222 1831 ud
235 1792 261 1832 se
274 1794 341 1843 enm,
354 1781 423 1832 etita
437 1792 482 1831 non
496 1778 579 1844 poterit
596 1778 696 1829 revelare
709 1778 833 1830 secundini

46 1850 103 1910 quod
119 1851 233 1915 scientia,
246 1864 290 1917 qur
303 1852 346 1903 ecit
360 1852 470 1914 oeneus,
485 1849 568 1914 erigit.

75 1924 97 1971 t.
112 1923 239 1987 Pretereu,
251 1928 360 1974 secretum
369 1921 521 1974 consessionis
534 1920 663 1971 institutum
675 1923 710 1972 est
717 1920 746 1971 ud
753 1920 834 1973 [nitun-

46 1988 95 2041 doru
111 1994 256 2056 scandulum,
270 1998 294 2043 et
306 2006 335 2045 ne
345 1994 449 2044 homines
462 1991 476 2043 i
490 1990 670 2043 confessionibus
681 1992 833 2041 retruduntur.

46 2058 88 2111 Sed
100 2065 120 2115 si
134 2065 217 2129 uliquis
228 2068 308 2129 posset
318 2064 393 2115 dicere
406 2064 461 2114 illud
471 2063 531 2127 quod
546 2063 571 2113 in
580 2060 723 2114 contessione
737 2060 833 2116 audiuit,

47 2132 133 2187 etiamsi
147 2136 298 2194 eliderentur,
311 2135 460 2187 nihilominus
476 2136 606 2186 scandulum
620 2136 760 2198 sequeretur
775 2132 835 2197 Erqo

47 2204 106 2255 nulio
121 2206 188 2257 modo
199 2210 276 2271 potest
289 2206 373 2257 dicere

75 2274 118 2327 Sed
130 2280 223 2338 eontrn,
238 2276 313 2327 nultus
329 2275 488 2342 potestatium
503 2274 603 2357 obligare
614 2275 643 2324 nd
656 2276 716 2337 qnod
732 2287 778 2326 non
787 2280 836 2326 erut

49 2344 168 2412 obligatus,
182 2349 226 2400 nisi
242 2350 273 2399 sit
287 2361 342 2398 suus
358 2348 464 2412 praelntns
481 2347 522 2411 qui
537 2346 622 2410 obliget
639 2358 692 2397 eum
709 2351 830 2411 precepto

48 2412 89 2465 Sed
101 2420 140 2471 iile
157 2420 196 2485 qni
209 2419 293 2470 sciehat
307 2419 402 2481 aiicujus
419 2422 538 2497 peccaturo
555 2430 597 2495 per
613 2416 704 2477 risnnn,
720 2427 776 2466 non
784 2419 835 2466 erut

49 2485 157 2553 obligatus
172 2490 200 2541 ud
217 2490 345 2541 celandum.
358 2490 416 2551 Ergo
429 2489 467 2537 iiie
474 2486 532 2551 ,qni
543 2487 565 2536 ei
578 2484 706 2546 confitetur,
720 2485 774 2536 eirrn
788 2498 834 2535 non

49 2555 76 2605 rit
93 2562 198 2623 prelatus
214 2574 285 2624 suns,
302 2573 349 2611 non
368 2562 444 2623 potest
464 2570 517 2607 enm
534 2555 633 2619 obligare
648 2557 676 2606 ad
695 2554 832 2617 celandum

50 2636 88 2687 ner
98 2631 142 2681 hou
154 2630 214 2695 qudd
230 2631 253 2681 ei
264 2632 391 2681 confitetur

78 2700 203 2764 meteres,
212 2700 335 2751 secundum
352 2702 396 2750 troo
409 2702 486 2763 posset
498 2696 604 2761 irnqediri
613 2695 703 2760 justitia
716 2696 834 2759 dionesie,

51 2768 70 2816 si
86 2772 165 2837 uliquis
182 2738 208 2821 n't
221 2772 327 2823 euaderet
337 2769 471 2821 sententium
485 2765 734 2826 excommunicationis,
748 2779 799 2828 quae
810 2766 835 2815 in
877 2810 884 2821 ,

51 2837 120 2900 insum
132 2842 226 2893 terenda
243 2846 305 2892 esset
319 2844 419 2921 propter
427 2839 519 2902 uliquod
534 2842 653 2901 pennatum
669 2836 698 2886 de
718 2848 763 2899 quo
779 2848 836 2885 eorr-

52 2911 122 2964 riotus
134 2917 181 2977 est,
193 2912 364 2963 confiteretur
345 2924 366 2963 er
381 2910 423 2977 qui
436 2907 572 2962 senteutiam
585 2908 645 2959 ierne
661 2905 783 2959 debuisset.
790 2906 852 2958 sed·
875 2947 882 2956 s
