1942 3284
217 213 249 252 no
262 210 368 253 morum
383 211 459 251 sumn
471 210 635 252 ἐιωιιπι
779 196 830 253 ott

13 289 106 342 timtis.
119 289 150 340 m
163 287 216 341 ideo
230 288 376 353 praeexigitur
389 289 469 353 gratia,
483 303 534 353 pua
545 289 644 340 sufficiat
663 291 692 342 ad
707 291 752 342 hoc
763 291 827 356 aoht

13 360 90 426 digno
103 363 297 412 connumerentur
308 359 334 410 in
349 360 416 423 piehe
428 361 531 424 christi3
547 363 588 412 sed
605 361 723 413 contortus
736 361 828 426 inipso

14 432 171 497 susceptione
180 431 266 484 ordinis
278 431 376 497 amptius
384 432 464 496 gratis
473 446 566 497 munus,
575 447 617 499 per
626 435 686 498 quod
698 434 728 485 ad
738 433 827 499 majora

13 505 148 557 reddantur
160 503 245 556 monci.

322 621 481 672 hRTlCULUS
497 623 526 672 11.

64 743 153 791 Utrtom
173 743 200 788 ito
213 749 362 790 sacramento
377 745 469 790 ardicio
484 745 643 802 imprimatur
655 747 788 802 character,

240 807 355 864 quantam
365 807 397 852 ad
406 821 486 853 omnes
497 809 600 854 ordines.

54 933 91 984 Ad
110 932 234 983 meandum
251 931 284 984 sic
301 933 438 997 proceditur.
458 933 555 984 Videtur
571 933 631 997 quod
643 934 670 984 in
686 939 829 988 monumento

19 1004 113 1057 ordinis
125 1015 173 1054 uon
186 1002 329 1068 imprimatur
337 1006 455 1055 character
466 1003 577 1069 quauuirn
589 1006 617 1054 ad
631 1018 713 1056 omnes
725 1008 828 1058 ordines.

19 1073 84 1136 Quia
102 1073 189 1126 ordinis
202 1077 318 1126 character
336 1079 372 1126 ost
392 1077 498 1138 quaedam
517 1075 642 1141 spiritualis
658 1080 768 1140 potestas.
781 1079 829 1130 sod

19 1146 120 1212 quidam
135 1145 227 1197 ordines
236 1158 283 1196 non
298 1146 432 1196 ordinantur
442 1147 488 1198 nisi
506 1149 533 1198 ad
544 1148 655 1212 quosdam
668 1151 732 1199 actus
746 1161 828 1213 corpo-

18 1219 101 1278 rales,
113 1215 200 1266 anicet
216 1217 304 1268 ostiarii
315 1218 353 1270 vei
370 1218 464 1284 acolyti.
478 1219 538 1284 drgo
548 1219 573 1269 in
582 1219 619 1270 his
632 1231 678 1270 non
691 1219 831 1284 imprimitur

18 1290 152 1341 character.
481 1311 484 1317 ·

24 1409 27 1413 .
55 1365 82 1410 a.
97 1361 223 1424 erueres,
235 1360 309 1410 omnis
324 1361 440 1412 character
448 1365 485 1412 ost
493 1360 630 1412 iudetohiiis.
645 1362 705 1426 mgo
719 1373 761 1427 por
771 1363 834 1413 cha·-

20 1434 139 1484 ractercm
155 1433 224 1483 horno
240 1433 332 1495 ponitur
348 1433 372 1482 in
389 1431 429 1484 tati
442 1436 517 1495 statu,
532 1431 604 1496 aquo
618 1445 664 1482 non
679 1433 752 1498 possit
763 1445 829 1485 rece·

22 1505 93 1556 dere.
107 1501 153 1554 sod
164 1502 198 1553 iiii
209 1504 250 1568 qui
261 1503 348 1555 habeut
362 1503 451 1568 aliquos
459 1503 564 1564 omines,
575 1508 674 1567 possunt
685 1504 747 1556 liciti
755 1506 831 1558 redire

22 1575 56 1626 ad
70 1573 185 1624 laicatum.
197 1575 257 1638 Ergo
267 1587 313 1626 uon
327 1575 465 1638 imprimitur
479 1576 597 1625 character
609 1573 634 1623 in
648 1576 754 1626 omnihus
766 1575 830 1626 ordi·

23 1646 108 1697 uibus.

59 1721 84 1767 3.
100 1717 227 1779 Praeterea,
240 1730 282 1782 per
299 1718 450 1768 characterom
464 1717 534 1768 homo
547 1717 682 1768 adscribitur
695 1717 725 1768 ad
742 1717 830 1782 ahquid

23 1801 119 1840 sacrum
131 1788 229 1839 dandum
243 1790 281 1840 vei
293 1788 472 1852 suscipiendum.
482 1790 528 1840 Sed
539 1790 567 1839 ad
576 1790 744 1853 susceptionem
755 1802 832 1841 socra-

22 1863 157 1911 mentorum
166 1861 234 1912 homo
247 1859 386 1911 sufficienter
397 1861 514 1910 ordinatur
524 1873 565 1924 per
580 1861 733 1911 characterem
742 1861 831 1926 baptis·

22 1932 129 1992 malem3
144 1931 286 1996 dispensator
303 1935 378 1984 autem
397 1936 590 1984 sacramentorum
615 1946 661 1984 non
683 1932 830 1984 constituitur

22 2007 114 2064 homo,
131 2002 176 2054 nisi
188 2003 213 2054 in
225 2004 306 2054 ordine
321 2003 464 2056 sacerdotali.
480 2003 541 2068 Ergo
554 2004 579 2054 iu
589 2003 640 2055 aliis
653 2003 772 2056 ordinibus
784 2016 832 2055 non

21 2072 165 2139 imprimitur
178 2076 303 2127 character.

59 2145 106 2194 Sed
115 2147 192 2196 contra
203 2161 209 2194 ε
220 2147 293 2197 Omne
304 2150 471 2198 sacramentum
481 2148 506 2196 in
515 2159 561 2212 quo
570 2160 616 2198 uon
625 2147 765 2213 imprimitur
774 2148 832 2198 cha·

23 2219 116 2276 rector,
132 2218 168 2266 est
185 2216 296 2268 iterahiie.
316 2217 362 2268 Sed
378 2219 454 2268 nuilus
475 2219 529 2269 ordo
547 2221 583 2268 est
597 2218 718 2269 iterabiiis.
734 2220 794 2283 Ergo
806 2219 832 2269 in

24 2287 131 2354 qunhw
142 2287 222 2338 ordino
233 2285 372 2352 imprimitur
384 2290 510 2339 character.

60 2360 187 2423 Praeterea,
200 2359 318 2410 manner
333 2361 368 2409 nst
382 2359 472 2423 signum
486 2358 653 2410 distinctivum.
666 2361 710 2412 Sed
732 2361 758 2410 in
773 2371 832 2424 quo

25 2432 86 2484 hoco
99 2430 180 2482 ordino
191 2434 230 2482 est
242 2430 317 2495 minua
330 2430 457 2482 distinctio.
474 2431 535 2495 Ergo
547 2430 644 2496 quilibet
656 2432 711 2483 ordo
721 2431 834 2496 imprimit

26 2505 192 2558 cammaron.

61 2574 224 2636 (condrosio.
237 2601 269 2612 -
283 2572 343 2624 (idm
356 2585 398 2638 per
413 2572 538 2637 quemhhet
553 2573 656 2624 ormnem
675 2572 829 2623 constituatur

26 2643 114 2710 aliquis
130 2657 198 2708 snpra
213 2645 304 2709 piebem
319 2644 344 2694 in
367 2643 443 2708 aliquo
459 2645 530 2708 gradu
543 2644 666 2710 potestmis
679 2643 789 2694 ordinato
805 2644 835 2694 ad

26 2719 222 2771 sacramentorum
243 2716 454 2781 dispensationem,
471 2717 619 2782 perspicuum
636 2721 672 2767 ast
691 2716 716 2766 iu
735 2715 835 2780 hugutio

27 2788 148 2843 ordiamur
160 2790 314 2839 characterom
327 2787 457 2852 imprimi.)

61 2859 198 2924 hesmndoo
216 2859 352 2922 dicendum,
367 2859 427 2923 quod
446 2859 508 2911 circa
521 2862 567 2912 hoc
583 2860 628 2911 tuit
643 2858 727 2924 triplex
743 2857 832 2922 opinio.

29 2933 129 2994 Quidam
146 2931 208 2984 enim
219 2933 330 2983 dixerunt
343 2931 406 2996 quod
419 2932 443 2984 in
457 2933 507 2985 solo
523 2933 604 2985 ordino
621 2929 757 2984 sacerdotati
773 2931 835 2981 cha·
