1942 3284
229 251 258 288 DE
273 251 378 290 nuncin
393 251 469 290 notus
486 252 647 290 stenensium.
788 245 833 291 799

27 329 125 394 ipsum,
136 327 258 378 dnmmodo
267 340 312 379 non
322 331 421 394 ponatur
430 328 489 379 oben
500 332 602 393 exparte
613 327 760 393 recipientis,
772 329 832 380 sicut

28 398 104 451 etiam
118 397 146 448 de
159 398 296 449 eucharistia
312 403 335 450 et
353 399 523 452 confirmatione
542 399 709 464 supradictum
724 404 759 451 est
774 399 831 465 (111.

27 472 105 534 part,
121 481 159 532 qn.
174 471 219 532 62,
236 473 279 520 art.
294 475 324 530 7,
339 473 362 521 et
375 485 414 534 qu.
432 473 475 532 to,
491 476 533 521 art.
546 471 586 535 3).
602 473 630 522 llt
644 469 696 522 ideo
709 471 777 522 ctiam
789 473 831 522 Ja-

26 541 104 592 cobus
119 541 146 592 de
157 539 290 591 remissione
303 542 391 607 pcccati
408 541 591 592 conditionaliter
605 543 715 606 loquitur,
727 543 808 594 dicens
824 559 830 593 ι

28 628 45 661 n
55 613 83 663 si
97 612 123 661 in
139 611 239 675 pcccatis
253 611 283 663 sit
290 648 299 675 ‚
314 611 455 662 dimittentur
467 613 489 662 ei
497 649 506 675 ,
520 629 533 660 u
546 613 713 678 seilicetqnoad
725 615 831 678 culpam3

26 681 154 736 nonenim
169 697 259 748 semper
273 683 333 734 delet
343 687 476 748 peccatum,
492 685 605 749 quianon
618 699 709 750 semper
725 685 829 747 inuenit,

25 757 73 808 sed
92 767 183 821 sempor
198 755 292 806 remittit
305 757 378 820 quoad
391 755 528 806 debilitatem
543 755 690 820 predictam,
701 771 769 822 quam
781 755 834 821 qui·

28 829 86 879 dam
97 827 222 892 reliquias
229 829 326 892 peccati
335 827 421 891 dicunt,
433 830 459 877 ut
467 828 553 878 dictum
561 831 596 878 est
605 828 651 889 (ill.
660 832 731 892 part,
739 843 780 892 qn.
791 832 832 892 ut,

27 901 78 948 art.
96 897 132 961 l).
147 897 241 956 Quidam
252 896 307 948 vero
323 897 401 948 dicunt
412 897 473 962 qndd
487 898 643 963 principaliter
653 903 689 950 est
703 900 833 950 institutum

26 971 114 1020 contra
124 967 219 1031 reniale,
230 969 288 1032 quod
302 969 393 1032 quidem
406 982 452 1020 non
462 974 547 1034 polest,
562 971 616 1020 dum
627 971 679 1020 hac
689 970 735 1020 rita
748 971 831 1034 agitur,

26 1037 135 1104 perlecto
155 1039 228 1089 curari
244 1053 249 1089 :
265 1043 288 1091 et
302 1039 354 1091 ideo
374 1045 540 1091 sacramentnm
556 1040 688 1092 exeuntium
704 1039 833 1104 specialiter

26 1114 113 1161 contra
128 1108 218 1160 veniale
238 1109 362 1161 ordinatur.
378 1111 422 1161 Sed
442 1112 486 1162 hoc
508 1125 552 1162 non
567 1111 657 1162 ridetur
671 1125 764 1172 rernm,
779 1111 833 1175 quia

25 1179 166 1247 poenitentia
178 1180 328 1245 sufficienter,
343 1181 411 1232 etiam
424 1182 447 1231 in
460 1183 577 1245 haesita,
593 1183 655 1233 delet
666 1182 765 1233 venialia
775 1195 833 1246 peo-

25 1256 82 1304 cata
95 1252 168 1316 quoad
185 1252 290 1316 cnlpam3
305 1251 364 1316 quod
379 1257 454 1303 autem
469 1266 517 1303 non
526 1256 621 1317 possunt
634 1253 715 1303 evitari
726 1257 779 1317 post
792 1267 833 1317 pe-

25 1327 118 1375 ractam
133 1324 290 1386 poenitentiam
296 1361 306 1388 ,
319 1338 365 1375 nou
376 1325 449 1375 anlcrt
462 1325 600 1389 precedenti
614 1325 754 1389 peanitentiae
767 1339 833 1376 sunm

24 1397 159 1457 effectum,
175 1393 296 1445 etiterum
314 1397 358 1446 hoc
373 1395 472 1459 pertinet
489 1397 517 1446 ad
538 1395 677 1447 debilitatem
693 1396 832 1461 pradictum.

22 1467 96 1518 Unde
113 1463 232 1516 &cendum
242 1467 301 1530 qndd
316 1467 447 1530 principalis
461 1468 555 1518 effectus
568 1469 637 1530 hujus
648 1467 784 1518 sacramenti
797 1472 833 1518 est

22 1537 138 1591 remissio
152 1541 297 1600 pcccatorum
310 1539 383 1602 quoad
394 1537 500 1603 reliquias
508 1539 604 1602 peccati,
616 1544 639 1588 at
647 1553 677 1589 ex
685 1539 834 1603 consequenti

23 1609 102 1661 etiam
114 1607 187 1670 quoad
203 1609 302 1672 culpam,
318 1607 401 1658 sicam
415 1609 527 1660 inueniat.

58 1680 98 1731 Ad
114 1678 213 1743 primurn
231 1691 284 1744 ergo
303 1679 441 1743 dicendum,
458 1680 520 1744 qndd
538 1680 642 1743 quamvis
655 1681 751 1732 ellectns
765 1681 835 1744 prin·

23 1751 115 1817 cipalis
130 1748 226 1815 alicujus
243 1750 379 1802 sacramenti
394 1751 467 1814 possit
479 1751 558 1802 haberi
573 1751 624 1800 siue
637 1751 722 1801 actuali
734 1763 834 1816 percep-

21 1823 94 1876 tione
114 1820 185 1886 hujus
204 1821 354 1883 sacramenti,
370 1823 408 1873 vel
420 1823 470 1872 sine
492 1825 647 1884 sacramento,
661 1821 699 1872 rel
714 1834 755 1886 per
772 1823 835 1872 alind

21 1897 200 1947 sacramentnm
219 1906 246 1943 ex
266 1893 428 1956 consequenti,
444 1907 563 1958 nunquam
576 1896 655 1943 tamen
668 1892 745 1943 haberi
758 1896 835 1956 potest

21 1966 83 2019 sinc
98 1963 220 2026 proposito
233 1963 297 2014 illius
314 1965 458 2014 sacramenti.
468 1966 499 2014 Et
509 1965 574 2027 ideo,
584 1963 638 2026 qnia
651 1963 787 2026 poenitentia
799 1965 836 2013 est

19 2031 189 2102 principaliter
202 2033 307 2084 instituta
323 2039 402 2085 contra
422 2037 534 2085 actualem
553 2035 661 2099 culpam,
675 2034 835 2098 quodcumque

20 2105 94 2160 alind
109 2110 277 2156 sacramentnm
300 2106 411 2158 actualem
427 2108 517 2171 culpam
534 2106 608 2156 deleat
623 2119 653 2156 ex
671 2105 833 2170 consequenti,

20 2191 78 2232 non
94 2175 196 2228 excludit
208 2176 370 2227 necessitatem
384 2177 537 2242 poenitentia.

59 2249 98 2300 Ad
112 2248 383 2309 secundumdieendum,
396 2247 454 2310 quod
466 2252 567 2298 extrema
577 2245 654 2295 unctio
667 2245 743 2311 aliquo
757 2248 834 2309 modo,

20 2318 145 2387 quantum
160 2319 187 2368 ad
202 2317 239 2367 illa
253 2318 306 2381 tria,
321 2317 416 2368 remittit
427 2322 554 2381 peccatum.
570 2317 679 2374 Quamvis
695 2318 755 2368 enim
768 2318 835 2381 culpa

21 2389 108 2458 quoad
128 2388 239 2438 maculam
256 2388 307 2439 sine
325 2385 460 2438 contritione
476 2400 522 2438 non
541 2386 679 2450 dimittatur,
694 2391 771 2438 tamen
789 2389 835 2437 hoc

19 2461 201 2515 sacramentnm
211 2459 358 2522 pergratiam
372 2470 439 2520 qnam
453 2456 562 2520 infundit,
573 2456 629 2506 lacit
637 2457 699 2519 qndd
709 2458 748 2508 ille
760 2460 835 2506 motus

19 2530 98 2584 liberi
112 2529 201 2578 arbitrii
216 2530 370 2594 inpetratum
384 2527 414 2578 sit
428 2528 549 2587 contritio,
564 2527 623 2577 sient
635 2528 703 2578 etiam
717 2528 742 2577 in
753 2528 838 2577 eucha-

19 2601 98 2656 ristia
108 2602 133 2650 et
142 2599 315 2651 confirmatione
323 2603 400 2664 potest
409 2599 519 2650 accidere.
532 2599 641 2649 Similiter
649 2599 717 2650 etiam
729 2603 754 2648 et
762 2603 837 2648 reatus

17 2683 107 2742 poenae
127 2671 259 2734 temporalis
272 2670 394 2734 diminuit,
407 2670 447 2721 sed
462 2683 491 2720 cn
504 2670 668 2733 consequenti,
681 2669 706 2719 in
726 2672 836 2733 qnantum

19 2743 177 2799 debilitatem
198 2741 272 2806 tollit,
285 2743 339 2806 quia
360 2742 464 2792 eamdem
482 2753 575 2804 poenam
594 2738 667 2791 leuids
679 2743 755 2804 portat
770 2740 836 2790 fortis

18 2815 102 2883 quium
118 2811 202 2862 debilis
221 2828 226 2862 :
242 2815 302 2863 unde
317 2825 363 2863 nou
376 2815 466 2877 oportet
478 2811 538 2874 qndd
552 2815 646 2875 propter
662 2813 708 2861 hoc
721 2810 836 2859 minuatur

19 2882 201 2941 satisfactionis
215 2896 328 2934 mensura.
343 2883 454 2948 Reliqnia
473 2886 548 2932 nutem
569 2883 656 2946 peceati
671 2894 718 2932 non
731 2881 838 2931 dicontur

18 2960 66 3012 iric
83 2952 252 3017 dispositiones
261 2967 291 3005 ex
304 2955 391 3005 acubus
400 2953 486 3006 relictae
495 2990 502 3015 ,
511 2965 562 3017 qna
575 2956 628 3004 sunt
641 2950 731 3016 quidam
745 2951 837 3002 habitus
