1942 3284
770 1 960 10 .-—---.-——--÷

310 183 341 218 nn
356 181 498 220 immortuus
514 183 634 220 nonninus.
822 174 867 220 tto

58 258 82 306 in
101 258 196 308 matitia
221 258 256 306 nei
277 257 396 322 sacrilegio
413 261 588 322 perseverante,
605 261 748 320 peccatorum
771 257 868 309 ablutio·

58 342 111 380 nem
125 329 162 394 (t)
181 342 232 378 non
242 328 330 378 sinebat
345 329 403 380 fieri.
414 347 428 377 n

87 403 260 461 (Concnosno.
269 401 410 457 7-Fictione
419 414 460 464 per
468 400 626 464 poenitentiam
636 401 735 456 nmott,
743 400 868 464 baptismos

57 471 168 522 effectum
182 486 252 522 sunm
269 472 377 522 continuo
389 471 560 534 consequitur.)

87 544 235 606 despondeo
246 543 378 604 dicendum,
388 541 449 606 qndd
464 542 525 592 sicut
536 543 603 607 sopri
616 543 704 592 dietum
714 547 750 594 est
759 545 769 607 (
777 558 816 607 qu.
828 550 866 605 tto,

56 618 99 664 art.
113 617 162 678 9),
179 614 311 678 baptismus
330 619 365 664 est
379 616 482 677 qnaedarn
500 613 623 677 spiritualis
642 616 790 677 regeneratio.
809 614 868 666 Cim

58 690 131 736 autem
152 687 247 750 aliquid
261 693 397 749 generatur,
416 685 483 736 simul
507 699 558 735 cum
574 685 647 736 forma
665 686 746 749 recipit
761 686 867 737 edoctum

60 756 144 818 torma,
158 757 212 808 nisi
221 758 252 808 sit
263 758 346 820 aliquid
360 757 505 821 impediens.
520 771 565 820 quo
579 761 681 818 remoto,
695 758 769 808 torma
780 757 815 808 rei
828 771 869 820 qe·

58 834 139 879 nertiae
155 829 254 893 perficit
271 843 337 879 suum
355 831 472 892 effectum3
487 829 546 879 sicut
559 829 628 878 simui
641 827 693 878 cim
704 842 787 892 corpus
800 841 868 891 grane

56 903 195 961 generatur,
211 903 317 950 monetur
335 900 454 963 deorsum,
467 899 514 950 nisi
527 900 557 950 nit
569 899 654 962 aliquid
671 901 810 964 prohibens,
823 915 869 964 quo

57 975 162 1032 remoto,
180 972 260 1022 statim
272 971 354 1034 incipit
370 972 457 1022 moveri
471 966 585 1022 deorsum.
600 973 628 1020 Et
644 972 761 1033 similiter,
778 972 869 1035 quondo

57 1041 145 1104 aliquis
159 1043 307 1107 baptizator,
319 1043 402 1105 accipit
414 1045 567 1094 characterem
578 1044 645 1106 qnasi
658 1045 761 1104 formam,
775 1048 800 1094 et
810 1055 869 1094 con-

56 1113 166 1174 sequitur
186 1113 305 1178 proprinm
325 1113 446 1175 effectum,
465 1117 505 1178 qui
522 1119 559 1164 est
575 1114 647 1178 gratia
662 1116 780 1165 remittens
793 1115 869 1164 omnia

56 1188 164 1245 peccata.
197 1185 322 1248 impeditur
344 1189 420 1234 autem
440 1187 575 1249 quandoque
596 1199 637 1248 per
655 1185 770 1236 fictionem
787 1201 793 1234 z
808 1186 868 1236 unde

57 1259 154 1316 oportet
172 1255 252 1320 quid,
265 1254 352 1306 remote
365 1255 393 1306 ed
407 1257 635 1320 perpendendam,
652 1257 777 1321 baptismus
793 1257 869 1306 statim

60 1332 221 1390 consequatur
235 1340 301 1376 suum
313 1327 427 1378 edoctum.

88 1397 124 1446 nd
139 1397 247 1460 primum
259 1410 313 1460 ergo
326 1397 455 1460 dicendum,
467 1398 527 1462 qudd
537 1402 703 1449 sacramentum
713 1397 820 1463 baptismi
834 1403 871 1448 est

60 1479 117 1530 opus
137 1469 202 1530 Dei,
217 1473 240 1519 ct
253 1483 299 1520 uon
315 1469 426 1520 bominis.
441 1471 470 1520 ot
480 1469 532 1522 ideo
544 1483 591 1520 nou
602 1474 638 1520 est
648 1473 763 1520 mortuum
776 1470 801 1520 in
816 1469 869 1520 dcto

61 1538 165 1600 quisine
176 1540 290 1590 charitate
299 1541 438 1604 baptizatur.
912 1546 915 1548 ’

92 1611 278 1660 sesecundum
300 1611 434 1673 dicendum,
457 1611 516 1674 qudd
536 1612 598 1662 detio
617 1623 663 1662 non
683 1615 814 1662 removetur
829 1624 871 1674 per

62 1679 224 1743 baptismum,
235 1683 275 1732 scd
289 1694 330 1744 per
342 1682 500 1746 penitentiam
513 1687 705 1745 consequentem,
717 1682 763 1745 qut
774 1681 870 1742 nuncid,

65 1750 196 1814 baptismus
214 1752 289 1802 aufert
302 1765 393 1803 omnem
404 1755 496 1818 cuipam
511 1757 535 1803 et
545 1760 632 1802 reatum
646 1752 748 1803 omnium
759 1758 871 1816 peccato-

65 1835 113 1872 rum
123 1823 308 1887 precedentium
316 1824 463 1888 baptismum,
473 1829 498 1874 et
506 1825 575 1874 etiarn
586 1824 655 1874 nurui
663 1824 808 1874 existentium
818 1838 870 1874 cum

63 1893 189 1958 baptismo.
212 1895 276 1946 Unde
295 1897 433 1959 Augustinus
451 1895 506 1946 dicit
517 1896 542 1945 in
553 1895 594 1946 lib.
610 1897 648 1945 De
667 1897 802 1959 baptismo
814 1895 872 1956 (ubi

68 1965 151 2031 suprd)
167 1983 175 2015 ι
194 1981 208 2013 n
220 1967 321 2016 solvitur
332 1969 453 2018 hesternus
467 1967 518 2017 dies
529 2006 536 2029 ,
548 1974 572 2017 et
586 1967 696 2030 quidquid
708 1971 813 2032 superest
826 1966 872 2016 sot-

67 2034 135 2100 uitur,
153 2038 224 2088 etiam
243 2037 293 2102 ipsa
309 2040 365 2088 bora
383 2042 567 2102 momentumque
586 2042 640 2089 anm
657 2039 796 2103 baptismum
810 2041 834 2088 et
847 2039 871 2087 in

67 2103 196 2171 baptismo;
210 2108 320 2172 deinceps
328 2113 404 2160 antem
418 2109 528 2158 continui
543 2123 595 2160 rens
608 2123 658 2160 esse
670 2109 785 2173 incipit.»
799 2110 830 2159 ot
839 2109 872 2158 sic

69 2178 94 2226 ad
111 2180 224 2244 baptismi
243 2179 347 2229 effectum
368 2181 551 2243 consequendum
573 2180 685 2232 concurrit
703 2180 830 2244 baptismus
849 2183 872 2230 et

70 2251 224 2314 poenitentia3
239 2251 279 2303 sed
296 2251 422 2315 baptismus
443 2251 501 2302 sicut
517 2265 585 2302 causa
603 2265 644 2316 per
663 2264 688 2302 se
703 2263 787 2315 agorn,
799 2249 872 2316 penni-

71 2321 142 2372 tootia
153 2322 214 2372 sicut
231 2335 301 2374 conse
316 2335 357 2386 per
365 2323 477 2386 accidens,
489 2323 513 2373 id
522 2327 558 2374 est
569 2335 690 2374 removens
706 2321 841 2386 prohibens.

100 2392 379 2454 internuntiorum,
394 2393 454 2456 quid
464 2395 558 2444 effectos
568 2394 675 2458 baptismi
689 2398 781 2443 nonest
794 2394 873 2443 tollere

72 2469 162 2523 peccata
180 2465 275 2528 futura,
291 2463 329 2514 sed
347 2465 470 2528 praesentia
490 2467 526 2516 net
542 2466 665 2530 preterita.
679 2467 710 2514 Et
728 2464 796 2527 ideo,
810 2475 873 2514 rece-

73 2536 137 2588 dente
161 2536 271 2599 fictione,
293 2541 384 2600 peccata
402 2539 520 2602 sequentia
540 2539 687 2588 remittuntur
706 2537 812 2601 quidem,
834 2537 874 2586 sed

75 2621 111 2670 per
124 2607 302 2673 poenitentiam,
317 2621 362 2658 non
375 2623 416 2673 per
431 2609 577 2672 baptismum.
593 2611 656 2660 Unde
670 2623 716 2659 non
729 2607 874 2656 remittuntur

74 2679 183 2794 quantum
203 2679 232 2730 ad
249 2683 321 2729 toturn
337 2687 442 2753 reatumq
457 2681 516 2730 sicut
538 2683 631 2742 peccata
653 2676 802 2743 praecedentia
820 2676 875 2738 bap-

83 2761 170 2806 remum.

106 2859 140 2922 (r)
156 2861 224 2906 nrrss
237 2859 399 2906 cronicorum.
