1942 3284
111 167 157 218 tit
261 177 464 230 soersnnmrurr,
480 176 575 225 onnon
591 179 635 229 xc,
651 179 710 219 ans.
729 181 767 220 vr.

137 257 164 307 a.
177 253 364 318 nuenarius
375 255 485 306 Ecclesiae
497 255 571 320 magis
580 255 649 308 debet
658 268 712 308 esse
722 256 858 310 conformis
866 257 921 310 ritui

108 327 254 390 iudeorum,
271 327 339 391 quim
357 327 410 378 sitm
424 327 558 379 Gentilium.
578 326 623 378 Sed
640 327 762 380 distinctio
783 329 923 396 episcoprl'n

110 398 241 464 muitum,
252 402 276 450 et
289 399 399 450 ordinatio
417 399 485 449 unius
496 411 565 463 snpra
576 399 657 459 alium,
665 402 693 449 nt
700 399 730 449 in
743 400 830 452 littera
841 403 923 454 nciam

110 469 157 536 (lv
171 472 252 528 seat„
264 471 318 521 dist.
337 475 366 520 il
378 471 398 536 l,
411 474 447 521 est
463 470 476 520 l
493 469 623 521 Gentilibus
638 469 792 534 introducta,
802 472 830 522 in
848 475 923 525 veleri

108 546 185 594 autem
199 543 250 606 lege
273 555 318 593 non
337 546 395 594 erat.
410 541 468 606 Ergo
487 551 530 592 nec
546 540 571 591 in
590 541 695 592 Ecclesia
712 541 847 608 episeopus
864 557 925 596 unus

105 621 178 678 super
192 613 263 664 elium
276 625 327 663 esse
343 613 419 663 debet.

137 685 164 736 a.
179 683 299 744 Preterea,
314 683 418 747 superior
436 685 538 748 potestas
551 694 599 733 non
608 685 687 746 potest
701 684 813 735 conferri
826 699 873 749 per
885 687 924 736 in-

106 757 229 818 teriorem,
244 767 318 819 neque
336 755 431 819 aequatis
445 767 485 819 per
498 754 624 818 equolem3
634 753 689 817 quia
703 771 719 802 u
729 754 787 806 sine
804 757 857 807 nlla
871 770 922 808 ooa-

107 827 242 882 tradictione
252 866 259 889 ,
271 826 330 890 quod
345 828 422 876 minus
443 825 518 887 est,l
532 824 615 888 majori
627 823 776 876 benedicitur
790 842 807 874 ι
827 829 923 893 (near

106 901 148 951 llll
159 901 185 964 );
201 899 261 949 unde
280 898 350 949 etiam
362 898 466 948 sacerdos
482 909 529 947 non
544 899 663 960 promovet
684 897 833 962 episcopum
848 913 925 964 neque
970 933 971 982 ,

103 973 263 1035 ,sacerdotem
278 971 317 1021 sed
331 971 453 1034 episcopus
466 967 617 1018 sacerdotem.
631 967 677 1017 Sed
691 968 826 1033 episcopus
845 975 927 1035 potest
970 983 971 1000 l

103 1043 232 1109 quemlibet
244 1042 377 1107 episcopum
395 1053 544 1105 promovere3
559 1039 613 1102 quia
626 1038 695 1088 etiam
710 1039 854 1092 Hostiensis
867 1041 925 1107 ltpi-

105 1127 193 1180 scopus
204 1116 321 1166 consecral
331 1114 423 1177 Papam.
438 1113 499 1173 Ergo
509 1109 645 1175 episcopalis
654 1109 757 1173 dignitas
767 1110 799 1160 in
813 1113 924 1165 omnibns

109 1192 146 1240 est
160 1188 264 1251 equalis,
282 1189 305 1236 et
319 1185 352 1236 sic
364 1197 425 1234 uuus
442 1183 564 1246 episcopus
575 1194 622 1232 non
634 1181 703 1231 debet
718 1181 759 1231 alii
770 1184 887 1248 subesse,
899 1190 923 1235 et

108 1259 134 1310 in
149 1260 225 1312 littera
242 1258 323 1310 dicitur
338 1256 385 1321 (lll
399 1257 480 1310 Sene,
494 1254 548 1304 dist.
557 1252 611 1315 al.)

140 1331 185 1382 Sed
204 1333 281 1382 contra
297 1331 350 1389 est,
368 1326 429 1391 quod
444 1325 528 1389 legitur
545 1324 571 1375 in
584 1323 680 1375 consilio
698 1323 924 1392 Constantinopoli·
969 1370 970 1385 ,

108 1405 164 1452 uno
180 1417 186 1450 :
202 1417 216 1448 u
227 1401 368 1450 veneramur
377 1395 502 1448 secuudum
516 1395 646 1459 Scripturas
659 1398 684 1445 cl
696 1397 834 1448 secundbm
848 1399 921 1450 Gano-
969 1440 970 1447 ,

108 1485 163 1523 num
181 1474 267 1522 statuta
288 1474 312 1521 et
337 1469 498 1532 definitiones,
520 1466 689 1518 sanctissimum
709 1466 822 1532 antiquae
842 1471 923 1522 Roma

107 1543 242 1608 episcopum
262 1543 359 1609 primum
374 1555 425 1592 esse
439 1544 463 1590 et
477 1539 602 1590 maximum
622 1537 811 1603 episcoporum,
829 1546 857 1592 et
873 1549 923 1606 poso

109 1614 188 1681 ipsum
203 1612 479 1677 constantinopolitanum
492 1611 659 1675 episcopum.»
674 1609 735 1673 Ergo
748 1622 817 1662 nnus
829 1614 919 1677 episao

108 1699 154 1751 pus
167 1691 203 1738 est
217 1699 282 1751 supra
294 1683 372 1736 abun.

140 1759 253 1809 Praeterea
262 1794 271 1821 ,
283 1757 364 1806 beatus
382 1753 480 1816 cyrillus
498 1752 619 1817 episcopus
641 1751 820 1804 Alexandrinus
837 1755 920 1806 dicit:

108 1845 126 1878 u
139 1829 168 1879 llt
187 1828 286 1879 membra
303 1835 435 1876 maneamus
453 1823 566 1888 incapite
585 1832 663 1874 nostro
680 1824 823 1885 Apostolico
836 1826 921 1877 throno

108 1891 263 1952 Romanorum
276 1897 420 1959 Pontificum,
433 1897 446 1946 l
457 1909 503 1959 quo
515 1899 617 1946 nostrum
629 1898 663 1944 est
671 1907 787 1957 querno,
798 1896 861 1960 qnid
872 1910 923 1948 cre·

108 1971 174 2035 dere,
183 1974 207 2022 et
223 1969 278 2033 quid
287 1973 367 2020 tenere
381 1967 513 2029 debeamus,
528 1967 604 2030 ipsum
619 1971 769 2027 venerantes,
782 1967 869 2031 ipsum
882 1981 924 2020 ro-

108 2046 190 2106 gantes
204 2055 250 2106 prae
266 2039 370 2092 omnibns
383 2055 390 2088 :
401 2039 508 2103 quoniam
523 2038 595 2102 ipsius
608 2041 645 2088 est
660 2038 860 2103 reprehendere,
872 2053 924 2092 cor*

108 2113 199 2178 ripere,
221 2118 337 2176 statuere,
353 2112 490 2175 disponere,
503 2109 610 2171 soluere,
623 2111 647 2158 et
666 2107 756 2171 ligare,
780 2109 839 2161 loco
859 2111 924 2163 illim

110 2182 150 2247 qui
163 2181 239 2246 ipsum
253 2182 374 2234 edificavit
384 2197 390 2232 z
401 2185 424 2232 et
434 2181 492 2230 nulli
507 2179 545 2230 ulii
555 2180 613 2244 quod
623 2192 689 2229 soum
702 2182 741 2229 ast
748 2179 867 2244 plenum,
882 2184 924 2234 sed

109 2253 155 2318 ipsi
168 2252 210 2304 soli
223 2253 294 2316 dedit,
309 2254 347 2303 cui
361 2264 440 2304 omnes
454 2252 507 2315 jure
518 2249 596 2302 diuino
606 2253 675 2315 caput
686 2249 816 2312 inclinant,
831 2257 859 2302 et
871 2254 922 2318 pri·

109 2329 183 2376 matos
204 2325 283 2374 mundi
302 2329 410 2387 uuquam
427 2323 473 2386 ipsi
488 2323 585 2373 bomine
603 2323 657 2372 taso
679 2320 772 2371 (bristo
793 2323 924 2375 obediunt

109 2396 169 2460 Ergo
184 2395 286 2460 episcopi
306 2395 376 2444 aliem
393 2395 489 2445 subsunt
501 2394 569 2444 etiem
583 2394 611 2444 de
626 2394 679 2456 jure
692 2390 784 2442 diuino.

143 2470 298 2532 (Concessio.
311 2492 343 2502 -
356 2465 448 2515 Ballioni
461 2473 641 2514 consentaneum
653 2465 703 2523 est,
715 2467 742 2512 ut
753 2463 785 2513 cd
804 2466 923 2518 Ecclesiae

109 2538 220 2589 unitatem
232 2536 422 2596 conservandum,
437 2548 506 2599 supra
518 2537 655 2599 potestatem
676 2533 839 2597 episcopalem
858 2537 923 2602 (qna

108 2609 250 2674 particularis
269 2607 363 2660 eeclesia
381 2605 480 2670 regitur)
499 2607 531 2657 sit
551 2604 634 2656 summi
651 2603 772 2655 Pontificio
792 2611 920 2672 poturas,

108 2693 154 2744 qua
166 2682 274 2730 uniuersa
288 2683 377 2744 regatur
390 2677 513 2742 Ecclesia.)

140 2749 276 2814 Respondeo
289 2751 417 2813 dicendum,
426 2749 486 2813 quod
499 2749 635 2812 mirumque
650 2751 704 2798 sunt
713 2747 787 2798 multa
801 2749 923 2813 regim

108 2817 211 2869 ordinata
227 2821 252 2869 in
272 2833 360 2884 uuum,
377 2825 467 2884 oportet
479 2833 531 2871 esse
549 2820 640 2884 aliquod
653 2819 787 2870 uniuersale
809 2820 922 2885 regimen

90 2898 176 2950 ¹supra
193 2891 336 2953 particularia
353 2891 478 2954 regimina,
500 2888 554 2954 qnia
570 2891 596 2942 in
614 2890 717 2942 omnibns
740 2889 876 2943 vitutibus
897 2899 922 2944 et
