1942 3284
92 183 140 229 2³2
264 193 322 230 raus
338 191 378 240 uu,
394 189 486 234 osmer.
504 187 591 240 carru,
608 187 663 228 hur.
681 185 715 230 vl.

92 273 117 319 et
132 269 184 319 idao
196 267 274 318 debuit
286 267 349 331 prihs
363 267 462 317 institui.
473 267 516 317 vel
532 270 608 330 potest
624 267 669 318 diei
682 267 744 331 quod
760 267 889 333 haptiemus

88 339 140 403 jam
155 343 205 390 erat
216 339 342 402 aliqualiter
354 338 474 390 institutus
486 339 511 390 iu
526 341 576 404 ipso
590 339 675 390 Christi
688 341 810 405 haplismo.
823 339 893 390 tlode

91 413 178 534 mm
189 411 258 534 ffiqui
272 413 321 476 ipso
337 410 422 462 christi
433 412 547 476 baptismo
565 411 764 478 erauthaptirati,
774 411 893 476 allegitur

160 519 177 543 .,
221 521 226 534 .

382 582 542 635 hR'l'lCULUS
557 579 594 632 Vl.

37 755 46 774 ι
138 708 224 754 dirim
240 719 319 765 opaca
331 707 449 765 metatis
461 709 537 762 laerta
545 708 672 818 ‘permolesta
679 707 767 765 sipara
780 707 852 764 hayus

420 783 543 818 sacramen
555 785 572 818 a.

125 899 159 949 lu
173 902 262 950 sertum
278 899 312 950 sic
322 901 453 965 proceditur
461 898 508 964 (1).
520 897 614 950 Videtur
627 897 689 962 quhd
700 899 898 964 eguuspaschalis

94 982 140 1020 nou
155 969 224 1021 luerit
239 970 353 1035 precipua
370 970 441 1034 figura
455 969 526 1033 hujus
543 969 687 1020 sacramenti.
712 970 817 1020 Christus
831 969 896 1020 enim

95 1039 177 1092 dlcitur
192 1060 206 1090 «
220 1043 325 1094 sacerdos
337 1041 462 1094 secuudhm
474 1041 577 1092 ordinem
588 1040 763 1104 Melchisedech,
775 1059 789 1090 a
802 1045 898 1106 propter

95 1112 138 1163 hoe
151 1113 212 1178 quhd
225 1114 393 1165 Melchisedech
404 1113 476 1177 pessit
490 1112 585 1176 liguram
600 1112 708 1164 sacrificii
721 1113 822 1175 Christi,
840 1112 899 1165 oile-

94 1195 147 1233 reus
159 1197 242 1248 panem
262 1189 285 1235 et
298 1183 387 1234 viuum.
398 1184 443 1234 Sed
458 1183 576 1247 expressio
589 1181 747 1234 similitudinis
760 1183 816 1233 lacit
834 1183 896 1248 quod

95 1266 166 1304 unum
181 1255 209 1305 ah
220 1255 264 1306 alio
277 1255 443 1306 denominetur.
455 1255 515 1316 Ergo
526 1254 616 1304 uidetur
629 1253 690 1318 qudd
703 1255 787 1306 ohlatio
801 1255 897 1306 ldelchi·

94 1325 179 1377 sedech
191 1327 260 1378 luerit
269 1327 388 1391 potissima
398 1326 470 1389 ligura
483 1325 553 1390 hujus
569 1326 712 1378 sacramenti.

128 1402 153 1446 a.
167 1399 290 1461 preterea,
299 1396 408 1449 transitus
421 1397 490 1448 maris
505 1397 576 1447 ltuhri
590 1396 632 1446 fult
646 1397 717 1460 ligura
730 1397 897 1462 baptismise·

96 1467 194 1519 cundhm
210 1470 267 1520 illud
277 1471 297 1520 1.
315 1469 384 1524 cor..
396 1470 436 1520 X:
452 1470 560 1520 «Omnes
573 1469 681 1533 baptizati
696 1474 751 1521 aaut
762 1471 786 1519 iu
798 1470 859 1520 nube
874 1473 899 1519 ct

95 1540 120 1589 iu
138 1541 205 1591 mari.
220 1557 234 1589 n
251 1542 296 1593 Sed
309 1541 434 1592 immolatio
449 1541 503 1605 agni
518 1539 632 1605 paschalis
648 1542 764 1605 processit
776 1541 898 1592 transitum

95 1611 165 1663 maris
178 1613 263 1678 Rubri,
277 1628 346 1679 quem
361 1614 507 1673 subsecutum
527 1617 562 1664 cst
577 1626 675 1676 manua,
689 1613 748 1664 sicut
761 1614 899 1666 eucharistia

96 1684 199 1748 sequitur
212 1686 358 1750 baptismum.
373 1687 431 1748 Ergo
444 1697 529 1735 manna
544 1687 580 1736 est
593 1685 722 1749 expressior
737 1686 808 1750 ligura
828 1685 899 1750 hujus

96 1758 232 1807 sacramenti
244 1758 311 1822 quim
326 1771 398 1821 agnus
411 1755 533 1821 paschalis.

129 1831 153 1876 3.
170 1829 282 1879 Praeterea
287 1866 298 1893 ,
311 1828 429 1893 potissima
444 1828 517 1878 uirtus
536 1828 607 1892 hujus
625 1827 761 1878 sacramenti
781 1831 818 1878 est
835 1827 897 1892 qudd

97 1897 222 1949 introducit
235 1913 277 1950 uos
293 1900 319 1949 iu
332 1913 428 1962 reguum
439 1899 560 1962 coelorum,
574 1899 633 1950 sicut
649 1901 762 1963 quoddam
780 1899 897 1950 altheum.

98 1969 144 2018 Sed
157 1971 202 2021 hoc
215 1971 314 2023 marimd
327 1971 495 2034 praefiguratum
511 1971 555 2021 luit
567 1972 591 2020 iu
600 1975 741 2022 sacramento
754 1970 897 2036 expiationis,

98 2042 188 2102 qnando
204 2042 309 2104 pontifex
331 2043 429 2092 intrabat
455 2043 526 2092 semel
544 2043 568 2092 iu
589 2056 649 2094 auno
670 2057 722 2093 cum
743 2043 897 2106 sanguinein

98 2110 183 2164 Sancta
192 2114 335 2176 Sanctorum,
347 2113 407 2165 ment
420 2115 539 2179 hpostolus
553 2115 634 2179 prohat
646 2115 731 2172 Hedr„
740 2116 778 2166 lll.
793 2117 851 2179 Ergo
865 2115 897 2164 ui·

99 2183 164 2234 detur
177 2185 237 2249 quod
249 2185 305 2236 illud
318 2185 453 2236 sacrificium
471 2187 541 2238 fuerit
553 2189 682 2252 expressior
695 2187 768 2252 ligura
781 2190 851 2253 hujus
863 2201 897 2240 sa·

98 2257 208 2306 crementi
221 2257 290 2320 quam
303 2269 375 2321 agnus
391 2259 512 2322 paschalis.
953 2249 954 2306 i

129 2327 174 2378 Sed
188 2333 268 2379 coutm
279 2333 324 2391 est,
337 2330 395 2392 quod
410 2331 534 2393 Apostolus
549 2330 612 2393 dicit,
623 2331 642 2382 1.
654 2332 724 2391 eor„
738 2332 757 2380 ll
769 2346 776 2380 :
788 2331 897 2382 «Pascha

98 2402 200 2449 nostrum
214 2399 344 2452 immolatus
360 2406 396 2453 est
415 2402 531 2453 Christus.
546 2403 623 2466 ltaque
637 2404 755 2468 epulemur
768 2403 794 2454 iu
813 2400 896 2468 mrum

98 2469 237 2522 sinceritatis
250 2476 274 2524 et
283 2473 398 2524 ueritatis.
407 2490 421 2521 n
953 2515 954 2542 r

134 2544 466 2611 (cormesio-Quanquam
478 2545 558 2597 multis
569 2546 648 2610 liguris
665 2545 748 2598 luisset
758 2543 896 2598 eucharistie

96 2621 263 2666 sacramentum
276 2617 444 2681 prefiguratum
454 2655 463 2682 ,
474 2617 591 2682 praecipua
600 2621 678 2670 amen
687 2619 759 2682 hgura
771 2618 816 2668 luit
829 2627 896 2680 egum
953 2643 954 2674 2

29 2726 33 2732 .
97 2687 225 2751 paschalis,
240 2687 293 2738 cium
305 2688 430 2740 secundina
444 2689 521 2740 omnia
533 2689 610 2754 ipsum
629 2688 851 2754 representaret.)

132 2794 165 2860 (l)
180 2800 213 2844 lle
227 2797 263 2843 his
272 2797 343 2844 etlam
354 2795 424 2861 lutri,
437 2797 529 2858 queo,
541 2797 713 2857 art.1d,ada;
729 2803 753 2844 et
765 2799 807 2850 Π.
818 2801 896 2845 sent..
953 2791 954 2856 p

97 2859 185 2970 ειιιθ,
198 2873 238 2919 qu.
254 2861 278 2921 1,
290 2867 334 2909 art.
348 2859 377 2920 ὓς
390 2863 477 2909 malet.
490 2861 531 2919 12,
542 2873 583 2920 qu.
594 2861 618 2921 θ,
631 2869 675 2909 art.
685 2861 710 2921 1,
720 2862 862 2918 quatiam.
873 2855 894 2912 8.
953 2867 954 2934 p
