1942 3284
105 183 137 220 uu
151 183 190 219 nus
204 181 258 226 oon
271 181 330 220 cunr
343 179 438 220 innunt
452 175 607 222 secundello
619 179 726 223 onururs.
769 161 816 224 dii

22 261 94 309 utem
111 257 140 309 ad
159 257 258 324 primum
278 259 372 321 notum,
389 261 490 322 potestas
502 259 624 311 sacerdotis
639 271 685 311 non
704 261 817 326 dependet

22 331 42 380 .b
52 329 132 392 aliqua
145 328 256 393 superiori
269 331 390 394 potestate,
399 330 446 380 nisi
460 330 536 380 divina
547 347 554 395 ;
564 331 602 381 sed
615 331 722 395 quautirm
734 333 762 383 ad
777 347 814 384 se-

22 401 118 452 uudum
124 437 134 465 ,
154 401 267 464 dependet
281 401 309 450 ab
323 401 397 464 aliqua
415 401 528 465 superiori
541 406 654 466 potestate
665 406 689 452 et
705 404 816 455 hnmana·

22 472 99 524 lmuis
119 473 181 524 onim
201 475 302 537 potestas
322 485 372 537 quae
389 483 435 522 nou
448 476 523 538 potest
540 473 601 524 exire
619 475 644 524 in
660 478 753 536 actum,
770 477 817 528 nisi

22 543 194 609 uaesuppositis
209 543 342 607 quibusdam
356 543 549 608 ordinationibus,
561 546 673 610 dependet
685 547 713 596 ab
723 546 763 598 ille
775 561 818 612 po·

22 619 100 668 estate
114 629 165 680 quae
178 615 231 666 illas
245 615 400 666 ordinationes
414 615 468 666 iacit
482 627 489 664 t
505 617 611 668 sacerdos
624 621 698 668 autem
712 629 758 668 uon
774 631 817 682 po·

22 691 61 738 est
77 687 197 738 absolvere
207 691 230 737 et
245 686 315 750 ligare
325 686 369 737 uisi
383 687 549 751 praesupposita
561 687 701 751 prolationis
708 687 815 752 jurisdic-

22 758 90 820 ione,
100 770 145 820 qua
157 757 200 807 sibi
211 757 335 808 subdantur
346 757 381 808 iiii
389 771 445 820 quos
461 758 568 808 absoluit.
579 760 656 808 Potest
669 762 746 809 autem
760 772 816 810 corr-

23 841 105 880 ecmre
117 828 240 890 quamlibet
252 829 369 878 materiam
380 829 392 879 ia
403 829 492 879 Christo
503 829 689 894 determinatam
699 843 743 880 nec
755 829 815 880 aliud

23 897 152 961 equiritur,
166 897 274 961 quantiam
293 902 329 949 est
340 901 368 950 de
379 900 516 950 necessitate
532 900 669 950 sacramenti
686 916 693 950 :
709 901 816 966 quamuis

22 983 45 1018 rx
63 970 162 1032 quadam
180 969 321 1032 congruitate
339 974 528 1035 praesuppouatur
545 975 610 1020 aetus
633 971 774 1036 Episcopalis
789 973 817 1023 iu

22 1040 187 1092 eonsecratione
206 1040 293 1103 nitaris,
307 1045 331 1092 et
345 1041 452 1104 uentum,
465 1045 489 1093 et
500 1041 642 1107 hujusmodi.
660 1043 689 1092 Et
700 1042 733 1092 ita
750 1046 815 1106 patet

22 1110 76 1175 pudd
91 1114 195 1176 oporteat
215 1125 267 1163 esse
280 1115 417 1176 potestatem
430 1112 640 1178 Episcopalemitl,
656 1127 724 1178 supra
740 1125 816 1165 sacer-

22 1183 131 1246 dotalem,
147 1181 257 1246 quantdm
269 1185 296 1234 ed
310 1187 385 1234 actum
400 1185 557 1236 secundarium
571 1183 705 1248 sacerdotis,
718 1195 764 1235 non
774 1198 818 1235 au-

22 1265 64 1304 em
78 1253 187 1318 quantiam
197 1256 224 1306 ed
235 1254 342 1318 primum.

47 1327 81 1377 nd
97 1326 195 1390 primurn
211 1339 264 1390 ergo
284 1327 420 1387 dicendum,
432 1325 494 1392 qudd
510 1330 584 1379 Aaron
597 1329 701 1380 sacerdos
717 1326 779 1391 init,
793 1329 818 1379 et

22 1397 138 1464 pontifex,
151 1398 220 1448 idest
239 1399 381 1449 sacerdotum
397 1399 513 1463 princeps.
523 1399 625 1462 Sumpsit
640 1413 694 1464 ergo
712 1399 817 1451 sacerdo-

22 1469 72 1520 :alis
82 1473 182 1532 potestas
195 1469 282 1534 abipso
297 1469 429 1529 exordium,
443 1469 468 1518 iu
482 1469 590 1533 quentin
599 1471 645 1520 luit
661 1472 767 1521 sacerdos
780 1483 818 1520 sa·

22 1540 105 1594 tridcia
117 1539 231 1601 offerens,
244 1538 305 1603 qu'od
324 1540 393 1590 etiam
406 1539 531 1590 minoribus
542 1541 697 1591 sacerdotibus
709 1541 793 1591 licebat
809 1555 817 1590 ε

22 1613 60 1665 red
70 1625 116 1662 nou
126 1612 154 1662 air
164 1624 201 1673 eo,
210 1612 234 1660 in
243 1614 353 1675 qrrautum
364 1609 408 1660 init
416 1609 533 1674 pontifex,
547 1624 667 1675 perquam
679 1613 818 1676 potestatem

22 1687 111 1750 potuum
124 1683 197 1747 eliqua
211 1683 286 1733 tacere
302 1683 336 1746 (ut
350 1681 439 1746 ingredi
449 1682 520 1733 semel
533 1681 557 1731 iu
571 1694 632 1732 anuo
646 1682 731 1731 Sancta
746 1680 820 1732 Sauc-

22 1753 117 1818 torum),
131 1767 181 1818 quae
191 1753 243 1804 aliis
254 1765 301 1804 non
312 1752 421 1802 licebant.

52 1828 87 1878 nd
105 1827 228 1877 secundum
245 1825 381 1887 dicendum,
402 1824 463 1888 qudd
480 1824 590 1888 quantdm
609 1823 637 1873 ad
656 1823 722 1873 illum
742 1827 819 1874 aetum

22 1913 67 1951 uon
82 1903 117 1949 est
132 1899 207 1962 aitqua
219 1899 317 1962 potestas
340 1897 443 1960 superior
448 1933 457 1960 ,
471 1896 511 1946 sed
525 1894 632 1960 quantiam
651 1895 680 1945 ad
698 1895 780 1959 mium,
794 1897 820 1944 ut

22 1972 164 2023 dictumest.

54 2043 89 2090 nd
108 2041 198 2091 tertium
214 2039 351 2100 dicendum,
367 2037 426 2102 qudd
442 2036 501 2088 siem
518 2036 619 2088 omnium
633 2049 709 2087 rernm
723 2039 818 2087 natura-

22 2114 78 2164 lium
89 2112 240 2176 perfectiones
250 2110 400 2175 praexistuut
408 2109 569 2172 exemplariter
576 2107 601 2158 iu
608 2109 664 2170 lieo,
673 2107 704 2157 itu
712 2107 818 2158 Christus

22 2184 68 2236 luit
83 2183 197 2247 exemplar
207 2181 445 2232 omniumofficiorum
454 2177 669 2242 Ecclesiasticorum3
678 2179 819 2230 undeunus-

22 2255 118 2320 quisque
132 2255 233 2305 minister
245 2251 371 2313 Ecdeme,
386 2249 495 2315 quantiam
509 2251 537 2300 ad
549 2249 650 2312 aliquid,
662 2251 721 2314 gerit
737 2254 819 2314 typum

22 2325 117 2388 Christi,
132 2328 157 2375 ut
166 2337 194 2376 ex
206 2325 284 2376 littera
300 2325 363 2388 patet
378 2323 416 2386 (lv
426 2321 508 2380 Scot,
517 2321 570 2370 dist.
584 2321 625 2382 et)
637 2335 644 2370 ε
656 2325 680 2371 et
692 2324 769 2371 tamen
779 2320 819 2370 ille

22 2401 59 2450 est
73 2397 184 2461 superior,
204 2398 242 2462 qui
264 2394 388 2447 secuudirrn
402 2393 511 2457 maiorem
524 2392 687 2455 permotionem
704 2392 822 2442 Christum

22 2469 177 2533 repraesentat.
188 2467 297 2519 Sacerdos
307 2469 383 2517 autem
391 2467 539 2528 repraesentet
548 2463 665 2514 Christum
673 2464 697 2512 iu
706 2465 749 2513 lroe
757 2461 820 2526 quod

25 2553 64 2604 per
80 2540 180 2604 scipsum
194 2539 284 2604 aliquod
301 2535 453 2588 ministerium
467 2535 587 2599 implerit3
602 2537 641 2586 sed
654 2535 774 2599 episcopus
793 2533 819 2584 iu

58 2715 91 2779 ll)
106 2716 134 2762 Sa·
146 2717 201 2774 quie
221 2717 316 2762 dicerit
327 2715 449 2773 episcopos
464 2723 515 2755 mou
530 2722 577 2755 emo
589 2709 734 2768 metuerit
746 2720 817 2767 ωρο-

22 2782 116 2830 rr'orer,
124 2779 162 2824 oei
170 2791 220 2823 moro
230 2779 315 2825 holere
322 2779 460 2836 potestatem
469 2773 633 2830 confimorudr'
640 2775 662 2817 et
672 2770 820 2822 ordinandi,

24 2845 63 2890 uel
76 2855 127 2888 eom
146 2851 217 2900 quom
237 2841 339 2895 habeut,
352 2839 407 2884 illis
421 2847 468 2882 esee
491 2845 545 2881 earm
557 2835 704 2896 poeodyterie
716 2845 821 2880 eommo-

22 2918 133 2956 erom....,
146 2903 274 2950 matteum
285 2905 326 2950 ull.
340 2904 413 2949 (tono.
427 2898 502 2959 Trid,
513 2909 568 2946 sere.
583 2899 665 2959 xlllll,
677 2909 730 2946 onn.
747 2896 772 2943 l.
