<?xml version="1.0" encoding="UTF-8"?>
<!DOCTYPE html PUBLIC "-//W3C//DTD XHTML 1.0 Transitional//EN"
    "http://www.w3.org/TR/xhtml1/DTD/xhtml1-transitional.dtd">
<html xmlns="http://www.w3.org/1999/xhtml" xml:lang="en" lang="en">
 <head>
  <title>
</title>
<meta http-equiv="Content-Type" content="text/html;charset=utf-8" />
  <meta name='ocr-system' content='tesseract 3.04.00' />
  <meta name='ocr-capabilities' content='ocr_page ocr_carea ocr_par ocr_line ocrx_word'/>
</head>
<body>
  <div class='ocr_page' id='page_1' title='image "./summatheologica01nicogoog_0725.png"; bbox 0 0 1942 3284; ppageno 0'>
   <div class='ocr_carea' id='block_1_1' title="bbox 269 208 821 277">
    <p class='ocr_par' dir='ltr' id='par_1_1' title="bbox 269 208 821 277">
     <span class='ocr_line' id='line_1_1' title="bbox 269 208 821 277; baseline -0.002 -20"><span class='ocrx_word' id='word_1_1' title='bbox 269 219 300 277; x_wconf 82' lang='lat' dir='ltr'>na</span> <span class='ocrx_word' id='word_1_2' title='bbox 314 219 434 258; x_wconf 75' lang='lat' dir='ltr'>marram</span> <span class='ocrx_word' id='word_1_3' title='bbox 450 217 569 259; x_wconf 81' lang='lat' dir='ltr'>cuavruru.</span> <span class='ocrx_word' id='word_1_4' title='bbox 774 208 821 263; x_wconf 77' lang='lat' dir='ltr'>‘ltl</span> 
     </span>
    </p>
   </div>
   <div class='ocr_carea' id='block_1_2' title="bbox 19 292 823 433">
    <p class='ocr_par' dir='ltr' id='par_1_2' title="bbox 19 292 823 433">
     <span class='ocr_line' id='line_1_2' title="bbox 19 292 823 361; baseline 0.002 -16"><span class='ocrx_word' id='word_1_5' title='bbox 19 292 224 360; x_wconf 67' lang='lat' dir='ltr'>regularitatihm</span> <span class='ocrx_word' id='word_1_6' title='bbox 238 294 342 346; x_wconf 83' lang='lat' dir='ltr'>hemines</span> <span class='ocrx_word' id='word_1_7' title='bbox 353 294 490 361; x_wconf 75' lang='lat' dir='ltr'>purgabant,</span> <span class='ocrx_word' id='word_1_8' title='bbox 500 299 526 346; x_wconf 91' lang='lat' dir='ltr'>ut</span> <span class='ocrx_word' id='word_1_9' title='bbox 535 296 565 349; x_wconf 86' lang='lat' dir='ltr'>ad</span> <span class='ocrx_word' id='word_1_10' title='bbox 584 294 739 351; x_wconf 82' lang='lat' dir='ltr'>mmnlautun</span> <span class='ocrx_word' id='word_1_11' title='bbox 748 296 823 349; x_wconf 84' lang='lat' dir='ltr'>taher-</span> 
     </span>
     <span class='ocr_line' id='line_1_3' title="bbox 19 364 548 433; baseline 0.004 -16"><span class='ocrx_word' id='word_1_12' title='bbox 19 367 124 418; x_wconf 82' lang='lat' dir='ltr'>iaculum</span> <span class='ocrx_word' id='word_1_13' title='bbox 139 364 215 417; x_wconf 84' lang='lat' dir='ltr'>aditus</span> <span class='ocrx_word' id='word_1_14' title='bbox 228 366 329 433; x_wconf 72' lang='lat' dir='ltr'>purgatis</span> <span class='ocrx_word' id='word_1_15' title='bbox 340 380 381 431; x_wconf 86' lang='lat' dir='ltr'>per</span> <span class='ocrx_word' id='word_1_16' title='bbox 399 379 440 418; x_wconf 86' lang='lat' dir='ltr'>eur</span> <span class='ocrx_word' id='word_1_17' title='bbox 451 370 548 432; x_wconf 85' lang='lat' dir='ltr'>pateret.</span> 
     </span>
    </p>
   </div>
   <div class='ocr_carea' id='block_1_3' title="bbox 318 545 524 597">
    <p class='ocr_par' dir='ltr' id='par_1_3' title="bbox 318 545 524 597">
     <span class='ocr_line' id='line_1_4' title="bbox 318 545 524 597; baseline -0.01 0"><span class='ocrx_word' id='word_1_18' title='bbox 318 545 480 597; x_wconf 70' lang='lat' dir='ltr'>lancheim</span> <span class='ocrx_word' id='word_1_19' title='bbox 493 546 524 597; x_wconf 92' lang='lat' dir='ltr'>ll.</span> 
     </span>
    </p>
   </div>
   <div class='ocr_carea' id='block_1_4' title="bbox 201 670 643 722">
    <p class='ocr_par' dir='ltr' id='par_1_4' title="bbox 201 670 643 722">
     <span class='ocr_line' id='line_1_5' title="bbox 201 670 643 722; baseline 0.011 -8"><span class='ocrx_word' id='word_1_20' title='bbox 201 670 287 715; x_wconf 74' lang='lat' dir='ltr'>Uirium</span> <span class='ocrx_word' id='word_1_21' title='bbox 297 670 407 717; x_wconf 67' lang='lat' dir='ltr'>ebriatur</span> <span class='ocrx_word' id='word_1_22' title='bbox 424 671 516 717; x_wconf 76' lang='lat' dir='ltr'>clavem</span> <span class='ocrx_word' id='word_1_23' title='bbox 526 670 643 722; x_wconf 71' lang='lat' dir='ltr'>talama.</span> 
     </span>
    </p>
   </div>
   <div class='ocr_carea' id='block_1_5' title="bbox 19 794 832 2503">
    <p class='ocr_par' dir='ltr' id='par_1_5' title="bbox 19 794 826 1359">
     <span class='ocr_line' id='line_1_6' title="bbox 42 794 823 862; baseline 0.006 -16"><span class='ocrx_word' id='word_1_24' title='bbox 42 795 81 846; x_wconf 78' lang='lat' dir='ltr'>hd</span> <span class='ocrx_word' id='word_1_25' title='bbox 97 796 228 846; x_wconf 75' lang='lat' dir='ltr'>secunlum</span> <span class='ocrx_word' id='word_1_26' title='bbox 247 794 283 847; x_wconf 86' lang='lat' dir='ltr'>aic</span> <span class='ocrx_word' id='word_1_27' title='bbox 302 796 440 861; x_wconf 76' lang='lat' dir='ltr'><strong>proceditur.</strong></span> <span class='ocrx_word' id='word_1_28' title='bbox 458 797 554 849; x_wconf 83' lang='lat' dir='ltr'>Videtur</span> <span class='ocrx_word' id='word_1_29' title='bbox 570 798 631 862; x_wconf 81' lang='lat' dir='ltr'>qula</span> <span class='ocrx_word' id='word_1_30' title='bbox 656 799 759 851; x_wconf 83' lang='lat' dir='ltr'>Christus</span> <span class='ocrx_word' id='word_1_31' title='bbox 775 813 823 853; x_wconf 88' lang='lat' dir='ltr'>non</span> 
     </span>
     <span class='ocr_line' id='line_1_7' title="bbox 19 864 821 935; baseline 0.007 -19"><span class='ocrx_word' id='word_1_32' title='bbox 19 866 124 918; x_wconf 73' lang='lat' dir='ltr'>hahuerit</span> <span class='ocrx_word' id='word_1_33' title='bbox 138 864 235 917; x_wconf 85' lang='lat' dir='ltr'>clarem.</span> <span class='ocrx_word' id='word_1_34' title='bbox 243 867 322 918; x_wconf 80' lang='lat' dir='ltr'>claris</span> <span class='ocrx_word' id='word_1_35' title='bbox 331 867 391 919; x_wconf 89' lang='lat' dir='ltr'>eninr</span> <span class='ocrx_word' id='word_1_36' title='bbox 401 868 557 921; x_wconf 73' lang='lat' dir='ltr'>characterem</span> <span class='ocrx_word' id='word_1_37' title='bbox 569 868 656 921; x_wconf 81' lang='lat' dir='ltr'>ordinis</span> <span class='ocrx_word' id='word_1_38' title='bbox 667 871 821 935; x_wconf 78' lang='lat' dir='ltr'>consequitur.</span> 
     </span>
     <span class='ocr_line' id='line_1_8' title="bbox 19 936 822 1005; baseline 0.009 -17"><span class='ocrx_word' id='word_1_39' title='bbox 19 936 57 989; x_wconf 72' lang='lat' dir='ltr'>iel</span> <span class='ocrx_word' id='word_1_40' title='bbox 71 936 186 989; x_wconf 72' lang='lat' dir='ltr'>Christus</span> <span class='ocrx_word' id='word_1_41' title='bbox 201 951 248 990; x_wconf 88' lang='lat' dir='ltr'>nou</span> <span class='ocrx_word' id='word_1_42' title='bbox 265 938 345 991; x_wconf 84' lang='lat' dir='ltr'>hahuit</span> <span class='ocrx_word' id='word_1_43' title='bbox 358 940 522 993; x_wconf 76' lang='lat' dir='ltr'>characterem.</span> <span class='ocrx_word' id='word_1_44' title='bbox 544 941 602 1005; x_wconf 72' lang='lat' dir='ltr'>argu</span> <span class='ocrx_word' id='word_1_45' title='bbox 616 954 664 993; x_wconf 88' lang='lat' dir='ltr'>uun</span> <span class='ocrx_word' id='word_1_46' title='bbox 675 941 757 993; x_wconf 79' lang='lat' dir='ltr'>habuit</span> <span class='ocrx_word' id='word_1_47' title='bbox 768 943 822 995; x_wconf 81' lang='lat' dir='ltr'>ela-</span> 
     </span>
     <span class='ocr_line' id='line_1_9' title="bbox 19 1020 806 1069; baseline 0.006 -12"><span class='ocrx_word' id='word_1_48' title='bbox 19 1020 76 1060; x_wconf 68' lang='lat' dir='ltr'>iem.</span> <span class='ocrx_word' id='word_1_49' title='bbox 802 1038 806 1069; x_wconf 85' lang='lat'>.&#39;</span> 
     </span>
     <span class='ocr_line' id='line_1_10' title="bbox 47 1080 824 1147; baseline 0.012 -18"><span class='ocrx_word' id='word_1_50' title='bbox 47 1082 72 1130; x_wconf 79' lang='lat'>2.</span> <span class='ocrx_word' id='word_1_51' title='bbox 94 1080 223 1144; x_wconf 70' lang='lat' dir='ltr'>praterea,</span> <span class='ocrx_word' id='word_1_52' title='bbox 238 1081 343 1134; x_wconf 78' lang='lat' dir='ltr'>Christus</span> <span class='ocrx_word' id='word_1_53' title='bbox 363 1080 444 1133; x_wconf 92' lang='lat' dir='ltr'>hahuit</span> <span class='ocrx_word' id='word_1_54' title='bbox 468 1083 494 1134; x_wconf 90' lang='lat' dir='ltr'>in</span> <span class='ocrx_word' id='word_1_55' title='bbox 517 1082 665 1135; x_wconf 83' lang='lat' dir='ltr'>sacramenh&#39;a</span> <span class='ocrx_word' id='word_1_56' title='bbox 686 1086 824 1147; x_wconf 80' lang='lat' dir='ltr'>potestaten</span> 
     </span>
     <span class='ocr_line' id='line_1_11' title="bbox 19 1150 826 1219; baseline 0.002 -16"><span class='ocrx_word' id='word_1_57' title='bbox 19 1150 174 1215; x_wconf 78' lang='lat' dir='ltr'>excelentia,</span> <span class='ocrx_word' id='word_1_58' title='bbox 179 1156 205 1202; x_wconf 90' lang='lat' dir='ltr'>ut</span> <span class='ocrx_word' id='word_1_59' title='bbox 214 1152 321 1205; x_wconf 81' lang='lat' dir='ltr'>ellectum</span> <span class='ocrx_word' id='word_1_60' title='bbox 329 1153 466 1205; x_wconf 84' lang='lat' dir='ltr'>sacmmenti</span> <span class='ocrx_word' id='word_1_61' title='bbox 473 1153 523 1205; x_wconf 83' lang='lat' dir='ltr'>aine</span> <span class='ocrx_word' id='word_1_62' title='bbox 534 1154 737 1205; x_wconf 81' lang='lat' dir='ltr'>sacramentalibus</span> <span class='ocrx_word' id='word_1_63' title='bbox 746 1158 826 1219; x_wconf 79' lang='lat' dir='ltr'>posset</span> 
     </span>
     <span class='ocr_line' id='line_1_12' title="bbox 19 1221 822 1291; baseline 0.011 -19"><span class='ocrx_word' id='word_1_64' title='bbox 19 1221 132 1275; x_wconf 85' lang='lat' dir='ltr'>uunlerre.</span> <span class='ocrx_word' id='word_1_65' title='bbox 148 1222 194 1274; x_wconf 85' lang='lat' dir='ltr'>Sel</span> <span class='ocrx_word' id='word_1_66' title='bbox 207 1223 277 1275; x_wconf 86' lang='lat' dir='ltr'>clauis</span> <span class='ocrx_word' id='word_1_67' title='bbox 291 1228 327 1277; x_wconf 84' lang='lat' dir='ltr'>ert</span> <span class='ocrx_word' id='word_1_68' title='bbox 339 1225 452 1291; x_wconf 81' lang='lat' dir='ltr'>quoddam</span> <span class='ocrx_word' id='word_1_69' title='bbox 464 1223 636 1276; x_wconf 83' lang='lat' dir='ltr'>sacramentale.</span> <span class='ocrx_word' id='word_1_70' title='bbox 653 1225 712 1291; x_wconf 75' lang='lat' dir='ltr'>hmo</span> <span class='ocrx_word' id='word_1_71' title='bbox 726 1238 772 1277; x_wconf 85' lang='lat' dir='ltr'>nun</span> <span class='ocrx_word' id='word_1_72' title='bbox 785 1224 822 1281; x_wconf 81' lang='lat' dir='ltr'>in·</span> 
     </span>
     <span class='ocr_line' id='line_1_13' title="bbox 19 1291 604 1359; baseline 0.01 -16"><span class='ocrx_word' id='word_1_73' title='bbox 19 1291 111 1358; x_wconf 75' lang='lat' dir='ltr'>ligehat</span> <span class='ocrx_word' id='word_1_74' title='bbox 128 1294 204 1359; x_wconf 83' lang='lat' dir='ltr'>clavi,</span> <span class='ocrx_word' id='word_1_75' title='bbox 217 1300 241 1349; x_wconf 89' lang='lat' dir='ltr'>et</span> <span class='ocrx_word' id='word_1_76' title='bbox 256 1297 290 1348; x_wconf 85' lang='lat' dir='ltr'>sic</span> <span class='ocrx_word' id='word_1_77' title='bbox 308 1297 393 1348; x_wconf 80' lang='lat' dir='ltr'>frustra</span> <span class='ocrx_word' id='word_1_78' title='bbox 411 1310 462 1349; x_wconf 87' lang='lat' dir='ltr'>eam</span> <span class='ocrx_word' id='word_1_79' title='bbox 475 1296 604 1349; x_wconf 82' lang='lat' dir='ltr'>hahuisaet.</span> 
     </span>
    </p>

    <p class='ocr_par' dir='ltr' id='par_1_6' title="bbox 19 1365 826 1503">
     <span class='ocr_line' id='line_1_14' title="bbox 48 1365 826 1434; baseline 0.003 -17"><span class='ocrx_word' id='word_1_80' title='bbox 48 1365 95 1417; x_wconf 87' lang='lat' dir='ltr'>Sed</span> <span class='ocrx_word' id='word_1_81' title='bbox 108 1369 190 1417; x_wconf 81' lang='lat' dir='ltr'>centra</span> <span class='ocrx_word' id='word_1_82' title='bbox 201 1372 249 1432; x_wconf 83' lang='lat' dir='ltr'>eal,</span> <span class='ocrx_word' id='word_1_83' title='bbox 260 1368 321 1433; x_wconf 81' lang='lat' dir='ltr'>quud</span> <span class='ocrx_word' id='word_1_84' title='bbox 334 1367 430 1431; x_wconf 87' lang='lat' dir='ltr'>dicitur,</span> <span class='ocrx_word' id='word_1_85' title='bbox 445 1367 596 1434; x_wconf 77' lang='lat' dir='ltr'>Aporal.,lll</span> <span class='ocrx_word' id='word_1_86' title='bbox 609 1383 616 1421; x_wconf 74' lang='grc' dir='ltr'><strong><em>ε</em></strong></span> <span class='ocrx_word' id='word_1_87' title='bbox 629 1368 708 1423; x_wconf 77' lang='lat' dir='ltr'>ullae</span> <span class='ocrx_word' id='word_1_88' title='bbox 721 1367 777 1421; x_wconf 85' lang='lat' dir='ltr'>dicit</span> <span class='ocrx_word' id='word_1_89' title='bbox 785 1367 826 1433; x_wconf 77' lang='lat' dir='ltr'>qui</span> 
     </span>
     <span class='ocr_line' id='line_1_15' title="bbox 19 1434 370 1503; baseline 0.006 -18"><span class='ocrx_word' id='word_1_90' title='bbox 19 1434 88 1487; x_wconf 86' lang='lat' dir='ltr'>hahrt</span> <span class='ocrx_word' id='word_1_91' title='bbox 97 1437 191 1489; x_wconf 84' lang='lat' dir='ltr'>clarem</span> <span class='ocrx_word' id='word_1_92' title='bbox 204 1438 284 1503; x_wconf 80' lang='lat' dir='ltr'>liarid,</span> <span class='ocrx_word' id='word_1_93' title='bbox 300 1442 370 1491; x_wconf 77' lang='lat' dir='ltr'>etc.»</span> 
     </span>
    </p>

    <p class='ocr_par' dir='ltr' id='par_1_7' title="bbox 21 1506 829 1789">
     <span class='ocr_line' id='line_1_16' title="bbox 49 1506 826 1574; baseline 0.009 -16"><span class='ocrx_word' id='word_1_94' title='bbox 49 1506 207 1571; x_wconf 75' lang='lat' dir='ltr'>(concursio.</span> <span class='ocrx_word' id='word_1_95' title='bbox 217 1538 249 1549; x_wconf 90' lang='lat'><em>—</em></span> <span class='ocrx_word' id='word_1_96' title='bbox 260 1510 383 1571; x_wconf 82' lang='lat' dir='ltr'>Chriatuu,</span> <span class='ocrx_word' id='word_1_97' title='bbox 398 1509 450 1561; x_wconf 85' lang='lat' dir='ltr'>chun</span> <span class='ocrx_word' id='word_1_98' title='bbox 461 1509 488 1561; x_wconf 92' lang='lat' dir='ltr'>in</span> <span class='ocrx_word' id='word_1_99' title='bbox 499 1514 553 1561; x_wconf 90' lang='lat' dir='ltr'>actu</span> <span class='ocrx_word' id='word_1_100' title='bbox 568 1510 684 1574; x_wconf 82' lang='lat' dir='ltr'>clavium,</span> <span class='ocrx_word' id='word_1_101' title='bbox 698 1508 788 1563; x_wconf 78' lang='lat' dir='ltr'>scilicet</span> <span class='ocrx_word' id='word_1_102' title='bbox 801 1509 826 1565; x_wconf 80' lang='lat' dir='ltr'>in</span> 
     </span>
     <span class='ocr_line' id='line_1_17' title="bbox 21 1578 829 1646; baseline 0.009 -20"><span class='ocrx_word' id='word_1_103' title='bbox 21 1578 148 1643; x_wconf 84' lang='lat' dir='ltr'>aperiendo</span> <span class='ocrx_word' id='word_1_104' title='bbox 164 1581 202 1633; x_wconf 85' lang='lat' dir='ltr'>uel</span> <span class='ocrx_word' id='word_1_105' title='bbox 217 1582 343 1634; x_wconf 85' lang='lat' dir='ltr'>claudendo</span> <span class='ocrx_word' id='word_1_106' title='bbox 357 1582 416 1633; x_wconf 84' lang='lat' dir='ltr'>coelu</span> <span class='ocrx_word' id='word_1_107' title='bbox 423 1617 433 1645; x_wconf 88' lang='lat'><em>,</em></span> <span class='ocrx_word' id='word_1_108' title='bbox 446 1582 477 1631; x_wconf 85' lang='lat' dir='ltr'>ait</span> <span class='ocrx_word' id='word_1_109' title='bbox 490 1581 618 1646; x_wconf 77' lang='lat' dir='ltr'>principale</span> <span class='ocrx_word' id='word_1_110' title='bbox 629 1594 713 1645; x_wconf 79' lang='lat' dir='ltr'>agens,</span> <span class='ocrx_word' id='word_1_111' title='bbox 728 1586 755 1633; x_wconf 91' lang='lat' dir='ltr'>ut</span> <span class='ocrx_word' id='word_1_112' title='bbox 768 1582 829 1633; x_wconf 84' lang='lat' dir='ltr'>heus</span> 
     </span>
     <span class='ocr_line' id='line_1_18' title="bbox 22 1650 827 1716; baseline 0.011 -18"><span class='ocrx_word' id='word_1_113' title='bbox 22 1659 62 1711; x_wconf 90' lang='lat' dir='ltr'>per</span> <span class='ocrx_word' id='word_1_114' title='bbox 77 1650 254 1715; x_wconf 86' lang='lat' dir='ltr'>auctoritatem,</span> <span class='ocrx_word' id='word_1_115' title='bbox 268 1657 292 1705; x_wconf 93' lang='lat' dir='ltr'>et</span> <span class='ocrx_word' id='word_1_116' title='bbox 302 1656 329 1704; x_wconf 91' lang='lat' dir='ltr'>ut</span> <span class='ocrx_word' id='word_1_117' title='bbox 339 1653 408 1704; x_wconf 82' lang='lat' dir='ltr'>honre</span> <span class='ocrx_word' id='word_1_118' title='bbox 422 1664 463 1716; x_wconf 89' lang='lat' dir='ltr'>per</span> <span class='ocrx_word' id='word_1_119' title='bbox 472 1652 592 1715; x_wconf 86' lang='lat' dir='ltr'>meritum,</span> <span class='ocrx_word' id='word_1_120' title='bbox 607 1652 697 1703; x_wconf 82' lang='lat' dir='ltr'>clarem</span> <span class='ocrx_word' id='word_1_121' title='bbox 710 1653 827 1707; x_wconf 79' lang='lat' dir='ltr'>excellen-</span> 
     </span>
     <span class='ocr_line' id='line_1_19' title="bbox 24 1717 285 1789; baseline 0.031 -22"><span class='ocrx_word' id='word_1_122' title='bbox 24 1717 61 1770; x_wconf 81' lang='lat' dir='ltr'>tie</span> <span class='ocrx_word' id='word_1_123' title='bbox 73 1721 161 1773; x_wconf 90' lang='lat' dir='ltr'>hahere</span> <span class='ocrx_word' id='word_1_124' title='bbox 175 1722 285 1789; x_wconf 86' lang='lat' dir='ltr'>dicitur.)</span> 
     </span>
    </p>

    <p class='ocr_par' dir='ltr' id='par_1_8' title="bbox 25 1791 832 2503">
     <span class='ocr_line' id='line_1_20' title="bbox 52 1791 826 1860; baseline 0.003 -19"><span class='ocrx_word' id='word_1_125' title='bbox 52 1791 193 1859; x_wconf 81' lang='lat' dir='ltr'>Respondec</span> <span class='ocrx_word' id='word_1_126' title='bbox 212 1795 347 1859; x_wconf 83' lang='lat' dir='ltr'>dicendum,</span> <span class='ocrx_word' id='word_1_127' title='bbox 368 1793 428 1860; x_wconf 85' lang='lat' dir='ltr'>qnhd</span> <span class='ocrx_word' id='word_1_128' title='bbox 444 1792 518 1847; x_wconf 79' lang='lat' dir='ltr'>uirtus</span> <span class='ocrx_word' id='word_1_129' title='bbox 535 1792 621 1857; x_wconf 84' lang='lat' dir='ltr'>aliquid</span> <span class='ocrx_word' id='word_1_130' title='bbox 645 1792 729 1857; x_wconf 76' lang='lat' dir='ltr'>rpendi</span> <span class='ocrx_word' id='word_1_131' title='bbox 747 1796 784 1845; x_wconf 86' lang='lat' dir='ltr'>est</span> <span class='ocrx_word' id='word_1_132' title='bbox 801 1792 826 1843; x_wconf 92' lang='lat' dir='ltr'>in</span> 
     </span>
     <span class='ocr_line' id='line_1_21' title="bbox 25 1857 827 1933; baseline 0.005 -20"><span class='ocrx_word' id='word_1_133' title='bbox 25 1857 193 1929; x_wconf 78' lang='lat' dir='ltr'>instrumento,</span> <span class='ocrx_word' id='word_1_134' title='bbox 207 1871 231 1919; x_wconf 92' lang='lat' dir='ltr'>et</span> <span class='ocrx_word' id='word_1_135' title='bbox 244 1867 269 1918; x_wconf 91' lang='lat' dir='ltr'>iu</span> <span class='ocrx_word' id='word_1_136' title='bbox 287 1882 328 1933; x_wconf 85' lang='lat' dir='ltr'>per</span> <span class='ocrx_word' id='word_1_137' title='bbox 341 1880 366 1919; x_wconf 85' lang='lat' dir='ltr'>ue</span> <span class='ocrx_word' id='word_1_138' title='bbox 379 1868 479 1930; x_wconf 79' lang='lat' dir='ltr'>agente,</span> <span class='ocrx_word' id='word_1_139' title='bbox 494 1878 542 1917; x_wconf 89' lang='lat' dir='ltr'>rmn</span> <span class='ocrx_word' id='word_1_140' title='bbox 555 1865 636 1916; x_wconf 86' lang='lat' dir='ltr'>rodem</span> <span class='ocrx_word' id='word_1_141' title='bbox 649 1864 733 1927; x_wconf 83' lang='lat' dir='ltr'>mnd03</span> <span class='ocrx_word' id='word_1_142' title='bbox 747 1864 790 1917; x_wconf 82' lang='lat' dir='ltr'>seh</span> <span class='ocrx_word' id='word_1_143' title='bbox 801 1863 827 1917; x_wconf 90' lang='lat' dir='ltr'>in</span> 
     </span>
     <span class='ocr_line' id='line_1_22' title="bbox 25 1936 827 2003; baseline 0.001 -16"><span class='ocrx_word' id='word_1_144' title='bbox 25 1944 64 1995; x_wconf 77' lang='lat' dir='ltr'>lter</span> <span class='ocrx_word' id='word_1_145' title='bbox 81 1950 107 1987; x_wconf 81' lang='lat' dir='ltr'>ae</span> <span class='ocrx_word' id='word_1_146' title='bbox 125 1942 208 2002; x_wconf 78' lang='lat' dir='ltr'>agente</span> <span class='ocrx_word' id='word_1_147' title='bbox 224 1941 261 1991; x_wconf 81' lang='lat' dir='ltr'>eat</span> <span class='ocrx_word' id='word_1_148' title='bbox 276 1937 409 2003; x_wconf 86' lang='lat' dir='ltr'>perlectiha.</span> <span class='ocrx_word' id='word_1_149' title='bbox 425 1940 530 1989; x_wconf 83' lang='lat' dir='ltr'>Potestas</span> <span class='ocrx_word' id='word_1_150' title='bbox 543 1940 618 1987; x_wconf 88' lang='lat' dir='ltr'>autem</span> <span class='ocrx_word' id='word_1_151' title='bbox 638 1936 735 1987; x_wconf 83' lang='lat' dir='ltr'>clavium</span> <span class='ocrx_word' id='word_1_152' title='bbox 758 1948 827 2001; x_wconf 83' lang='lat' dir='ltr'>quam</span> 
     </span>
     <span class='ocr_line' id='line_1_23' title="bbox 26 2007 825 2075; baseline 0 -16"><span class='ocrx_word' id='word_1_153' title='bbox 26 2016 67 2057; x_wconf 82' lang='lat' dir='ltr'>llos</span> <span class='ocrx_word' id='word_1_154' title='bbox 78 2009 206 2075; x_wconf 77' lang='lat' dir='ltr'>hahemus,</span> <span class='ocrx_word' id='word_1_155' title='bbox 222 2013 248 2063; x_wconf 88' lang='lat' dir='ltr'>et</span> <span class='ocrx_word' id='word_1_156' title='bbox 264 2010 359 2063; x_wconf 86' lang='lat' dir='ltr'>ahnmm</span> <span class='ocrx_word' id='word_1_157' title='bbox 375 2012 568 2062; x_wconf 84' lang='lat' dir='ltr'>sacramentorum</span> <span class='ocrx_word' id='word_1_158' title='bbox 585 2008 672 2067; x_wconf 85' lang='lat' dir='ltr'>uirtus.</span> <span class='ocrx_word' id='word_1_159' title='bbox 688 2010 725 2059; x_wconf 90' lang='lat' dir='ltr'>est</span> <span class='ocrx_word' id='word_1_160' title='bbox 737 2007 825 2059; x_wconf 86' lang='lat' dir='ltr'>instru-</span> 
     </span>
     <span class='ocr_line' id='line_1_24' title="bbox 27 2079 828 2151; baseline 0.014 -25"><span class='ocrx_word' id='word_1_161' title='bbox 27 2080 148 2151; x_wconf 82' lang='lat' dir='ltr'>mentalis3</span> <span class='ocrx_word' id='word_1_162' title='bbox 163 2082 203 2134; x_wconf 87' lang='lat' dir='ltr'>sed</span> <span class='ocrx_word' id='word_1_163' title='bbox 217 2082 242 2133; x_wconf 93' lang='lat' dir='ltr'>in</span> <span class='ocrx_word' id='word_1_164' title='bbox 255 2083 346 2135; x_wconf 82' lang='lat' dir='ltr'>christo</span> <span class='ocrx_word' id='word_1_165' title='bbox 359 2086 394 2134; x_wconf 82' lang='lat' dir='ltr'>ert</span> <span class='ocrx_word' id='word_1_166' title='bbox 409 2084 435 2132; x_wconf 92' lang='lat' dir='ltr'>ut</span> <span class='ocrx_word' id='word_1_167' title='bbox 449 2081 475 2132; x_wconf 85' lang='lat' dir='ltr'>iu</span> <span class='ocrx_word' id='word_1_168' title='bbox 488 2094 529 2147; x_wconf 86' lang='lat' dir='ltr'>per</span> <span class='ocrx_word' id='word_1_169' title='bbox 547 2094 572 2132; x_wconf 84' lang='lat' dir='ltr'>re</span> <span class='ocrx_word' id='word_1_170' title='bbox 592 2084 673 2144; x_wconf 80' lang='lat' dir='ltr'>agente</span> <span class='ocrx_word' id='word_1_171' title='bbox 687 2079 717 2130; x_wconf 86' lang='lat' dir='ltr'>ad</span> <span class='ocrx_word' id='word_1_172' title='bbox 731 2080 828 2137; x_wconf 72' lang='lat' dir='ltr'>salutem</span> 
     </span>
     <span class='ocr_line' id='line_1_25' title="bbox 28 2151 828 2219; baseline 0.005 -20"><span class='ocrx_word' id='word_1_173' title='bbox 28 2152 128 2203; x_wconf 80' lang='lat' dir='ltr'>nostram</span> <span class='ocrx_word' id='word_1_174' title='bbox 135 2189 145 2217; x_wconf 87' lang='lat'>,</span> <span class='ocrx_word' id='word_1_175' title='bbox 158 2167 200 2218; x_wconf 89' lang='lat' dir='ltr'>per</span> <span class='ocrx_word' id='word_1_176' title='bbox 216 2154 374 2205; x_wconf 85' lang='lat' dir='ltr'>auctoritatem</span> <span class='ocrx_word' id='word_1_177' title='bbox 389 2151 482 2219; x_wconf 85' lang='lat' dir='ltr'>quidem</span> <span class='ocrx_word' id='word_1_178' title='bbox 495 2153 638 2217; x_wconf 81' lang='lat' dir='ltr'>inquantum</span> <span class='ocrx_word' id='word_1_179' title='bbox 653 2156 689 2203; x_wconf 83' lang='lat' dir='ltr'>est</span> <span class='ocrx_word' id='word_1_180' title='bbox 702 2151 774 2214; x_wconf 80' lang='lat' dir='ltr'>heus,</span> <span class='ocrx_word' id='word_1_181' title='bbox 786 2152 828 2203; x_wconf 77' lang='lat' dir='ltr'>rell</span> 
     </span>
     <span class='ocr_line' id='line_1_26' title="bbox 29 2222 830 2289; baseline 0.006 -20"><span class='ocrx_word' id='word_1_182' title='bbox 29 2230 68 2281; x_wconf 85' lang='lat' dir='ltr'>per</span> <span class='ocrx_word' id='word_1_183' title='bbox 87 2224 195 2277; x_wconf 87' lang='lat' dir='ltr'>meritum</span> <span class='ocrx_word' id='word_1_184' title='bbox 208 2226 234 2277; x_wconf 89' lang='lat' dir='ltr'>in</span> <span class='ocrx_word' id='word_1_185' title='bbox 248 2229 358 2289; x_wconf 86' lang='lat' dir='ltr'>quantum</span> <span class='ocrx_word' id='word_1_186' title='bbox 371 2228 407 2275; x_wconf 85' lang='lat' dir='ltr'>eat</span> <span class='ocrx_word' id='word_1_187' title='bbox 418 2226 497 2277; x_wconf 87' lang='lat' dir='ltr'>humo.</span> <span class='ocrx_word' id='word_1_188' title='bbox 511 2222 586 2275; x_wconf 82' lang='lat' dir='ltr'>clavis</span> <span class='ocrx_word' id='word_1_189' title='bbox 605 2226 683 2273; x_wconf 86' lang='lat' dir='ltr'>autem</span> <span class='ocrx_word' id='word_1_190' title='bbox 696 2223 724 2274; x_wconf 84' lang='lat' dir='ltr'>de</span> <span class='ocrx_word' id='word_1_191' title='bbox 741 2222 830 2277; x_wconf 86' lang='lat' dir='ltr'>ratione</span> 
     </span>
     <span class='ocr_line' id='line_1_27' title="bbox 30 2292 830 2361; baseline 0.008 -22"><span class='ocrx_word' id='word_1_192' title='bbox 30 2300 69 2341; x_wconf 77' lang='lat' dir='ltr'>aua</span> <span class='ocrx_word' id='word_1_193' title='bbox 86 2294 194 2359; x_wconf 85' lang='lat' dir='ltr'>exprimit</span> <span class='ocrx_word' id='word_1_194' title='bbox 211 2298 348 2361; x_wconf 82' lang='lat' dir='ltr'>patestatem</span> <span class='ocrx_word' id='word_1_195' title='bbox 364 2294 481 2359; x_wconf 88' lang='lat' dir='ltr'>aperiendi</span> <span class='ocrx_word' id='word_1_196' title='bbox 499 2298 524 2345; x_wconf 89' lang='lat' dir='ltr'>et</span> <span class='ocrx_word' id='word_1_197' title='bbox 541 2292 670 2355; x_wconf 86' lang='lat' dir='ltr'>claudendi,</span> <span class='ocrx_word' id='word_1_198' title='bbox 683 2292 731 2345; x_wconf 83' lang='lat' dir='ltr'>nive</span> <span class='ocrx_word' id='word_1_199' title='bbox 747 2293 830 2359; x_wconf 85' lang='lat' dir='ltr'>aliquis</span> 
     </span>
     <span class='ocr_line' id='line_1_28' title="bbox 31 2362 830 2437; baseline 0.001 -22"><span class='ocrx_word' id='word_1_200' title='bbox 31 2362 115 2437; x_wconf 55' lang='lat' dir='ltr'>aperiat</span> <span class='ocrx_word' id='word_1_201' title='bbox 132 2367 198 2430; x_wconf 76' lang='lat' dir='ltr'>quari</span> <span class='ocrx_word' id='word_1_202' title='bbox 219 2366 344 2432; x_wconf 86' lang='lat' dir='ltr'>principale</span> <span class='ocrx_word' id='word_1_203' title='bbox 360 2379 445 2429; x_wconf 73' lang='lat' dir='ltr'>agens.</span> <span class='ocrx_word' id='word_1_204' title='bbox 461 2366 512 2417; x_wconf 85' lang='lat' dir='ltr'>aire</span> <span class='ocrx_word' id='word_1_205' title='bbox 529 2364 594 2430; x_wconf 85' lang='lat' dir='ltr'>quasi</span> <span class='ocrx_word' id='word_1_206' title='bbox 608 2363 720 2415; x_wconf 87' lang='lat' dir='ltr'>minister.</span> <span class='ocrx_word' id='word_1_207' title='bbox 735 2364 764 2415; x_wconf 86' lang='lat' dir='ltr'>Et</span> <span class='ocrx_word' id='word_1_208' title='bbox 776 2365 830 2417; x_wconf 86' lang='lat' dir='ltr'>iden</span> 
     </span>
     <span class='ocr_line' id='line_1_29' title="bbox 32 2433 832 2503; baseline -0.001 -18"><span class='ocrx_word' id='word_1_209' title='bbox 32 2442 57 2481; x_wconf 82' lang='lat'>111</span> <span class='ocrx_word' id='word_1_210' title='bbox 69 2433 159 2489; x_wconf 84' lang='lat' dir='ltr'>Christo</span> <span class='ocrx_word' id='word_1_211' title='bbox 171 2442 261 2503; x_wconf 85' lang='lat' dir='ltr'>eportet</span> <span class='ocrx_word' id='word_1_212' title='bbox 278 2436 479 2503; x_wconf 77' lang='lat' dir='ltr'>praefecturam,</span> <span class='ocrx_word' id='word_1_213' title='bbox 494 2437 534 2487; x_wconf 85' lang='lat' dir='ltr'>sed</span> <span class='ocrx_word' id='word_1_214' title='bbox 548 2434 622 2485; x_wconf 89' lang='lat' dir='ltr'>altiori</span> <span class='ocrx_word' id='word_1_215' title='bbox 640 2435 707 2487; x_wconf 88' lang='lat' dir='ltr'>modu</span> <span class='ocrx_word' id='word_1_216' title='bbox 720 2434 832 2501; x_wconf 77' lang='lat' dir='ltr'>quamsit</span> 
     </span>
    </p>
   </div>
   <div class='ocr_carea' id='block_1_6' title="bbox 33 2499 831 2628">
    <p class='ocr_par' dir='ltr' id='par_1_9' title="bbox 33 2499 831 2628">
     <span class='ocr_line' id='line_1_30' title="bbox 33 2499 831 2624; baseline -0.001 -66"><span class='ocrx_word' id='word_1_217' title='bbox 33 2499 123 2624; x_wconf 50' lang='lat' dir='ltr'>wls</span> <span class='ocrx_word' id='word_1_218' title='bbox 138 2509 266 2576; x_wconf 80' lang='lat' dir='ltr'>ministris3</span> <span class='ocrx_word' id='word_1_219' title='bbox 280 2514 305 2561; x_wconf 84' lang='lat' dir='ltr'>et</span> <span class='ocrx_word' id='word_1_220' title='bbox 314 2508 367 2561; x_wconf 85' lang='lat' dir='ltr'>inde</span> <span class='ocrx_word' id='word_1_221' title='bbox 379 2508 463 2559; x_wconf 83' lang='lat' dir='ltr'>dieitur</span> <span class='ocrx_word' id='word_1_222' title='bbox 476 2507 537 2573; x_wconf 85' lang='lat' dir='ltr'>quhd</span> <span class='ocrx_word' id='word_1_223' title='bbox 550 2506 632 2559; x_wconf 89' lang='lat' dir='ltr'>haheat</span> <span class='ocrx_word' id='word_1_224' title='bbox 644 2506 739 2557; x_wconf 84' lang='lat' dir='ltr'>clavem</span> <span class='ocrx_word' id='word_1_225' title='bbox 751 2504 831 2567; x_wconf 74' lang='lat' dir='ltr'>racel·</span> 
     </span>
     <span class='ocr_line' id='line_1_31' title="bbox 85 2592 126 2628; baseline 0.049 -2"><span class='ocrx_word' id='word_1_226' title='bbox 85 2592 126 2628; x_wconf 76' lang='lat' dir='ltr'>aar.</span> 
     </span>
    </p>
   </div>
   <div class='ocr_carea' id='block_1_7' title="bbox 28 2645 834 2999">
    <p class='ocr_par' dir='ltr' id='par_1_10' title="bbox 28 2645 834 2999">
     <span class='ocr_line' id='line_1_32' title="bbox 64 2645 832 2715; baseline 0 -18"><span class='ocrx_word' id='word_1_227' title='bbox 64 2645 96 2696; x_wconf 76' lang='lat' dir='ltr'>hl</span> <span class='ocrx_word' id='word_1_228' title='bbox 111 2646 208 2713; x_wconf 88' lang='lat' dir='ltr'>primum</span> <span class='ocrx_word' id='word_1_229' title='bbox 219 2662 274 2715; x_wconf 77' lang='lat' dir='ltr'>ergo</span> <span class='ocrx_word' id='word_1_230' title='bbox 287 2649 406 2701; x_wconf 77' lang='lat' dir='ltr'>(licendum</span> <span class='ocrx_word' id='word_1_231' title='bbox 413 2686 423 2714; x_wconf 88' lang='lat'><em>,</em></span> <span class='ocrx_word' id='word_1_232' title='bbox 441 2649 502 2715; x_wconf 85' lang='lat' dir='ltr'>quhl</span> <span class='ocrx_word' id='word_1_233' title='bbox 515 2650 632 2699; x_wconf 85' lang='lat' dir='ltr'>character</span> <span class='ocrx_word' id='word_1_234' title='bbox 646 2648 674 2699; x_wconf 86' lang='lat' dir='ltr'>ule</span> <span class='ocrx_word' id='word_1_235' title='bbox 690 2659 732 2699; x_wconf 84' lang='lat' dir='ltr'>sua</span> <span class='ocrx_word' id='word_1_236' title='bbox 743 2645 832 2701; x_wconf 86' lang='lat' dir='ltr'>ratione</span> 
     </span>
     <span class='ocr_line' id='line_1_33' title="bbox 36 2711 833 2791; baseline 0.006 -27"><span class='ocrx_word' id='word_1_237' title='bbox 36 2711 88 2791; x_wconf 70' lang='lat' dir='ltr'>ulirit</span> <span class='ocrx_word' id='word_1_238' title='bbox 96 2718 181 2785; x_wconf 84' lang='lat' dir='ltr'>aliquid</span> <span class='ocrx_word' id='word_1_239' title='bbox 192 2721 303 2787; x_wconf 83' lang='lat' dir='ltr'>abaliquo</span> <span class='ocrx_word' id='word_1_240' title='bbox 312 2721 450 2784; x_wconf 80' lang='lat' dir='ltr'>derivatum,</span> <span class='ocrx_word' id='word_1_241' title='bbox 464 2723 488 2773; x_wconf 85' lang='lat' dir='ltr'>et</span> <span class='ocrx_word' id='word_1_242' title='bbox 496 2720 548 2771; x_wconf 85' lang='lat' dir='ltr'>ideo</span> <span class='ocrx_word' id='word_1_243' title='bbox 559 2722 661 2783; x_wconf 82' lang='lat' dir='ltr'>potestas</span> <span class='ocrx_word' id='word_1_244' title='bbox 671 2718 771 2769; x_wconf 83' lang='lat' dir='ltr'>clarium</span> <span class='ocrx_word' id='word_1_245' title='bbox 781 2730 833 2781; x_wconf 82' lang='lat' dir='ltr'>quae</span> 
     </span>
     <span class='ocr_line' id='line_1_34' title="bbox 36 2789 834 2856; baseline 0.003 -19"><span class='ocrx_word' id='word_1_246' title='bbox 36 2794 59 2833; x_wconf 81' lang='lat' dir='ltr'>ln</span> <span class='ocrx_word' id='word_1_247' title='bbox 77 2789 141 2841; x_wconf 85' lang='lat' dir='ltr'>nohis</span> <span class='ocrx_word' id='word_1_248' title='bbox 159 2790 272 2843; x_wconf 83' lang='lat' dir='ltr'>lChristn</span> <span class='ocrx_word' id='word_1_249' title='bbox 295 2792 397 2843; x_wconf 81' lang='lat' dir='ltr'>derivata</span> <span class='ocrx_word' id='word_1_250' title='bbox 420 2794 471 2853; x_wconf 84' lang='lat' dir='ltr'>est,</span> <span class='ocrx_word' id='word_1_251' title='bbox 486 2790 590 2856; x_wconf 87' lang='lat' dir='ltr'>sequitur</span> <span class='ocrx_word' id='word_1_252' title='bbox 613 2791 765 2840; x_wconf 86' lang='lat' dir='ltr'>characterem</span> <span class='ocrx_word' id='word_1_253' title='bbox 787 2800 834 2851; x_wconf 87' lang='lat' dir='ltr'>quc</span> 
     </span>
     <span class='ocr_line' id='line_1_35' title="bbox 28 2851 833 2930; baseline 0.005 -25"><span class='ocrx_word' id='word_1_254' title='bbox 28 2851 125 2930; x_wconf 51' lang='lat' dir='ltr'>¹Christe</span> <span class='ocrx_word' id='word_1_255' title='bbox 134 2863 307 2928; x_wconf 68' lang='lat' dir='ltr'>conterminum</span> <span class='ocrx_word' id='word_1_256' title='bbox 314 2864 354 2918; x_wconf 82' lang='lat' dir='ltr'>aul</span> <span class='ocrx_word' id='word_1_257' title='bbox 364 2863 389 2913; x_wconf 92' lang='lat' dir='ltr'>in</span> <span class='ocrx_word' id='word_1_258' title='bbox 399 2862 492 2916; x_wconf 84' lang='lat' dir='ltr'>christe</span> <span class='ocrx_word' id='word_1_259' title='bbox 501 2876 547 2915; x_wconf 90' lang='lat' dir='ltr'>nun</span> <span class='ocrx_word' id='word_1_260' title='bbox 557 2863 661 2926; x_wconf 86' lang='lat' dir='ltr'>sequitur</span> <span class='ocrx_word' id='word_1_261' title='bbox 670 2863 833 2921; x_wconf 83' lang='lat' dir='ltr'>characterem,</span> 
     </span>
     <span class='ocr_line' id='line_1_36' title="bbox 39 2926 449 2999; baseline 0.005 -16"><span class='ocrx_word' id='word_1_262' title='bbox 39 2926 75 2977; x_wconf 66' lang='lat' dir='ltr'>led</span> <span class='ocrx_word' id='word_1_263' title='bbox 87 2930 238 2999; x_wconf 79' lang='lat' dir='ltr'>principalem</span> <span class='ocrx_word' id='word_1_264' title='bbox 250 2935 357 2986; x_wconf 79' lang='lat' dir='ltr'>turmam.</span> <span class='ocrx_word' id='word_1_265' title='bbox 446 2932 449 2940; x_wconf 87' lang='lat'>&#39;</span> 
     </span>
    </p>
   </div>
   <div class='ocr_carea' id='block_1_8' title="bbox 0 0 1003 3284">
    <p class='ocr_par' dir='ltr' id='par_1_11' title="bbox 0 0 1003 3284">
     <span class='ocr_line' id='line_1_37' title="bbox 0 0 1003 3284; baseline 0 0"><span class='ocrx_word' id='word_1_266' title='bbox 0 0 1003 3284; x_wconf 95' lang='lat' dir='ltr'> </span> 
     </span>
    </p>
   </div>
  </div>
 </body>
</html>
