1942 3284
154 216 204 265 tet
299 226 503 277 sonrmnnton,
519 226 612 271 oonsn.
630 228 683 276 xlx,
698 225 748 261 nnn.
763 224 790 261 rr.

445 410 606 461 comnotus
621 409 658 458 vt.

172 542 257 588 Utrdm
272 540 429 592 schismatici,
448 539 565 595 derelict,
577 536 778 589 excommunicati,
788 536 892 592 suamet
904 538 919 577 el

316 603 457 660 depredati,
473 616 545 647 usum
558 602 663 647 clavium
678 600 779 647 debeam.

183 735 216 785 nd
224 737 314 784 sentum
325 732 360 784 sic
367 734 509 798 proceditur.
517 730 681 797 videturqudd
691 729 830 791 schismatici,
839 726 929 789 lnaeret'c‘n¹

152 804 359 869 excommunicati,
370 803 476 869 suspensi
489 808 513 855 et
529 802 645 867 degradati
662 817 728 853 usunu
738 800 829 853 clavium
843 800 924 851 huten

154 877 289 929 sicutenim
300 882 402 941 potestas
411 876 511 928 clavium
522 876 635 941 dependet
645 876 673 927 ab
683 875 767 938 ordine,
775 874 805 923 ita
815 877 840 924 et
851 876 929 937 polmus

154 948 298 1000 confidendi.
313 949 359 1000 Sed
379 960 426 998 non
444 951 542 1012 possunt
556 948 661 997 amittere
675 960 740 998 usum
754 944 872 1011 potestatis
882 942 931 994 coni

156 1020 246 1083 mendi,
261 1020 314 1084 quia
330 1019 350 1070 si
366 1016 506 1081 conficiunt,
521 1017 651 1069 conlectum
669 1022 720 1080 est,
740 1016 842 1081 quamuis
858 1018 930 1081 peccat

158 1091 314 1143 conficientes.
328 1092 388 1155 Ergo
402 1090 472 1140 etiam
483 1102 531 1139 non
549 1092 644 1153 possunt
660 1090 762 1139 amittere
771 1102 836 1139 usunr
848 1086 930 1138 clauim

184 1168 213 1215 θ.
235 1165 361 1226 Preterea,
381 1163 457 1214 omnis
475 1165 578 1227 potestas
593 1162 719 1227 spiritualis
733 1161 818 1225 activa,
840 1161 865 1211 in
877 1156 933 1221 eoqu'

156 1234 228 1287 halet
244 1232 314 1285 usum'
329 1235 395 1285 liberi
416 1233 520 1295 arbitrii,
534 1233 582 1283 enit
599 1233 624 1283 in
642 1237 717 1283 actum
734 1234 822 1297 quando
839 1233 894 1281 uult.
905 1228 933 1279 Sel

157 1309 260 1369 potestas
275 1306 374 1356 emnium
393 1307 467 1356 adlnuc
484 1308 588 1355 remanet
602 1304 626 1353 in
641 1304 768 1369 predictis,
781 1303 836 1368 quia
849 1303 897 1353 edm
907 1312 935 1347 nr

161 1377 230 1427 datur
241 1376 289 1427 nisi
300 1376 325 1427 in
339 1376 436 1438 ordine,
452 1380 568 1440 oporteret
582 1375 707 1425 reordinari
720 1388 759 1425 eos
771 1375 862 1439 quando
874 1374 898 1423 ad
908 1372 935 1419 lc·

157 1447 250 1498 clesianu
272 1450 375 1499 redeunt.
394 1448 455 1511 Ergo
478 1446 531 1497 cium
551 1446 582 1497 sit
599 1446 702 1510 potentia
722 1446 809 1509 activa,
822 1448 909 1513 possunt
921 1442 944 1489 n¹

156 1521 232 1569 aotunr
244 1519 295 1584 ojus
309 1520 385 1582 exire,
398 1519 450 1569 oium
466 1519 589 1571 voluerint.

190 1594 214 1641 a.
229 1591 358 1654 Praeterea,
372 1591 497 1657 spiritualis
513 1592 584 1655 gralia
597 1590 670 1655 magis
683 1590 808 1656 impeditur
822 1590 933 1656 pereutm

158 1662 229 1727 quim
246 1676 288 1728 per
301 1675 400 1727 penam.
421 1664 465 1714 Sed
483 1662 696 1725 excommunicatio,
713 1665 738 1712 et
747 1664 876 1727 suspensio,
887 1658 934 1711 etde

161 1733 263 1796 gradatio
275 1738 329 1785 sunt
341 1747 415 1799 poenae
430 1734 543 1799 quedam.
559 1733 615 1783 Cium
635 1746 690 1796 ergo
704 1737 798 1798 pmpter
814 1736 899 1799 culpan
909 1741 936 1778 nr

160 1804 251 1855 amittat
259 1806 340 1869 aliquis
352 1819 416 1857 usum
426 1805 536 1866 clavium,
549 1805 640 1855 videtur
649 1803 709 1867 qndd
721 1818 763 1854 nec
777 1809 870 1871 propter
877 1805 918 1853 ista.

193 1874 237 1926 Sed
251 1882 340 1941 contra,
356 1878 497 1940 Augustinus
512 1875 644 1940 dicitquod
657 1892 670 1923 u
681 1874 791 1927 Ecclesia
803 1876 936 1936 chanlaspct·

161 1949 212 1997 tata
225 1947 353 1997 dimittit.»
368 1949 475 1998 Charilas
492 1951 569 1997 autem
582 1950 619 1998 est
635 1961 685 2011 qum
701 1947 756 1997 iacit
772 1948 883 1999 Ecclesia
897 1944 939 1993 une

164 2030 228 2069 nem
240 2019 298 2069 de
316 2032 369 2083 ergo
390 2022 496 2085 praedicti
514 2020 560 2071 sint
574 2020 602 2070 alo
615 2019 723 2070 Ecclesiae
734 2020 822 2071 unione
835 2020 908 2079 divid,
918 2014 938 2063 ti·

162 2088 230 2139 detur
241 2090 302 2153 quod
312 2105 381 2141 usum
391 2094 490 2143 clarium
502 2106 550 2143 non
561 2091 677 2142 habeant'
670 2106 694 2141 nn
704 2086 939 2180 remittendispemtt

193 2158 319 2226 preterea,
335 2164 411 2214 nullus
429 2164 554 2215 absolvitur
568 2164 684 2228 apeccato
702 2163 833 2215 secunddm
851 2156 938 2223 hoctaol

165 2236 256 2297 peccat.
271 2232 315 2285 Sed
333 2236 416 2300 aliquis
429 2236 442 2285 a
456 2235 573 2302 predictis
586 2234 753 2287 absolutionem
763 2240 938 2301 peccatorunpc

162 2306 214 2355 tens
232 2310 329 2370 peccat,
349 2312 428 2358 contra
445 2312 585 2371 preceptum
607 2306 716 2357 Ecclesia
732 2306 832 2359 iaciens.
855 2310 895 2369 lig
896 2320 906 2357 o
918 2312 938 2365 tt·

163 2389 205 2428 cos
219 2376 232 2426 t
245 2382 337 2441 peccato
352 2378 437 2429 absolvi
451 2392 499 2428 non
513 2382 604 2443 potest3
622 2381 646 2429 et
663 2378 696 2427 sic
707 2376 768 2429 idem
783 2381 848 2445 quod
865 2377 921 2445 pitis.

199 2447 355 2513 (Concessio.
364 2450 525 2512 -llaeretici,
536 2450 675 2503 schismatici
688 2450 939 2505 ctexcommunicatile

167 2516 227 2586 lent
237 2522 328 2584 quidem
342 2526 479 2587 potestatem
496 2522 605 2587 quantdm
621 2524 649 2573 ad
665 2522 806 2586 essentiam
823 2526 868 2577 sed
880 2516 940 2573 usust

169 2593 205 2645 eis
217 2593 341 2662 impeditur
354 2607 382 2645 ox
402 2594 493 2645 delectu
506 2594 622 2656 materie,
637 2592 692 2660 quia
704 2607 744 2645 eos
757 2595 863 2647 Ecclesia
877 2594 909 2646 tal
919 2598 939 2637 t<

163 2664 248 2729 puisat,
261 2665 415 2717 subtrahendo
426 2664 473 2715 illis
489 2664 620 2728 subditos.)

198 2738 335 2801 Respondeo
344 2738 474 2801 dicendum,
484 2736 547 2801 quod
556 2736 581 2787 in
590 2736 697 2789 omnihus
707 2736 824 2801 praedietis
838 2741 908 2790 manet
916 2732 941 2783 dt

166 2807 231 2859 vium
244 2813 345 2873 potestas
363 2808 475 2873 qnantum
491 2811 519 2861 ad
539 2809 672 2873 essentiam,
683 2811 724 2861 sed
737 2824 794 2861 usus
810 2810 942 2876 impudico

171 2876 263 2929 delectu
275 2879 384 2931 macrim.
399 2878 457 2930 Cium
471 2880 534 2931 eninr
547 2894 605 2931 usus
618 2881 717 2932 clavium
731 2881 757 2933 in
768 2884 849 2933 utente
862 2876 942 2948 prototo

174 2959 228 2996 nem
246 2951 345 3015 nquinat
358 2957 463 3018 respectu
474 2952 526 3017 ejus
540 2951 565 3003 in
582 2966 651 3017 quem
668 2954 750 3018 utitur,
761 2958 788 3004 ut
805 2952 942 3020 supradicte
