1942 3284
217 213 251 250 nr
263 209 369 252 mxu
384 211 460 250 sums
476 210 636 252 suom.
780 202 828 252 m

14 289 106 342 litatis.
120 289 151 340 ut
163 287 217 340 ideo
231 287 378 353 praesultor
389 289 470 352 gatis,
483 302 535 352 qua
545 288 646 340 mtbcirt
664 289 694 340 ni
708 289 753 340 lrcc
764 289 828 354 prid

15 360 90 426 bigne
103 363 298 412 connumerentur
309 359 335 408 in
349 359 417 422 plebe
429 360 532 423 cbristi3
547 361 589 412 sed
606 361 724 412 cantentur
737 360 762 410 in
776 360 829 424 ipse

15 431 267 558 sufflsceaplttrucnffidemus
279 431 377 497 mplius
384 431 464 496 gratie
473 445 567 496 munus,
576 446 618 498 per
628 434 688 497 quod
699 433 729 483 ad
739 433 828 498 majora

323 620 483 672 nnllcbtbs
498 622 528 672 ll.

64 743 155 791 Utrum
174 743 202 788 irs
214 748 364 788 mamerto
378 745 471 789 ordinis
485 745 644 801 imprimatur
656 745 789 801 character,

241 807 356 864 quantiam
366 807 398 852 ad
407 819 488 852 murres
498 808 602 853 ordines.

56 933 93 983 ld
110 933 235 983 mundun
252 930 285 984 sic
302 933 440 998 peceoun.
459 931 557 984 Videtur
572 932 633 996 qudi
645 933 670 983 in
686 939 830 988 annuento

21 1004 114 1057 ordinis
128 1016 174 1054 non
187 1003 330 1068 imprimetur
338 1005 456 1056 cbamcter
467 1003 578 1069 quanm
590 1004 618 1054 ad
632 1017 714 1055 omnes
726 1007 830 1058 ordines

21 1073 86 1136 Quia
104 1074 190 1126 ordinis
204 1077 319 1126 character
337 1080 373 1126 est
393 1076 499 1139 pedam
518 1075 644 1140 spiritualis
660 1079 769 1140 potestas.
782 1077 830 1129 Sed

22 1145 122 1211 qnidam
136 1145 229 1196 ordines
238 1157 284 1196 uon
299 1146 433 1196 ordinantur
443 1147 489 1198 nisi
507 1149 535 1198 ad
546 1147 657 1210 quomam
669 1150 734 1198 actus
747 1161 830 1212 corpo-

22 1218 103 1278 rales,
114 1215 201 1266 subant
216 1216 306 1268 ostiarii
316 1217 354 1269 uel
371 1217 465 1283 acolyti.
480 1219 540 1283 liupo
549 1219 574 1269 iu
583 1219 620 1268 bis
632 1230 679 1268 uon
692 1218 833 1282 imprimitur

21 1291 153 1341 eburneas.
483 1309 486 1318 »

27 1407 30 1412 .
58 1365 84 1410 2.
99 1361 225 1424 Promea,
236 1360 310 1411 omnis
325 1361 442 1411 character
449 1364 486 1412 ost
495 1359 632 1411 indelebilis.
646 1361 707 1426 Ergo
721 1373 762 1426 per
773 1362 836 1412 clas·

23 1434 141 1484 rectorem
156 1433 225 1483 bama
242 1433 334 1495 paulun
349 1432 374 1481 iu
390 1431 518 1495 alleluiu,
534 1430 605 1494 iqua
619 1444 666 1482 non
679 1431 754 1497 possit
764 1445 831 1484 rece·

25 1504 95 1555 dere.
109 1501 155 1554 Sed
165 1502 199 1553 illi
210 1503 250 1568 qui
263 1503 350 1554 babent
363 1502 452 1567 aliquos
461 1503 566 1563 ordinm,
577 1506 675 1566 possunt
686 1503 749 1555 liciti
757 1505 833 1557 redire

24 1574 59 1626 ad
72 1573 187 1624 laicatnm.
199 1575 314 1638 lingonen
328 1574 467 1638 imprimitur
480 1574 598 1624 ciuica
610 1572 636 1622 in
650 1575 756 1624 omuibus
768 1575 832 1626 crdi-

26 1645 110 1696 nibus.

63 1720 86 1766 3.
102 1717 229 1778 hauns,
242 1730 283 1782 per
301 1718 452 1767 chaneterem
466 1717 536 1768 bomo
549 1716 684 1767 adsentitur
697 1717 726 1767 ad
744 1716 831 1782 aliquid

27 1801 121 1839 merum
133 1789 231 1840 dandum
244 1789 282 1840 rel
294 1787 474 1852 suscipiendum.
483 1790 529 1840 sed
541 1789 568 1838 ad
578 1789 746 1853 susceptionum
756 1801 834 1841 sacru

26 1862 159 1911 mentorum
167 1862 236 1912 bomo
248 1859 388 1911 sufficienter
399 1860 516 1910 animatur
526 1873 567 1924 per
581 1862 735 1911 characterem
743 1860 833 1926 baptis·

26 1931 131 1992 malem3
146 1931 288 1996 dispensator
304 1936 380 1984 autem
399 1935 592 1984 sacramentorum
616 1947 662 1983 nou
685 1931 832 1983 constituitur

26 2007 116 2064 hamo,
132 2003 178 2054 nisi
189 2003 215 2054 in
226 2005 308 2055 ordine
323 2004 466 2056 sacerdotali.
482 2003 542 2068 Ergo
555 2004 580 2054 in
590 2004 642 2055 aliis
654 2003 774 2056 ordinibus
785 2015 834 2054 non

25 2073 167 2139 imprimitur
180 2077 304 2127 character.

63 2145 108 2194 Sed
117 2145 194 2196 contra
205 2161 211 2194 :
222 2147 294 2197 Omne
306 2149 473 2198 sacramentum
483 2148 507 2196 in
517 2161 563 2212 qno
572 2161 619 2198 non
627 2147 767 2212 imprimitur
776 2147 834 2197 clra·

26 2219 119 2275 ructet,
134 2219 170 2266 est
187 2216 298 2267 iterabile.
318 2217 363 2268 Sed
380 2218 456 2269 nullus
476 2219 531 2269 ordo
549 2222 584 2269 est
599 2218 720 2269 iterabilis.
736 2219 796 2282 lingo
808 2219 834 2269 in

28 2287 133 2354 quolibd
144 2287 223 2338 crime
235 2285 374 2352 imprimitur
386 2290 511 2339 manetur.

63 2360 189 2422 Fraterno,
202 2360 320 2410 abundet
335 2361 370 2408 est
384 2359 474 2422 signum
488 2357 655 2409 distinctivum.
668 2361 712 2411 Sed
734 2360 759 2410 in
775 2371 834 2425 qro-

29 2432 89 2484 libet
101 2430 181 2482 ordre
193 2433 232 2482 est
244 2429 319 2494 abque
332 2429 459 2481 distinctio.
477 2431 537 2494 Ergo
548 2429 646 2495 quilibet
658 2432 713 2483 crdo
723 2430 835 2497 imprimit

30 2505 194 2557 obumbretur.

65 2573 226 2635 lomensem.
239 2599 271 2612 -—
286 2571 345 2624 (llum
359 2585 400 2638 per
415 2571 539 2636 quemlibet
555 2571 658 2623 ordiuem
677 2572 831 2623 constituatur

30 2643 117 2708 abacis
132 2657 200 2708 supra
214 2645 306 2710 plebem
321 2643 347 2695 in
369 2643 445 2707 utiquo
461 2644 532 2708 gradu
545 2643 668 2708 potestatis
681 2642 792 2694 ordinate
807 2644 837 2694 ud

30 2719 224 2770 sacramentorum
245 2715 456 2781 dispensationem,
473 2715 621 2780 perspicuum
639 2719 674 2766 cst
693 2714 718 2764 in
737 2714 838 2778 siamus

31 2786 150 2842 ordinibus
162 2789 316 2838 emunctorum
330 2787 459 2852 imprimi.)

66 2859 200 2923 Remouiec
218 2859 355 2921 bmnium,
369 2857 429 2922 qubt
448 2859 510 2910 urea
524 2860 569 2911 boc
586 2858 631 2910 tuit
646 2857 729 2923 triplex
746 2855 834 2921 opinio.

33 2931 132 2993 Qidan
148 2931 210 2982 enim
221 2932 332 2983 dixerunt
346 2930 408 2994 qubd
421 2931 445 2984 lu
460 2932 509 2984 solo
525 2932 606 2984 udiue
623 2928 759 2983 saoedctali
775 2929 838 2980 cba-
