1942 3284
314 180 376 219 m:
405 178 500 220 USU
528 177 859 220 nucmmsrlss
890 179 937 218 m
972 175 1214 219 connum.
1475 170 1563 216 8923

0 269 33 305 c
66 255 210 306 enim
232 262 568 308 sacramentum
595 262 665 309 est
684 257 710 308 a
734 256 925 307 Domino
949 257 1208 307 institutum
1230 256 1278 306 iu
1302 269 1455 307 coena.
1475 256 1563 307 Sed

4 327 183 378 minus
209 333 452 394 postquam
481 331 709 392 coenavit,
734 332 821 380 hoc
849 333 1178 380 sacramentum
1206 328 1446 392 discipulis
1474 327 1571 379 suia

6 399 144 450 didit
167 440 180 460 ,
211 401 331 451 sicut
350 404 478 465 patet
507 403 643 460 Luc„
667 402 817 465 xxn,
849 405 896 451 et
920 403 960 451 1.
990 402 1130 457 Cor„
1149 402 1228 451 Xl.
1256 402 1374 462 Ergo
1393 399 1567 449 videtur

0 471 64 521 od
98 471 248 523 etiam
279 478 384 537 post
414 474 529 524 alios
556 473 681 524 cibos
708 477 967 537 assumptos
995 486 1079 523 nos
1113 473 1357 523 debeamus
1389 484 1567 522 sumere

1 557 28 592 c
60 549 432 595 sacramentum.

5 620 56 663 2.
98 618 363 676 Praeterea,
394 618 432 667 1.
472 619 613 675 Cor„
648 618 740 681 XI,
771 617 934 668 dicitur
971 632 984 665 :
1018 634 1045 665 a
1073 614 1191 666 Ciim
1227 614 1483 667 convenitis
1515 615 1571 663 ad

0 688 332 737 inducendum
368 689 586 754 (scilicet
611 703 777 753 corpus
801 688 1044 753 Domini),
1074 687 1271 737 invicem
1309 691 1567 751 expectate;

21 759 143 822 quis
174 764 331 811 autem
360 762 529 825 esurit,
561 762 685 812 domi
714 762 974 812 manducet.
1010 777 1036 807 n
1069 759 1124 809 Et
1159 760 1222 808 ita
1249 760 1426 809 videtur
1449 759 1567 822 quod

0 835 210 893 ›stquam
240 832 402 895 aliquis
426 833 545 884 domi
570 834 935 898 manducaverit,
952 832 1098 897 possit
1115 832 1163 881 in
1181 831 1384 882 Ecclesia
1403 844 1567 895 corpus

0 901 139 952 iristi
168 905 458 954 manducare.

16 978 67 1023 3.
103 976 376 1037 Praeterea,
398 976 448 1026 in
479 976 688 1027 Concilio
716 976 1064 1039 Carthaginensi
1100 973 1282 1037 legitur,
1307 978 1352 1024 et
1383 974 1575 1024 habetur

0 1060 29 1092 e
70 1060 318 1103 consecr„
340 1047 449 1097 dist.
472 1052 498 1097 1
523 1064 533 1097 :
570 1066 597 1095 «
627 1048 916 1099 Sacramenta
948 1046 1102 1096 altaris
1135 1059 1226 1095 non
1255 1045 1342 1095 nisi
1361 1044 1387 1094 a
1402 1044 1575 1109 jejunis

0 1118 237 1168 iminibus
278 1120 565 1171 celebrentur
588 1158 601 1182 ,
641 1123 829 1184 excepto
862 1132 953 1169 uno
995 1118 1066 1168 die
1100 1117 1441 1181 anniversario,
1488 1131 1575 1181 qun

0 1203 96 1240 ena
123 1191 311 1241 Domini
339 1192 659 1243 celebratur.»
691 1194 810 1257 Ergo
839 1192 1001 1243 saltem
1039 1190 1120 1241 illa
1139 1191 1212 1241 die
1241 1189 1402 1254 aliquis
1431 1194 1575 1253 potest

0 1274 139 1326 »rpus
174 1263 346 1313 Christi
381 1269 484 1328 post
507 1264 621 1315 alios
654 1264 779 1315 cibos
806 1277 1004 1314 sumere.

29 1337 79 1384 4.
133 1336 391 1399 Praeterea,
421 1337 618 1402 sumptio
659 1351 817 1401 aqnae,
848 1336 925 1387 vel
964 1335 1232 1397 medicinae,
1275 1334 1347 1385 vel
1395 1333 1583 1383 alterius

0 1405 58 1455 lbi
80 1408 163 1458 vel
200 1407 336 1470 potus
364 1410 411 1458 in
443 1410 628 1459 minima
663 1409 949 1473 quantitate,
986 1408 1059 1458 vel
1083 1406 1376 1469 reliquiarum
1409 1405 1498 1455 cibi
1535 1407 1579 1451 in

0 1491 48 1526 re
80 1479 401 1542 manentium,
437 1493 582 1544 neque
605 1480 832 1545 jejunium
871 1480 1083 1529 Ecclesiae
1123 1478 1292 1537 solvit,
1323 1490 1472 1541 neque
1510 1490 1579 1527 εει]Ψ

5 1548 221 1600 rietatem
250 1551 401 1614 tollit,
432 1566 533 1616 quae
558 1552 755 1615 exigitur
782 1552 840 1602 ad
867 1551 956 1601 hoc
985 1549 1105 1613 quod
1133 1548 1295 1613 aliquis
1324 1551 1583 1598 reverenter

0 1626 131 1672 umat
162 1623 253 1674 hoc
296 1627 648 1675 sacramentum.
679 1625 800 1687 Ergo
831 1634 913 1687 per·
945 1621 1161 1686 praedicta
1201 1633 1294 1670 non
1338 1619 1583 1683 impeditur

3 1691 151 1756 liquis
178 1694 205 1743 a
234 1695 493 1759 sumptione
516 1697 655 1759 hujus
681 1693 975 1746 sacramenti.

44 1769 92 1813 5.
128 1766 377 1829 Praeterea,
407 1767 587 1831 quidam
622 1768 677 1818 de
704 1770 834 1817 nocte
863 1764 1086 1829 profunda
1122 1762 1367 1814 comedunt
1403 1766 1479 1811 aut
1516 1762 1583 1811 ffl„

0 1840 128 1899 tunt,
165 1841 213 1887 et
249 1837 365 1887 forte
402 1842 542 1889 totam
575 1842 753 1890 noctem
795 1837 1051 1887 insomnem
1080 1836 1327 1896 ducentes,
1357 1833 1413 1883 de
1450 1844 1579 1881 mane

0 1907 249 1970 ›ercipiunt
274 1922 403 1958 sacra
428 1910 637 1973 mysteria
662 1909 863 1960 nondum
881 1906 1016 1972 plene
1047 1906 1228 1969 digesti.
1250 1903 1398 1955 Minus
1433 1907 1579 1952 auten]

0 1974 289 2040 impediretur
318 1981 537 2030 sobrietas
563 1980 789 2042 hominis,
820 1978 859 2029 si
888 1979 935 2028 iu
962 1990 1096 2027 mane
1131 1990 1289 2041 parum
1312 1975 1583 2028 comederet.

0 2049 35 2094 et
68 2055 227 2111 postea
254 2051 373 2100 circa
406 2064 572 2101 nonam
596 2056 794 2102 sumeret
820 2053 907 2101 hoc
926 2053 1289 2110 sacramentum,
1317 2046 1420 2097 ciim
1453 2046 1587 2096 etiam

0 2115 50 2165 sit
64 2121 335 2184 quandoque
352 2123 497 2185 major
513 2123 730 2173 distantia
753 2122 988 2186 temporiS.
1013 2122 1128 2184 Ergo
1152 2119 1331 2170 videtur
1349 2116 1471 2181 quod
1487 2119 1587 2167 talis

0 2186 85 2238 cibi
105 2194 452 2257 praeassumptio
479 2207 570 2244 non
597 2194 815 2258 impediat
835 2193 1067 2244 hominem
1095 2193 1149 2242 ab
1178 2192 1265 2241 hoc
1289 2202 1518 2240 sacramen
1531 2195 1587 2239 tn.

58 2264 103 2309 6.
134 2263 386 2327 Praeterea,
410 2278 501 2315 non
524 2266 671 2315 minor
693 2266 945 2316 reverentia
972 2264 1162 2314 debetur
1181 2262 1290 2312 huic
1309 2267 1591 2311 sacramento

0 2328 87 2390 iam
108 2342 306 2400 sumpto,
328 2336 467 2401 quam
506 2341 611 2388 aute
630 2336 949 2402 sumptionem.
981 2336 1070 2387 Sed
1100 2340 1282 2398 sumpto
1309 2335 1591 2384 sacramenhn

0 2398 103 2453 licet
137 2406 286 2456 cibum
316 2412 393 2457 aut
414 2412 572 2472 potum
607 2422 804 2459 sumere.
834 2409 952 2472 Ergo
991 2411 1035 2457 et
1063 2411 1168 2457 ante
1201 2405 1527 2468 sumptionem.

63 2474 150 2527 Sed
184 2483 342 2530 contra
379 2485 475 2544 est,
504 2482 623 2546 quod
653 2482 932 2545 Augustinus
958 2480 1072 2531 dicit
1093 2480 1140 2528 in
1167 2478 1251 2529 lib.
1279 2476 1588 2539 Responsien.

7 2545 73 2593 ad
102 2550 412 2602 Ianuarium
442 2570 459 2603 .·
494 2572 521 2602 «
565 2553 743 2604 Placuit
786 2552 972 2618 Spiritui
1011 2554 1166 2602 sancto
1208 2554 1260 2599 ut
1296 2550 1343 2598 in
1376 2552 1591 2599 honorem

9 2619 116 2694 tanti
156 2625 457 2688 sacramenti,
497 2625 627 2690 prius
657 2626 706 2675 in
743 2638 794 2676 os
834 2623 1078 2677 Christiani
1115 2635 1277 2686 corpus
1312 2619 1591 2672 Dominicurn

11 2693 202 2756 mutiret,
231 2695 370 2758 quam
398 2698 553 2748 caeteri
569 2698 676 2749 cibi.
699 2715 727 2745 »

74 2764 390 2826 (Conccnsio.
416 2796 477 2806 —
498 2771 655 2822 Solum
682 2770 871 2821 mortale
896 2769 1069 2819 crimen
1104 2767 1296 2832 impedit
1326 2762 1571 2816 secundum

14 2843 58 2881 se
83 2836 214 2902 hujus
240 2842 514 2892 sacramenti
532 2842 866 2906 sumptionem
885 2841 1016 2891 cibus
1032 2840 1141 2891 vero
1166 2841 1239 2891 vel
1265 2841 1404 2903 potus
1429 2846 1595 2899 praeas-

18 2915 213 2973 sumptus
257 2926 350 2965 non
388 2914 480 2964 nisi
516 2929 576 2966 ex
606 2915 864 2967 rationabili
902 2912 1118 2966 Ecclesia>
1153 2916 1324 2965 statuto
1342 2947 1357 2973 ,
1396 2912 1493 2958 tum
1535 2907 1591 2955 nh
