<?xml version="1.0" encoding="UTF-8"?>
<!DOCTYPE html PUBLIC "-//W3C//DTD XHTML 1.0 Transitional//EN"
    "http://www.w3.org/TR/xhtml1/DTD/xhtml1-transitional.dtd">
<html xmlns="http://www.w3.org/1999/xhtml" xml:lang="en" lang="en">
 <head>
  <title>
</title>
<meta http-equiv="Content-Type" content="text/html;charset=utf-8" />
  <meta name='ocr-system' content='tesseract 3.04.00' />
  <meta name='ocr-capabilities' content='ocr_page ocr_carea ocr_par ocr_line ocrx_word'/>
</head>
<body>
  <div class='ocr_page' id='page_1' title='image "./summatheologica01nicogoog_0523.png"; bbox 0 0 1942 3284; ppageno 0'>
   <div class='ocr_carea' id='block_1_1' title="bbox 253 156 859 212">
    <p class='ocr_par' dir='ltr' id='par_1_1' title="bbox 253 156 859 212">
     <span class='ocr_line' id='line_1_1' title="bbox 253 156 859 212; baseline 0.007 -14"><span class='ocrx_word' id='word_1_1' title='bbox 253 160 284 198; x_wconf 86' lang='lat' dir='ltr'><strong>un</strong></span> <span class='ocrx_word' id='word_1_2' title='bbox 298 159 402 198; x_wconf 79' lang='lat' dir='ltr'><strong>urrunnu</strong></span> <span class='ocrx_word' id='word_1_3' title='bbox 417 161 593 212; x_wconf 71' lang='lat' dir='ltr'><strong>resurrectae,</strong></span> <span class='ocrx_word' id='word_1_4' title='bbox 610 163 662 202; x_wconf 80' lang='lat' dir='ltr'><strong>aaa.</strong></span> <span class='ocrx_word' id='word_1_5' title='bbox 815 156 859 202; x_wconf 83' lang='lat' dir='ltr'><strong>stt</strong></span> 
     </span>
    </p>
   </div>
   <div class='ocr_carea' id='block_1_2' title="bbox 54 233 856 2351">
    <p class='ocr_par' dir='ltr' id='par_1_2' title="bbox 59 233 856 370">
     <span class='ocr_line' id='line_1_2' title="bbox 59 233 856 304; baseline 0.004 -18"><span class='ocrx_word' id='word_1_6' title='bbox 59 233 136 296; x_wconf 88' lang='lat' dir='ltr'><strong>desit,</strong></span> <span class='ocrx_word' id='word_1_7' title='bbox 147 247 216 300; x_wconf 87' lang='lat' dir='ltr'><strong>poene</strong></span> <span class='ocrx_word' id='word_1_8' title='bbox 227 233 337 284; x_wconf 75' lang='lat' dir='ltr'><strong>satisfacit</strong></span> <span class='ocrx_word' id='word_1_9' title='bbox 349 237 373 286; x_wconf 88' lang='lat' dir='ltr'><strong>el</strong></span> <span class='ocrx_word' id='word_1_10' title='bbox 382 234 501 286; x_wconf 78' lang='lat' dir='ltr'><strong>relevat.»</strong></span> <span class='ocrx_word' id='word_1_11' title='bbox 513 235 591 288; x_wconf 85' lang='lat' dir='ltr'><strong>Potest</strong></span> <span class='ocrx_word' id='word_1_12' title='bbox 600 249 656 300; x_wconf 76' lang='lat' dir='ltr'><strong>crgo</strong></span> <span class='ocrx_word' id='word_1_13' title='bbox 668 237 750 304; x_wconf 82' lang='lat' dir='ltr'><strong>aliquis</strong></span> <span class='ocrx_word' id='word_1_14' title='bbox 760 239 856 294; x_wconf 78' lang='lat' dir='ltr'><strong>relermi</strong></span> 
     </span>
     <span class='ocr_line' id='line_1_3' title="bbox 59 304 695 370; baseline 0.006 -14"><span class='ocrx_word' id='word_1_15' title='bbox 59 307 89 356; x_wconf 79' lang='lat' dir='ltr'><strong>ab</strong></span> <span class='ocrx_word' id='word_1_16' title='bbox 108 304 185 368; x_wconf 83' lang='lat' dir='ltr'><strong>aliquo</strong></span> <span class='ocrx_word' id='word_1_17' title='bbox 201 309 305 368; x_wconf 88' lang='lat' dir='ltr'><strong>peccato,</strong></span> <span class='ocrx_word' id='word_1_18' title='bbox 322 309 428 356; x_wconf 86' lang='lat' dir='ltr'><strong>manente</strong></span> <span class='ocrx_word' id='word_1_19' title='bbox 444 309 537 370; x_wconf 87' lang='lat' dir='ltr'><strong>peccate</strong></span> <span class='ocrx_word' id='word_1_20' title='bbox 548 306 695 360; x_wconf 89' lang='lat' dir='ltr'><strong>inddelitatis.</strong></span> 
     </span>
    </p>

    <p class='ocr_par' dir='ltr' id='par_1_3' title="bbox 57 376 854 721">
     <span class='ocr_line' id='line_1_4' title="bbox 91 376 853 442; baseline 0.009 -18"><span class='ocrx_word' id='word_1_21' title='bbox 91 379 117 424; x_wconf 79' lang='lat' dir='ltr'><strong>s.</strong></span> <span class='ocrx_word' id='word_1_22' title='bbox 137 376 259 438; x_wconf 81' lang='lat' dir='ltr'><strong>Preterca,</strong></span> <span class='ocrx_word' id='word_1_23' title='bbox 271 388 347 426; x_wconf 87' lang='lat' dir='ltr'><strong>eorum</strong></span> <span class='ocrx_word' id='word_1_24' title='bbox 361 389 412 439; x_wconf 83' lang='lat' dir='ltr'><strong>que</strong></span> <span class='ocrx_word' id='word_1_25' title='bbox 423 389 471 428; x_wconf 87' lang='lat' dir='ltr'><strong>uon</strong></span> <span class='ocrx_word' id='word_1_26' title='bbox 480 388 574 428; x_wconf 86' lang='lat' dir='ltr'><strong>necesse</strong></span> <span class='ocrx_word' id='word_1_27' title='bbox 583 381 619 428; x_wconf 88' lang='lat' dir='ltr'><strong>est</strong></span> <span class='ocrx_word' id='word_1_28' title='bbox 632 391 683 430; x_wconf 86' lang='lat' dir='ltr'><strong>esse</strong></span> <span class='ocrx_word' id='word_1_29' title='bbox 695 379 771 442; x_wconf 87' lang='lat' dir='ltr'><strong>simul,</strong></span> <span class='ocrx_word' id='word_1_30' title='bbox 781 393 853 432; x_wconf 86' lang='lat' dir='ltr'><strong>unam</strong></span> 
     </span>
     <span class='ocr_line' id='line_1_5' title="bbox 57 445 854 513; baseline 0.005 -15"><span class='ocrx_word' id='word_1_31' title='bbox 57 449 139 511; x_wconf 83' lang='lat' dir='ltr'><strong>potest</strong></span> <span class='ocrx_word' id='word_1_32' title='bbox 150 445 235 495; x_wconf 82' lang='lat' dir='ltr'><strong>auferri</strong></span> <span class='ocrx_word' id='word_1_33' title='bbox 248 446 297 496; x_wconf 90' lang='lat' dir='ltr'><strong>sine</strong></span> <span class='ocrx_word' id='word_1_34' title='bbox 316 445 368 496; x_wconf 84' lang='lat' dir='ltr'><strong>alio.</strong></span> <span class='ocrx_word' id='word_1_35' title='bbox 382 447 427 497; x_wconf 88' lang='lat' dir='ltr'><strong>Sed</strong></span> <span class='ocrx_word' id='word_1_36' title='bbox 441 451 587 511; x_wconf 79' lang='lat' dir='ltr'><strong>peccata„nt</strong></span> <span class='ocrx_word' id='word_1_37' title='bbox 598 448 623 498; x_wconf 91' lang='lat' dir='ltr'><strong>in</strong></span> <span class='ocrx_word' id='word_1_38' title='bbox 635 449 655 509; x_wconf 82' lang='lat' dir='ltr'><strong>ll</strong></span> <span class='ocrx_word' id='word_1_39' title='bbox 675 453 734 513; x_wconf 89' lang='lat' dir='ltr'><strong>part.</strong></span> <span class='ocrx_word' id='word_1_40' title='bbox 751 450 854 502; x_wconf 83' lang='lat' dir='ltr'><strong>habitum</strong></span> 
     </span>
     <span class='ocr_line' id='line_1_6' title="bbox 58 517 854 580; baseline 0.006 -13"><span class='ocrx_word' id='word_1_41' title='bbox 58 519 97 568; x_wconf 87' lang='lat' dir='ltr'><strong>est</strong></span> <span class='ocrx_word' id='word_1_42' title='bbox 118 517 174 580; x_wconf 85' lang='lat' dir='ltr'><strong>(qu.</strong></span> <span class='ocrx_word' id='word_1_43' title='bbox 188 519 232 578; x_wconf 77' lang='lat' dir='ltr'><strong>tt,</strong></span> <span class='ocrx_word' id='word_1_44' title='bbox 244 520 287 566; x_wconf 87' lang='lat' dir='ltr'><strong>art.</strong></span> <span class='ocrx_word' id='word_1_45' title='bbox 301 517 346 580; x_wconf 88' lang='lat' dir='ltr'><strong>l),</strong></span> <span class='ocrx_word' id='word_1_46' title='bbox 361 529 406 568; x_wconf 85' lang='lat' dir='ltr'><strong>non</strong></span> <span class='ocrx_word' id='word_1_47' title='bbox 419 521 472 568; x_wconf 90' lang='lat' dir='ltr'><strong>sunt</strong></span> <span class='ocrx_word' id='word_1_48' title='bbox 483 531 602 580; x_wconf 87' lang='lat' dir='ltr'><strong>ecnncra,</strong></span> <span class='ocrx_word' id='word_1_49' title='bbox 613 523 637 570; x_wconf 86' lang='lat' dir='ltr'><strong>et</strong></span> <span class='ocrx_word' id='word_1_50' title='bbox 647 520 681 570; x_wconf 90' lang='lat' dir='ltr'><strong>ita</strong></span> <span class='ocrx_word' id='word_1_51' title='bbox 692 534 763 572; x_wconf 90' lang='lat' dir='ltr'><strong>nuum</strong></span> <span class='ocrx_word' id='word_1_52' title='bbox 775 536 854 574; x_wconf 85' lang='lat' dir='ltr'><strong>earnm</strong></span> 
     </span>
     <span class='ocr_line' id='line_1_7' title="bbox 58 586 854 656; baseline 0.008 -18"><span class='ocrx_word' id='word_1_53' title='bbox 58 591 139 653; x_wconf 87' lang='lat' dir='ltr'><strong>potest</strong></span> <span class='ocrx_word' id='word_1_54' title='bbox 151 599 202 638; x_wconf 88' lang='lat' dir='ltr'><strong>esse</strong></span> <span class='ocrx_word' id='word_1_55' title='bbox 215 586 264 637; x_wconf 88' lang='lat' dir='ltr'><strong>sine</strong></span> <span class='ocrx_word' id='word_1_56' title='bbox 278 587 331 638; x_wconf 88' lang='lat' dir='ltr'><strong>alic.</strong></span> <span class='ocrx_word' id='word_1_57' title='bbox 347 587 407 650; x_wconf 77' lang='lat' dir='ltr'><strong>lirgc</strong></span> <span class='ocrx_word' id='word_1_58' title='bbox 420 587 489 638; x_wconf 86' lang='lat' dir='ltr'><strong>etiam</strong></span> <span class='ocrx_word' id='word_1_59' title='bbox 503 603 575 643; x_wconf 86' lang='lat' dir='ltr'><strong>unum</strong></span> <span class='ocrx_word' id='word_1_60' title='bbox 587 601 666 642; x_wconf 87' lang='lat' dir='ltr'><strong>eorum</strong></span> <span class='ocrx_word' id='word_1_61' title='bbox 683 596 759 656; x_wconf 86' lang='lat' dir='ltr'><strong>petest</strong></span> <span class='ocrx_word' id='word_1_62' title='bbox 771 594 854 646; x_wconf 86' lang='lat' dir='ltr'><strong>remitti</strong></span> 
     </span>
     <span class='ocr_line' id='line_1_8' title="bbox 57 656 406 721; baseline -0.003 -11"><span class='ocrx_word' id='word_1_63' title='bbox 57 660 112 710; x_wconf 87' lang='lat' dir='ltr'><strong>sine</strong></span> <span class='ocrx_word' id='word_1_64' title='bbox 125 656 171 708; x_wconf 86' lang='lat' dir='ltr'><strong>aliu</strong></span> <span class='ocrx_word' id='word_1_65' title='bbox 183 670 225 721; x_wconf 88' lang='lat' dir='ltr'><strong>per</strong></span> <span class='ocrx_word' id='word_1_66' title='bbox 237 658 406 721; x_wconf 79' lang='lat' dir='ltr'><strong>paenitentiam.</strong></span> 
     </span>
    </p>

    <p class='ocr_par' dir='ltr' id='par_1_4' title="bbox 54 729 854 1075">
     <span class='ocr_line' id='line_1_9' title="bbox 90 729 854 798; baseline 0.007 -18"><span class='ocrx_word' id='word_1_67' title='bbox 90 733 118 780; x_wconf 72' lang='lat' dir='ltr'><strong>l.</strong></span> <span class='ocrx_word' id='word_1_68' title='bbox 131 729 255 789; x_wconf 77' lang='lat' dir='ltr'><strong>Preterea,</strong></span> <span class='ocrx_word' id='word_1_69' title='bbox 269 733 361 791; x_wconf 87' lang='lat' dir='ltr'><strong>peccata</strong></span> <span class='ocrx_word' id='word_1_70' title='bbox 378 731 431 778; x_wconf 91' lang='lat' dir='ltr'><strong>sunt</strong></span> <span class='ocrx_word' id='word_1_71' title='bbox 442 729 518 780; x_wconf 90' lang='lat' dir='ltr'><strong>debita</strong></span> <span class='ocrx_word' id='word_1_72' title='bbox 535 744 586 794; x_wconf 76' lang='lat' dir='ltr'><strong>qna</strong></span> <span class='ocrx_word' id='word_1_73' title='bbox 602 731 670 783; x_wconf 88' lang='lat' dir='ltr'><strong>nohis</strong></span> <span class='ocrx_word' id='word_1_74' title='bbox 686 734 783 784; x_wconf 79' lang='lat' dir='ltr'><strong>relanmi</strong></span> <span class='ocrx_word' id='word_1_75' title='bbox 795 734 854 798; x_wconf 84' lang='lat' dir='ltr'><strong>peti·</strong></span> 
     </span>
     <span class='ocr_line' id='line_1_10' title="bbox 56 797 854 862; baseline 0.008 -12"><span class='ocrx_word' id='word_1_76' title='bbox 56 814 126 862; x_wconf 87' lang='lat' dir='ltr'><strong>mus‚</strong></span> <span class='ocrx_word' id='word_1_77' title='bbox 139 798 193 849; x_wconf 82' lang='lat' dir='ltr'><strong>sirm</strong></span> <span class='ocrx_word' id='word_1_78' title='bbox 203 797 298 848; x_wconf 84' lang='lat' dir='ltr'>dicimus</span> <span class='ocrx_word' id='word_1_79' title='bbox 309 797 333 847; x_wconf 91' lang='lat' dir='ltr'><strong>in</strong></span> <span class='ocrx_word' id='word_1_80' title='bbox 346 797 447 850; x_wconf 89' lang='lat' dir='ltr'><strong>cratiuue</strong></span> <span class='ocrx_word' id='word_1_81' title='bbox 456 799 573 852; x_wconf 73' lang='lat' dir='ltr'><strong>dominica</strong></span> <span class='ocrx_word' id='word_1_82' title='bbox 585 816 592 850; x_wconf 78' lang='lat' dir='ltr'><em>z</em></span> <span class='ocrx_word' id='word_1_83' title='bbox 605 818 619 850; x_wconf 85' lang='lat' dir='ltr'><strong>a</strong></span> <span class='ocrx_word' id='word_1_84' title='bbox 631 801 724 855; x_wconf 78' lang='lat' dir='ltr'>Dimitte</span> <span class='ocrx_word' id='word_1_85' title='bbox 737 805 803 856; x_wconf 87' lang='lat' dir='ltr'><strong>nobis</strong></span> <span class='ocrx_word' id='word_1_86' title='bbox 815 806 854 856; x_wconf 90' lang='lat' dir='ltr'><strong>de·</strong></span> 
     </span>
     <span class='ocr_line' id='line_1_11' title="bbox 56 869 853 935; baseline 0.005 -13"><span class='ocrx_word' id='word_1_87' title='bbox 56 873 107 922; x_wconf 86' lang='lat' dir='ltr'><strong>bita</strong></span> <span class='ocrx_word' id='word_1_88' title='bbox 122 874 212 931; x_wconf 84' lang='lat' dir='ltr'><strong>nostra,</strong></span> <span class='ocrx_word' id='word_1_89' title='bbox 226 872 271 920; x_wconf 88' lang='lat' dir='ltr'><strong>etc.</strong></span> <span class='ocrx_word' id='word_1_90' title='bbox 290 885 304 916; x_wconf 84' lang='lat' dir='ltr'><strong>u</strong></span> <span class='ocrx_word' id='word_1_91' title='bbox 319 869 364 920; x_wconf 82' lang='lat' dir='ltr'><strong>Sed</strong></span> <span class='ocrx_word' id='word_1_92' title='bbox 380 870 449 921; x_wconf 87' lang='lat' dir='ltr'><strong>home</strong></span> <span class='ocrx_word' id='word_1_93' title='bbox 464 872 599 935; x_wconf 76' lang='lat' dir='ltr'>quandoque</span> <span class='ocrx_word' id='word_1_94' title='bbox 616 873 709 924; x_wconf 76' lang='lat' dir='ltr'><strong>dimittit</strong></span> <span class='ocrx_word' id='word_1_95' title='bbox 724 889 797 925; x_wconf 91' lang='lat' dir='ltr'><strong>unum</strong></span> <span class='ocrx_word' id='word_1_96' title='bbox 811 876 853 927; x_wconf 87' lang='lat' dir='ltr'><strong>de·</strong></span> 
     </span>
     <span class='ocr_line' id='line_1_12' title="bbox 54 938 854 1006; baseline 0.006 -15"><span class='ocrx_word' id='word_1_97' title='bbox 54 942 133 992; x_wconf 83' lang='lat' dir='ltr'><strong>tritum</strong></span> <span class='ocrx_word' id='word_1_98' title='bbox 154 939 204 991; x_wconf 90' lang='lat' dir='ltr'><strong>sine</strong></span> <span class='ocrx_word' id='word_1_99' title='bbox 222 939 275 990; x_wconf 87' lang='lat' dir='ltr'><strong>alio.</strong></span> <span class='ocrx_word' id='word_1_100' title='bbox 289 939 347 1002; x_wconf 82' lang='lat' dir='ltr'><strong>Ergo</strong></span> <span class='ocrx_word' id='word_1_101' title='bbox 366 938 435 990; x_wconf 89' lang='lat' dir='ltr'><strong>etiam</strong></span> <span class='ocrx_word' id='word_1_102' title='bbox 448 941 508 992; x_wconf 82' lang='lat' dir='ltr'><strong>lleus</strong></span> <span class='ocrx_word' id='word_1_103' title='bbox 525 943 743 1006; x_wconf 77' lang='lat' dir='ltr'><strong>perpunitantiam</strong></span> <span class='ocrx_word' id='word_1_104' title='bbox 759 945 854 996; x_wconf 86' lang='lat' dir='ltr'><strong>dimittit</strong></span> 
     </span>
     <span class='ocr_line' id='line_1_13' title="bbox 55 1009 392 1075; baseline -0.012 -12"><span class='ocrx_word' id='word_1_105' title='bbox 55 1026 132 1064; x_wconf 91' lang='lat' dir='ltr'><strong>unum</strong></span> <span class='ocrx_word' id='word_1_106' title='bbox 142 1014 262 1075; x_wconf 89' lang='lat' dir='ltr'><strong>peccatum</strong></span> <span class='ocrx_word' id='word_1_107' title='bbox 277 1009 326 1060; x_wconf 88' lang='lat' dir='ltr'><strong>sine</strong></span> <span class='ocrx_word' id='word_1_108' title='bbox 340 1009 392 1060; x_wconf 84' lang='lat' dir='ltr'><strong>alio.</strong></span> 
     </span>
    </p>

    <p class='ocr_par' dir='ltr' id='par_1_5' title="bbox 54 1080 854 1573">
     <span class='ocr_line' id='line_1_14' title="bbox 89 1080 853 1150; baseline 0.003 -14"><span class='ocrx_word' id='word_1_109' title='bbox 89 1089 115 1136; x_wconf 83' lang='lat' dir='ltr'><strong>t.</strong></span> <span class='ocrx_word' id='word_1_110' title='bbox 131 1084 250 1143; x_wconf 81' lang='lat' dir='ltr'><strong>Pretcrea,</strong></span> <span class='ocrx_word' id='word_1_111' title='bbox 260 1093 302 1144; x_wconf 90' lang='lat' dir='ltr'><strong>per</strong></span> <span class='ocrx_word' id='word_1_112' title='bbox 311 1080 455 1132; x_wconf 86' lang='lat' dir='ltr'><strong>dilectionem</strong></span> <span class='ocrx_word' id='word_1_113' title='bbox 467 1083 509 1133; x_wconf 79' lang='lat' dir='ltr'><strong>liei</strong></span> <span class='ocrx_word' id='word_1_114' title='bbox 521 1083 651 1135; x_wconf 78' lang='lat' dir='ltr'><strong>relaxantur</strong></span> <span class='ocrx_word' id='word_1_115' title='bbox 659 1083 790 1136; x_wconf 86' lang='lat' dir='ltr'><strong>haminibus</strong></span> <span class='ocrx_word' id='word_1_116' title='bbox 799 1099 853 1150; x_wconf 89' lang='lat' dir='ltr'><strong>pec·</strong></span> 
     </span>
     <span class='ocr_line' id='line_1_15' title="bbox 54 1151 854 1221; baseline 0.003 -14"><span class='ocrx_word' id='word_1_117' title='bbox 54 1151 264 1216; x_wconf 87' lang='lat' dir='ltr'><strong>cata,secnndi1m</strong></span> <span class='ocrx_word' id='word_1_118' title='bbox 282 1151 335 1202; x_wconf 87' lang='lat' dir='ltr'><strong>illud</strong></span> <span class='ocrx_word' id='word_1_119' title='bbox 353 1151 455 1210; x_wconf 74' lang='lat' dir='ltr'><strong>ierem„</strong></span> <span class='ocrx_word' id='word_1_120' title='bbox 470 1154 542 1205; x_wconf 83' lang='lat' dir='ltr'><strong>illll:</strong></span> <span class='ocrx_word' id='word_1_121' title='bbox 558 1172 573 1203; x_wconf 78' lang='lat' dir='ltr'><strong>a</strong></span> <span class='ocrx_word' id='word_1_122' title='bbox 583 1157 612 1206; x_wconf 91' lang='lat' dir='ltr'><strong>ln</strong></span> <span class='ocrx_word' id='word_1_123' title='bbox 621 1155 730 1206; x_wconf 86' lang='lat' dir='ltr'><strong>charitate</strong></span> <span class='ocrx_word' id='word_1_124' title='bbox 744 1161 854 1221; x_wconf 87' lang='lat' dir='ltr'><strong>perpetua</strong></span> 
     </span>
     <span class='ocr_line' id='line_1_16' title="bbox 55 1207 852 1291; baseline 0.003 -14"><span class='ocrx_word' id='word_1_125' title='bbox 55 1224 183 1283; x_wconf 73' lang='lat' dir='ltr'><strong>attexta,</strong></span> <span class='ocrx_word' id='word_1_126' title='bbox 200 1207 250 1274; x_wconf 72' lang='lat' dir='ltr'><strong>rico</strong></span> <span class='ocrx_word' id='word_1_127' title='bbox 264 1220 345 1272; x_wconf 75' lang='lat' dir='ltr'><strong>aaran</strong></span> <span class='ocrx_word' id='word_1_128' title='bbox 358 1225 382 1272; x_wconf 72' lang='lat' dir='ltr'><strong>cc</strong></span> <span class='ocrx_word' id='word_1_129' title='bbox 394 1224 539 1276; x_wconf 67' lang='lat' dir='ltr'><strong>macram.»</strong></span> <span class='ocrx_word' id='word_1_130' title='bbox 553 1225 599 1276; x_wconf 80' lang='lat' dir='ltr'><strong>sea</strong></span> <span class='ocrx_word' id='word_1_131' title='bbox 610 1225 668 1276; x_wconf 81' lang='lat' dir='ltr'><strong>nint</strong></span> <span class='ocrx_word' id='word_1_132' title='bbox 678 1225 783 1291; x_wconf 65' lang='lat' dir='ltr'><strong>samur</strong></span> <span class='ocrx_word' id='word_1_133' title='bbox 797 1229 852 1290; x_wconf 78' lang='lat' dir='ltr'><strong>qm</strong></span> 
     </span>
     <span class='ocr_line' id='line_1_17' title="bbox 56 1292 854 1358; baseline 0.001 -10"><span class='ocrx_word' id='word_1_134' title='bbox 56 1299 122 1348; x_wconf 82' lang='lat' dir='ltr'><strong>Deus</strong></span> <span class='ocrx_word' id='word_1_135' title='bbox 135 1293 215 1356; x_wconf 77' lang='lat' dir='ltr'><strong>diligat</strong></span> <span class='ocrx_word' id='word_1_136' title='bbox 230 1292 345 1344; x_wconf 84' lang='lat' dir='ltr'><strong>huminem</strong></span> <span class='ocrx_word' id='word_1_137' title='bbox 365 1296 474 1355; x_wconf 81' lang='lat' dir='ltr'><strong>quantum</strong></span> <span class='ocrx_word' id='word_1_138' title='bbox 491 1295 520 1344; x_wconf 88' lang='lat' dir='ltr'><strong>ad</strong></span> <span class='ocrx_word' id='word_1_139' title='bbox 536 1308 621 1358; x_wconf 88' lang='lat' dir='ltr'><strong>unum,</strong></span> <span class='ocrx_word' id='word_1_140' title='bbox 633 1300 656 1347; x_wconf 94' lang='lat' dir='ltr'><strong>et</strong></span> <span class='ocrx_word' id='word_1_141' title='bbox 671 1297 702 1346; x_wconf 90' lang='lat' dir='ltr'><strong>sit</strong></span> <span class='ocrx_word' id='word_1_142' title='bbox 714 1296 737 1346; x_wconf 87' lang='lat' dir='ltr'><strong>ci</strong></span> <span class='ocrx_word' id='word_1_143' title='bbox 752 1296 854 1349; x_wconf 76' lang='lat' dir='ltr'><strong>offensus</strong></span> 
     </span>
     <span class='ocr_line' id='line_1_18' title="bbox 57 1363 852 1432; baseline 0.003 -16"><span class='ocrx_word' id='word_1_144' title='bbox 57 1367 174 1432; x_wconf 83' lang='lat' dir='ltr'><strong>quantum</strong></span> <span class='ocrx_word' id='word_1_145' title='bbox 191 1364 218 1414; x_wconf 86' lang='lat' dir='ltr'><strong>ad</strong></span> <span class='ocrx_word' id='word_1_146' title='bbox 234 1363 294 1414; x_wconf 91' lang='lat' dir='ltr'><strong>alind</strong></span> <span class='ocrx_word' id='word_1_147' title='bbox 311 1379 318 1412; x_wconf 89' lang='lat'>:</span> <span class='ocrx_word' id='word_1_148' title='bbox 334 1363 393 1413; x_wconf 89' lang='lat' dir='ltr'><strong>sicul</strong></span> <span class='ocrx_word' id='word_1_149' title='bbox 404 1369 543 1428; x_wconf 87' lang='lat' dir='ltr'><strong>peccatorem</strong></span> <span class='ocrx_word' id='word_1_150' title='bbox 558 1365 630 1429; x_wconf 74' lang='lat' dir='ltr'><strong>diligit</strong></span> <span class='ocrx_word' id='word_1_151' title='bbox 643 1370 751 1428; x_wconf 88' lang='lat' dir='ltr'><strong>qnantum</strong></span> <span class='ocrx_word' id='word_1_152' title='bbox 764 1367 792 1416; x_wconf 91' lang='lat' dir='ltr'><strong>ad</strong></span> <span class='ocrx_word' id='word_1_153' title='bbox 808 1381 852 1418; x_wconf 93' lang='lat' dir='ltr'><strong>na-</strong></span> 
     </span>
     <span class='ocr_line' id='line_1_19' title="bbox 56 1433 853 1500; baseline 0 -11"><span class='ocrx_word' id='word_1_154' title='bbox 56 1444 149 1497; x_wconf 83' lang='lat' dir='ltr'><strong>turam,</strong></span> <span class='ocrx_word' id='word_1_155' title='bbox 160 1433 209 1484; x_wconf 89' lang='lat' dir='ltr'><strong>cdit</strong></span> <span class='ocrx_word' id='word_1_156' title='bbox 221 1436 295 1484; x_wconf 89' lang='lat' dir='ltr'><strong>autem</strong></span> <span class='ocrx_word' id='word_1_157' title='bbox 307 1437 416 1496; x_wconf 79' lang='lat' dir='ltr'><strong>quantum</strong></span> <span class='ocrx_word' id='word_1_158' title='bbox 427 1435 455 1484; x_wconf 90' lang='lat' dir='ltr'><strong>ad</strong></span> <span class='ocrx_word' id='word_1_159' title='bbox 466 1435 564 1499; x_wconf 90' lang='lat' dir='ltr'><strong>culpam.</strong></span> <span class='ocrx_word' id='word_1_160' title='bbox 577 1437 636 1498; x_wconf 74' lang='lat' dir='ltr'><strong>Ergo</strong></span> <span class='ocrx_word' id='word_1_161' title='bbox 645 1436 735 1487; x_wconf 80' lang='lat' dir='ltr'><strong>ridetur</strong></span> <span class='ocrx_word' id='word_1_162' title='bbox 747 1437 853 1500; x_wconf 85' lang='lat' dir='ltr'><strong>possibile</strong></span> 
     </span>
     <span class='ocr_line' id='line_1_20' title="bbox 55 1503 853 1573; baseline 0 -13"><span class='ocrx_word' id='word_1_163' title='bbox 55 1509 119 1573; x_wconf 82' lang='lat' dir='ltr'><strong>qudd</strong></span> <span class='ocrx_word' id='word_1_164' title='bbox 135 1508 242 1572; x_wconf 80' lang='lat' dir='ltr'><strong>Deusper</strong></span> <span class='ocrx_word' id='word_1_165' title='bbox 250 1503 405 1568; x_wconf 77' lang='lat' dir='ltr'><strong>paenitentiam</strong></span> <span class='ocrx_word' id='word_1_166' title='bbox 416 1504 516 1556; x_wconf 86' lang='lat' dir='ltr'><strong>remittat</strong></span> <span class='ocrx_word' id='word_1_167' title='bbox 531 1520 602 1556; x_wconf 87' lang='lat' dir='ltr'><strong>unum</strong></span> <span class='ocrx_word' id='word_1_168' title='bbox 609 1511 728 1570; x_wconf 91' lang='lat' dir='ltr'><strong>peccatum</strong></span> <span class='ocrx_word' id='word_1_169' title='bbox 739 1505 788 1556; x_wconf 89' lang='lat' dir='ltr'><strong>sine</strong></span> <span class='ocrx_word' id='word_1_170' title='bbox 797 1507 853 1560; x_wconf 85' lang='lat' dir='ltr'><strong>alio.</strong></span> 
     </span>
    </p>

    <p class='ocr_par' dir='ltr' id='par_1_6' title="bbox 55 1577 854 1996">
     <span class='ocr_line' id='line_1_21' title="bbox 88 1577 854 1640; baseline -0.001 -9"><span class='ocrx_word' id='word_1_171' title='bbox 88 1579 135 1632; x_wconf 85' lang='lat' dir='ltr'><strong>Sed</strong></span> <span class='ocrx_word' id='word_1_172' title='bbox 147 1581 224 1628; x_wconf 86' lang='lat' dir='ltr'><strong>contra</strong></span> <span class='ocrx_word' id='word_1_173' title='bbox 234 1580 277 1638; x_wconf 89' lang='lat' dir='ltr'><strong>est,</strong></span> <span class='ocrx_word' id='word_1_174' title='bbox 289 1577 347 1640; x_wconf 83' lang='lat' dir='ltr'><strong>qnod</strong></span> <span class='ocrx_word' id='word_1_175' title='bbox 357 1577 495 1639; x_wconf 76' lang='lat' dir='ltr'><strong>Augustinus</strong></span> <span class='ocrx_word' id='word_1_176' title='bbox 505 1578 562 1628; x_wconf 90' lang='lat' dir='ltr'><strong>dicit</strong></span> <span class='ocrx_word' id='word_1_177' title='bbox 573 1579 646 1629; x_wconf 73' lang='lat' dir='ltr'><strong>iuliis.</strong></span> <span class='ocrx_word' id='word_1_178' title='bbox 659 1579 696 1628; x_wconf 84' lang='lat' dir='ltr'><strong>De</strong></span> <span class='ocrx_word' id='word_1_179' title='bbox 704 1580 854 1630; x_wconf 80' lang='lat' dir='ltr'><strong>Paenitentia</strong></span> 
     </span>
     <span class='ocr_line' id='line_1_22' title="bbox 59 1645 853 1713; baseline -0.003 -11"><span class='ocrx_word' id='word_1_180' title='bbox 59 1651 139 1713; x_wconf 83' lang='lat' dir='ltr'><strong>(uerat</strong></span> <span class='ocrx_word' id='word_1_181' title='bbox 154 1651 180 1698; x_wconf 86' lang='lat' dir='ltr'><strong>et</strong></span> <span class='ocrx_word' id='word_1_182' title='bbox 197 1645 278 1711; x_wconf 77' lang='lat' dir='ltr'><strong>saled,</strong></span> <span class='ocrx_word' id='word_1_183' title='bbox 295 1645 353 1697; x_wconf 88' lang='lat' dir='ltr'><strong>sicul</strong></span> <span class='ocrx_word' id='word_1_184' title='bbox 375 1645 456 1712; x_wconf 73' lang='lat' dir='ltr'><strong>supra,</strong></span> <span class='ocrx_word' id='word_1_185' title='bbox 472 1660 524 1712; x_wconf 86' lang='lat' dir='ltr'><strong>cap.</strong></span> <span class='ocrx_word' id='word_1_186' title='bbox 545 1651 595 1710; x_wconf 73' lang='lat' dir='ltr'><strong>lt:</strong></span> <span class='ocrx_word' id='word_1_187' title='bbox 611 1650 692 1698; x_wconf 81' lang='lat' dir='ltr'><strong>«Sunt</strong></span> <span class='ocrx_word' id='word_1_188' title='bbox 708 1647 784 1711; x_wconf 78' lang='lat' dir='ltr'><strong>piures</strong></span> <span class='ocrx_word' id='word_1_189' title='bbox 796 1663 853 1712; x_wconf 85' lang='lat' dir='ltr'><strong>qnos</strong></span> 
     </span>
     <span class='ocr_line' id='line_1_23' title="bbox 55 1718 852 1789; baseline -0.004 -16"><span class='ocrx_word' id='word_1_190' title='bbox 55 1721 159 1789; x_wconf 74' lang='lat' dir='ltr'><strong>paenitet</strong></span> <span class='ocrx_word' id='word_1_191' title='bbox 169 1731 284 1782; x_wconf 73' lang='lat' dir='ltr'><strong>peccasse,</strong></span> <span class='ocrx_word' id='word_1_192' title='bbox 298 1718 338 1768; x_wconf 91' lang='lat' dir='ltr'><strong>sed</strong></span> <span class='ocrx_word' id='word_1_193' title='bbox 352 1731 397 1768; x_wconf 88' lang='lat' dir='ltr'><strong>nun</strong></span> <span class='ocrx_word' id='word_1_194' title='bbox 408 1718 518 1779; x_wconf 82' lang='lat' dir='ltr'><strong>omnino,</strong></span> <span class='ocrx_word' id='word_1_195' title='bbox 534 1722 678 1769; x_wconf 78' lang='lat' dir='ltr'><strong>reservantes</strong></span> <span class='ocrx_word' id='word_1_196' title='bbox 691 1719 734 1768; x_wconf 88' lang='lat' dir='ltr'><strong>sibi</strong></span> <span class='ocrx_word' id='word_1_197' title='bbox 749 1720 852 1782; x_wconf 85' lang='lat' dir='ltr'><strong>quaedam</strong></span> 
     </span>
     <span class='ocr_line' id='line_1_24' title="bbox 55 1788 853 1858; baseline -0.008 -14"><span class='ocrx_word' id='word_1_198' title='bbox 55 1791 179 1858; x_wconf 87' lang='lat' dir='ltr'><strong>inquibus</strong></span> <span class='ocrx_word' id='word_1_199' title='bbox 194 1789 346 1852; x_wconf 89' lang='lat' dir='ltr'><strong>delectantur,</strong></span> <span class='ocrx_word' id='word_1_200' title='bbox 367 1801 414 1840; x_wconf 85' lang='lat' dir='ltr'><strong>nen</strong></span> <span class='ocrx_word' id='word_1_201' title='bbox 429 1788 634 1841; x_wconf 62' lang='lat' dir='ltr'><strong>animadvertentes</strong></span> <span class='ocrx_word' id='word_1_202' title='bbox 647 1788 766 1840; x_wconf 77' lang='lat' dir='ltr'><strong>[luminum</strong></span> <span class='ocrx_word' id='word_1_203' title='bbox 785 1789 853 1838; x_wconf 91' lang='lat' dir='ltr'><strong>simul</strong></span> 
     </span>
     <span class='ocr_line' id='line_1_25' title="bbox 56 1858 852 1924; baseline -0.005 -10"><span class='ocrx_word' id='word_1_204' title='bbox 56 1865 154 1916; x_wconf 88' lang='lat' dir='ltr'><strong>mulum</strong></span> <span class='ocrx_word' id='word_1_205' title='bbox 168 1864 192 1912; x_wconf 90' lang='lat' dir='ltr'><strong>et</strong></span> <span class='ocrx_word' id='word_1_206' title='bbox 208 1859 300 1910; x_wconf 88' lang='lat' dir='ltr'><strong>surdum</strong></span> <span class='ocrx_word' id='word_1_207' title='bbox 318 1858 455 1910; x_wconf 79' lang='lat' dir='ltr'><strong>ademario</strong></span> <span class='ocrx_word' id='word_1_208' title='bbox 468 1859 574 1911; x_wconf 85' lang='lat' dir='ltr'><strong>liberasse</strong></span> <span class='ocrx_word' id='word_1_209' title='bbox 579 1895 589 1923; x_wconf 93' lang='lat'><strong>,</strong></span> <span class='ocrx_word' id='word_1_210' title='bbox 599 1873 641 1924; x_wconf 86' lang='lat' dir='ltr'><strong>per</strong></span> <span class='ocrx_word' id='word_1_211' title='bbox 653 1860 698 1910; x_wconf 90' lang='lat' dir='ltr'><strong>huc</strong></span> <span class='ocrx_word' id='word_1_212' title='bbox 715 1859 798 1910; x_wconf 86' lang='lat' dir='ltr'><strong>ducens</strong></span> <span class='ocrx_word' id='word_1_213' title='bbox 810 1872 852 1910; x_wconf 86' lang='lat' dir='ltr'><strong>ncs</strong></span> 
     </span>
     <span class='ocr_line' id='line_1_26' title="bbox 55 1929 519 1996; baseline -0.013 -13"><span class='ocrx_word' id='word_1_214' title='bbox 55 1945 178 1996; x_wconf 76' lang='lat' dir='ltr'><strong>nunqnam</strong></span> <span class='ocrx_word' id='word_1_215' title='bbox 189 1929 234 1981; x_wconf 87' lang='lat' dir='ltr'><strong>nisi</strong></span> <span class='ocrx_word' id='word_1_216' title='bbox 247 1931 275 1981; x_wconf 94' lang='lat' dir='ltr'><strong>de</strong></span> <span class='ocrx_word' id='word_1_217' title='bbox 288 1929 393 1981; x_wconf 86' lang='lat' dir='ltr'><strong>omnibus</strong></span> <span class='ocrx_word' id='word_1_218' title='bbox 407 1930 491 1981; x_wconf 84' lang='lat' dir='ltr'><strong>sanari.</strong></span> <span class='ocrx_word' id='word_1_219' title='bbox 504 1946 519 1977; x_wconf 77' lang='lat' dir='ltr'><strong>a</strong></span> 
     </span>
    </p>

    <p class='ocr_par' dir='ltr' id='par_1_7' title="bbox 55 1998 852 2280">
     <span class='ocr_line' id='line_1_27' title="bbox 88 1998 851 2071; baseline -0.008 -15"><span class='ocrx_word' id='word_1_220' title='bbox 88 2007 253 2071; x_wconf 77' lang='lat' dir='ltr'><strong>(eoumusro.</strong></span> <span class='ocrx_word' id='word_1_221' title='bbox 265 2001 362 2051; x_wconf 87' lang='lat' dir='ltr'><strong>-Cdm</strong></span> <span class='ocrx_word' id='word_1_222' title='bbox 376 2001 461 2051; x_wconf 89' lang='lat' dir='ltr'><strong>nnllam</strong></span> <span class='ocrx_word' id='word_1_223' title='bbox 479 2005 596 2065; x_wconf 87' lang='lat' dir='ltr'><strong>peccatum</strong></span> <span class='ocrx_word' id='word_1_224' title='bbox 610 1999 703 2052; x_wconf 89' lang='lat' dir='ltr'><strong>mortale</strong></span> <span class='ocrx_word' id='word_1_225' title='bbox 717 1998 767 2050; x_wconf 88' lang='lat' dir='ltr'><strong>sine</strong></span> <span class='ocrx_word' id='word_1_226' title='bbox 778 2000 851 2062; x_wconf 76' lang='lat' dir='ltr'><strong>gralia</strong></span> 
     </span>
     <span class='ocr_line' id='line_1_28' title="bbox 55 2070 852 2140; baseline -0.009 -13"><span class='ocrx_word' id='word_1_227' title='bbox 55 2092 83 2128; x_wconf 88' lang='lat' dir='ltr'><strong>ac</strong></span> <span class='ocrx_word' id='word_1_228' title='bbox 102 2073 239 2140; x_wconf 89' lang='lat' dir='ltr'><strong>poenilentia</strong></span> <span class='ocrx_word' id='word_1_229' title='bbox 255 2072 341 2123; x_wconf 87' lang='lat' dir='ltr'><strong>remitti</strong></span> <span class='ocrx_word' id='word_1_230' title='bbox 361 2072 448 2135; x_wconf 86' lang='lat' dir='ltr'><strong>pessit,</strong></span> <span class='ocrx_word' id='word_1_231' title='bbox 463 2083 530 2122; x_wconf 83' lang='lat' dir='ltr'><strong>omne</strong></span> <span class='ocrx_word' id='word_1_232' title='bbox 550 2070 605 2122; x_wconf 86' lang='lat' dir='ltr'><strong>rerd</strong></span> <span class='ocrx_word' id='word_1_233' title='bbox 621 2074 739 2134; x_wconf 90' lang='lat' dir='ltr'><strong>peccatum</strong></span> <span class='ocrx_word' id='word_1_234' title='bbox 758 2070 852 2120; x_wconf 86' lang='lat' dir='ltr'><strong>mortale</strong></span> 
     </span>
     <span class='ocr_line' id='line_1_29' title="bbox 58 2139 851 2210; baseline -0.01 -12"><span class='ocrx_word' id='word_1_235' title='bbox 58 2147 139 2210; x_wconf 76' lang='lat' dir='ltr'><strong>gratia</strong></span> <span class='ocrx_word' id='word_1_236' title='bbox 156 2147 181 2195; x_wconf 86' lang='lat' dir='ltr'><strong>et</strong></span> <span class='ocrx_word' id='word_1_237' title='bbox 192 2141 333 2207; x_wconf 81' lang='lat' dir='ltr'><strong>paenitentiae</strong></span> <span class='ocrx_word' id='word_1_238' title='bbox 347 2145 473 2205; x_wconf 80' lang='lat' dir='ltr'><strong>repugnet,</strong></span> <span class='ocrx_word' id='word_1_239' title='bbox 488 2140 537 2192; x_wconf 84' lang='lat' dir='ltr'><strong>lieri</strong></span> <span class='ocrx_word' id='word_1_240' title='bbox 546 2155 592 2192; x_wconf 87' lang='lat' dir='ltr'><strong>nun</strong></span> <span class='ocrx_word' id='word_1_241' title='bbox 604 2145 679 2204; x_wconf 82' lang='lat' dir='ltr'><strong>polest</strong></span> <span class='ocrx_word' id='word_1_242' title='bbox 690 2145 770 2204; x_wconf 80' lang='lat' dir='ltr'><strong>ntper</strong></span> <span class='ocrx_word' id='word_1_243' title='bbox 778 2139 851 2190; x_wconf 84' lang='lat' dir='ltr'><strong>uirtu-</strong></span> 
     </span>
     <span class='ocr_line' id='line_1_30' title="bbox 55 2211 762 2280; baseline -0.013 -11"><span class='ocrx_word' id='word_1_244' title='bbox 55 2226 104 2269; x_wconf 89' lang='lat' dir='ltr'><strong>tem</strong></span> <span class='ocrx_word' id='word_1_245' title='bbox 120 2214 260 2280; x_wconf 78' lang='lat' dir='ltr'><strong>paenitentiae</strong></span> <span class='ocrx_word' id='word_1_246' title='bbox 273 2227 344 2262; x_wconf 88' lang='lat' dir='ltr'><strong>unum</strong></span> <span class='ocrx_word' id='word_1_247' title='bbox 357 2216 473 2277; x_wconf 88' lang='lat' dir='ltr'><strong>peccatum</strong></span> <span class='ocrx_word' id='word_1_248' title='bbox 492 2212 542 2262; x_wconf 87' lang='lat' dir='ltr'><strong>sine</strong></span> <span class='ocrx_word' id='word_1_249' title='bbox 558 2211 602 2261; x_wconf 89' lang='lat' dir='ltr'><strong>alic</strong></span> <span class='ocrx_word' id='word_1_250' title='bbox 618 2211 762 2273; x_wconf 89' lang='lat' dir='ltr'><strong>remittatur.)</strong></span> 
     </span>
    </p>

    <p class='ocr_par' dir='ltr' id='par_1_8' title="bbox 87 2280 852 2351">
     <span class='ocr_line' id='line_1_31' title="bbox 87 2280 852 2351; baseline -0.012 -12"><span class='ocrx_word' id='word_1_251' title='bbox 87 2285 226 2351; x_wconf 76' lang='lat' dir='ltr'><strong>despondeo</strong></span> <span class='ocrx_word' id='word_1_252' title='bbox 243 2283 377 2344; x_wconf 89' lang='lat' dir='ltr'><strong>dicendum,</strong></span> <span class='ocrx_word' id='word_1_253' title='bbox 395 2283 455 2345; x_wconf 87' lang='lat' dir='ltr'><strong>qudd</strong></span> <span class='ocrx_word' id='word_1_254' title='bbox 473 2282 611 2347; x_wconf 82' lang='lat' dir='ltr'><strong>impossibile</strong></span> <span class='ocrx_word' id='word_1_255' title='bbox 628 2287 664 2332; x_wconf 91' lang='lat' dir='ltr'><strong>est</strong></span> <span class='ocrx_word' id='word_1_256' title='bbox 677 2295 719 2344; x_wconf 89' lang='lat' dir='ltr'><strong>per</strong></span> <span class='ocrx_word' id='word_1_257' title='bbox 735 2280 852 2345; x_wconf 86' lang='lat' dir='ltr'><strong>poeniten·</strong></span> 
     </span>
    </p>
   </div>
   <div class='ocr_carea' id='block_1_3' title="bbox 58 2347 962 2418">
    <p class='ocr_par' dir='ltr' id='par_1_9' title="bbox 58 2347 962 2418">
     <span class='ocr_line' id='line_1_32' title="bbox 58 2347 962 2418; baseline -0.011 -10"><span class='ocrx_word' id='word_1_258' title='bbox 58 2359 113 2408; x_wconf 88' lang='lat' dir='ltr'><strong>tiam</strong></span> <span class='ocrx_word' id='word_1_259' title='bbox 128 2368 201 2406; x_wconf 87' lang='lat' dir='ltr'><strong>nuum</strong></span> <span class='ocrx_word' id='word_1_260' title='bbox 215 2347 335 2418; x_wconf 81' lang='lat' dir='ltr'><strong>peccatum</strong></span> <span class='ocrx_word' id='word_1_261' title='bbox 355 2353 404 2402; x_wconf 90' lang='lat' dir='ltr'><strong>sine</strong></span> <span class='ocrx_word' id='word_1_262' title='bbox 417 2352 461 2402; x_wconf 88' lang='lat' dir='ltr'><strong>alic</strong></span> <span class='ocrx_word' id='word_1_263' title='bbox 475 2352 569 2402; x_wconf 88' lang='lat' dir='ltr'><strong>remitti.</strong></span> <span class='ocrx_word' id='word_1_264' title='bbox 586 2351 661 2402; x_wconf 86' lang='lat' dir='ltr'><strong>Primd</strong></span> <span class='ocrx_word' id='word_1_265' title='bbox 677 2353 785 2415; x_wconf 85' lang='lat' dir='ltr'><strong>quidem,</strong></span> <span class='ocrx_word' id='word_1_266' title='bbox 798 2350 852 2415; x_wconf 88' lang='lat' dir='ltr'><strong>quia</strong></span> <span class='ocrx_word' id='word_1_267' title='bbox 955 2380 962 2398; x_wconf 79' lang='grc'><strong><em>.</em></strong></span> 
     </span>
    </p>
   </div>
   <div class='ocr_carea' id='block_1_4' title="bbox 55 2422 853 2841">
    <p class='ocr_par' dir='ltr' id='par_1_10' title="bbox 55 2422 853 2841">
     <span class='ocr_line' id='line_1_33' title="bbox 55 2422 852 2492; baseline -0.014 -11"><span class='ocrx_word' id='word_1_268' title='bbox 55 2431 177 2492; x_wconf 86' lang='lat' dir='ltr'><strong>peccatum</strong></span> <span class='ocrx_word' id='word_1_269' title='bbox 192 2424 312 2476; x_wconf 88' lang='lat' dir='ltr'><strong>remittitur</strong></span> <span class='ocrx_word' id='word_1_270' title='bbox 327 2423 472 2486; x_wconf 83' lang='lat' dir='ltr'><strong>inquantum</strong></span> <span class='ocrx_word' id='word_1_271' title='bbox 486 2422 573 2473; x_wconf 85' lang='lat' dir='ltr'><strong>tollitur</strong></span> <span class='ocrx_word' id='word_1_272' title='bbox 588 2423 628 2472; x_wconf 79' lang='lat' dir='ltr'><strong>liei</strong></span> <span class='ocrx_word' id='word_1_273' title='bbox 646 2423 732 2472; x_wconf 87' lang='lat' dir='ltr'><strong>otieusa</strong></span> <span class='ocrx_word' id='word_1_274' title='bbox 748 2435 789 2484; x_wconf 91' lang='lat' dir='ltr'><strong>per</strong></span> <span class='ocrx_word' id='word_1_275' title='bbox 801 2433 852 2482; x_wconf 80' lang='lat' dir='ltr'><strong>gra·</strong></span> 
     </span>
     <span class='ocr_line' id='line_1_34' title="bbox 56 2493 853 2561; baseline -0.01 -14"><span class='ocrx_word' id='word_1_276' title='bbox 56 2501 129 2561; x_wconf 78' lang='lat' dir='ltr'><strong>tiam3</strong></span> <span class='ocrx_word' id='word_1_277' title='bbox 144 2497 205 2548; x_wconf 87' lang='lat' dir='ltr'><strong>unde</strong></span> <span class='ocrx_word' id='word_1_278' title='bbox 219 2496 244 2545; x_wconf 90' lang='lat' dir='ltr'><strong>in</strong></span> <span class='ocrx_word' id='word_1_279' title='bbox 261 2496 280 2545; x_wconf 92' lang='lat' dir='ltr'><strong>ll</strong></span> <span class='ocrx_word' id='word_1_280' title='bbox 291 2497 349 2559; x_wconf 88' lang='lat' dir='ltr'><strong>part.</strong></span> <span class='ocrx_word' id='word_1_281' title='bbox 364 2494 466 2544; x_wconf 86' lang='lat' dir='ltr'><strong>habitum</strong></span> <span class='ocrx_word' id='word_1_282' title='bbox 478 2496 515 2543; x_wconf 88' lang='lat' dir='ltr'><strong>est</strong></span> <span class='ocrx_word' id='word_1_283' title='bbox 526 2493 557 2556; x_wconf 87' lang='lat' dir='ltr'><strong>(t</strong></span> <span class='ocrx_word' id='word_1_284' title='bbox 569 2497 597 2554; x_wconf 76' lang='lat'><strong>2,</strong></span> <span class='ocrx_word' id='word_1_285' title='bbox 612 2496 722 2555; x_wconf 73' lang='lat' dir='ltr'><strong>(pn-1⁰9,</strong></span> <span class='ocrx_word' id='word_1_286' title='bbox 736 2494 779 2541; x_wconf 85' lang='lat' dir='ltr'><strong>art.</strong></span> <span class='ocrx_word' id='word_1_287' title='bbox 790 2495 814 2551; x_wconf 90' lang='lat' dir='ltr'><strong>‘l,</strong></span> <span class='ocrx_word' id='word_1_288' title='bbox 828 2495 853 2540; x_wconf 87' lang='lat' dir='ltr'><strong>el</strong></span> 
     </span>
     <span class='ocr_line' id='line_1_35' title="bbox 57 2561 852 2632; baseline -0.014 -13"><span class='ocrx_word' id='word_1_289' title='bbox 57 2585 97 2632; x_wconf 77' lang='lat' dir='ltr'><strong>cru.</strong></span> <span class='ocrx_word' id='word_1_290' title='bbox 117 2571 173 2630; x_wconf 81' lang='lat'><strong>11³,</strong></span> <span class='ocrx_word' id='word_1_291' title='bbox 185 2569 228 2617; x_wconf 87' lang='lat' dir='ltr'><strong>art.</strong></span> <span class='ocrx_word' id='word_1_292' title='bbox 248 2571 291 2629; x_wconf 71' lang='lat' dir='ltr'><strong>t),</strong></span> <span class='ocrx_word' id='word_1_293' title='bbox 304 2563 365 2628; x_wconf 87' lang='lat' dir='ltr'><strong>qudd</strong></span> <span class='ocrx_word' id='word_1_294' title='bbox 378 2564 464 2614; x_wconf 89' lang='lat' dir='ltr'><strong>nullum</strong></span> <span class='ocrx_word' id='word_1_295' title='bbox 474 2568 594 2627; x_wconf 89' lang='lat' dir='ltr'><strong>peccatum</strong></span> <span class='ocrx_word' id='word_1_296' title='bbox 610 2566 686 2626; x_wconf 87' lang='lat' dir='ltr'><strong>petest</strong></span> <span class='ocrx_word' id='word_1_297' title='bbox 704 2561 789 2612; x_wconf 83' lang='lat' dir='ltr'><strong>remitti</strong></span> <span class='ocrx_word' id='word_1_298' title='bbox 802 2561 852 2610; x_wconf 91' lang='lat' dir='ltr'><strong>sine</strong></span> 
     </span>
     <span class='ocr_line' id='line_1_36' title="bbox 57 2631 850 2702; baseline -0.01 -12"><span class='ocrx_word' id='word_1_299' title='bbox 57 2641 138 2702; x_wconf 69' lang='lat' dir='ltr'><strong>uratia.</strong></span> <span class='ocrx_word' id='word_1_300' title='bbox 158 2642 231 2690; x_wconf 83' lang='lat' dir='ltr'><strong>Omne</strong></span> <span class='ocrx_word' id='word_1_301' title='bbox 246 2642 321 2688; x_wconf 87' lang='lat' dir='ltr'><strong>antem</strong></span> <span class='ocrx_word' id='word_1_302' title='bbox 342 2641 459 2700; x_wconf 86' lang='lat' dir='ltr'><strong>peccatum</strong></span> <span class='ocrx_word' id='word_1_303' title='bbox 480 2635 574 2686; x_wconf 90' lang='lat' dir='ltr'><strong>mortale</strong></span> <span class='ocrx_word' id='word_1_304' title='bbox 592 2632 741 2684; x_wconf 85' lang='lat' dir='ltr'><strong>contrariatur</strong></span> <span class='ocrx_word' id='word_1_305' title='bbox 757 2631 850 2694; x_wconf 76' lang='lat' dir='ltr'><strong>gratiae,</strong></span> 
     </span>
     <span class='ocr_line' id='line_1_37' title="bbox 57 2704 852 2771; baseline -0.013 -9"><span class='ocrx_word' id='word_1_306' title='bbox 57 2719 80 2762; x_wconf 86' lang='lat' dir='ltr'><strong>ct</strong></span> <span class='ocrx_word' id='word_1_307' title='bbox 92 2710 195 2764; x_wconf 79' lang='lat' dir='ltr'><strong>excludit</strong></span> <span class='ocrx_word' id='word_1_308' title='bbox 208 2723 277 2761; x_wconf 85' lang='lat' dir='ltr'><strong>eam:</strong></span> <span class='ocrx_word' id='word_1_309' title='bbox 296 2707 355 2758; x_wconf 93' lang='lat' dir='ltr'><strong>unde</strong></span> <span class='ocrx_word' id='word_1_310' title='bbox 373 2707 513 2771; x_wconf 81' lang='lat' dir='ltr'><strong>impassibile</strong></span> <span class='ocrx_word' id='word_1_311' title='bbox 526 2709 563 2756; x_wconf 88' lang='lat' dir='ltr'><strong>est</strong></span> <span class='ocrx_word' id='word_1_312' title='bbox 575 2704 636 2767; x_wconf 86' lang='lat' dir='ltr'><strong>qudd</strong></span> <span class='ocrx_word' id='word_1_313' title='bbox 651 2717 721 2754; x_wconf 87' lang='lat' dir='ltr'><strong>unum</strong></span> <span class='ocrx_word' id='word_1_314' title='bbox 736 2706 852 2767; x_wconf 88' lang='lat' dir='ltr'><strong>peccatum</strong></span> 
     </span>
     <span class='ocr_line' id='line_1_38' title="bbox 58 2772 851 2841; baseline -0.013 -9"><span class='ocrx_word' id='word_1_315' title='bbox 58 2784 107 2834; x_wconf 89' lang='lat' dir='ltr'><strong>siue</strong></span> <span class='ocrx_word' id='word_1_316' title='bbox 123 2782 168 2833; x_wconf 88' lang='lat' dir='ltr'><strong>alio</strong></span> <span class='ocrx_word' id='word_1_317' title='bbox 184 2780 319 2832; x_wconf 87' lang='lat' dir='ltr'><strong>remittatur.</strong></span> <span class='ocrx_word' id='word_1_318' title='bbox 334 2777 437 2829; x_wconf 86' lang='lat' dir='ltr'><strong>Secundd</strong></span> <span class='ocrx_word' id='word_1_319' title='bbox 446 2816 453 2838; x_wconf 94' lang='lat'><strong>,</strong></span> <span class='ocrx_word' id='word_1_320' title='bbox 463 2777 517 2841; x_wconf 84' lang='lat' dir='ltr'><strong>quia</strong></span> <span class='ocrx_word' id='word_1_321' title='bbox 533 2775 601 2840; x_wconf 85' lang='lat' dir='ltr'><strong>(sicut</strong></span> <span class='ocrx_word' id='word_1_322' title='bbox 612 2779 729 2825; x_wconf 86' lang='lat' dir='ltr'><strong>ostensum</strong></span> <span class='ocrx_word' id='word_1_323' title='bbox 738 2772 784 2835; x_wconf 85' lang='lat' dir='ltr'><strong>est)</strong></span> <span class='ocrx_word' id='word_1_324' title='bbox 798 2785 851 2836; x_wconf 87' lang='lat' dir='ltr'><strong>pec-</strong></span> 
     </span>
    </p>
   </div>
   <div class='ocr_carea' id='block_1_5' title="bbox 58 2842 850 2914">
    <p class='ocr_par' dir='ltr' id='par_1_11' title="bbox 58 2842 850 2914">
     <span class='ocr_line' id='line_1_39' title="bbox 58 2842 850 2914; baseline -0.016 -10"><span class='ocrx_word' id='word_1_325' title='bbox 58 2861 132 2906; x_wconf 84' lang='lat' dir='ltr'><strong>catum</strong></span> <span class='ocrx_word' id='word_1_326' title='bbox 150 2853 245 2904; x_wconf 85' lang='lat' dir='ltr'><strong>mortale</strong></span> <span class='ocrx_word' id='word_1_327' title='bbox 267 2864 312 2902; x_wconf 86' lang='lat' dir='ltr'><strong>nun</strong></span> <span class='ocrx_word' id='word_1_328' title='bbox 331 2853 406 2914; x_wconf 85' lang='lat' dir='ltr'><strong>polest</strong></span> <span class='ocrx_word' id='word_1_329' title='bbox 418 2850 467 2900; x_wconf 85' lang='lat' dir='ltr'><strong>sine</strong></span> <span class='ocrx_word' id='word_1_330' title='bbox 482 2860 537 2898; x_wconf 81' lang='lat' dir='ltr'><strong>vera</strong></span> <span class='ocrx_word' id='word_1_331' title='bbox 558 2845 690 2910; x_wconf 77' lang='lat' dir='ltr'><strong>paenitentia</strong></span> <span class='ocrx_word' id='word_1_332' title='bbox 708 2842 808 2905; x_wconf 87' lang='lat' dir='ltr'><strong>remitti,</strong></span> <span class='ocrx_word' id='word_1_333' title='bbox 822 2844 850 2892; x_wconf 90' lang='lat' dir='ltr'><strong>ad</strong></span> 
     </span>
    </p>
   </div>
   <div class='ocr_carea' id='block_1_6' title="bbox 0 0 976 3284">
    <p class='ocr_par' dir='ltr' id='par_1_12' title="bbox 0 0 976 3284">
     <span class='ocr_line' id='line_1_40' title="bbox 0 0 976 3284; baseline 0 0"><span class='ocrx_word' id='word_1_334' title='bbox 0 0 976 3284; x_wconf 95' lang='lat' dir='ltr'><strong> </strong></span> 
     </span>
    </p>
   </div>
  </div>
 </body>
</html>
