1942 3284
129 172 178 220 ‘tlt
288 181 493 230 mmmmm,
510 180 605 227 nossa.
621 182 669 230 xx,
686 181 744 219 aar.
758 183 780 219 r.

436 364 598 417 delCULUS
613 364 632 415 l.

135 491 224 541 vtum
237 494 345 539 mardos
354 494 432 551 posuit
449 492 501 601 otti⁰
508 492 574 566 atoue
587 504 660 549 quom
672 492 754 547 babet,
771 491 800 537 r'at
816 494 945 551 quemlebet

500 568 596 601 minem.

164 690 198 740 ld
204 688 303 753 primum
316 688 351 739 sic
360 687 499 753 proceditur.
514 684 684 749 videturqnbd
700 687 817 738 sacerdos
827 689 909 753 posit
918 688 944 737 uti

132 760 197 811 dnus
209 772 277 824 qnam
290 760 374 823 habet,
387 758 412 809 in
424 757 549 823 quemlibet
557 756 685 808 bominem.
699 758 816 809 Potestas
830 758 902 810 eninr
910 760 946 808 dn

132 830 197 880 dnm
211 830 235 880 in
250 831 380 882 sacerdotes
399 830 563 881 descenditur
583 828 622 877 illa
641 827 721 878 diuina
742 830 944 894 auctoritateque

131 900 209 953 dixit:
230 919 244 950 u
254 902 356 966 Accipite
368 901 479 965 Spiritum
494 904 616 962 sanetum3
629 910 728 962 quornm
745 900 942 965 remiseritispcc

131 976 198 1035 orta,
208 972 356 1024 remittuntur
373 972 418 1024 eis.
438 988 453 1018 u
466 972 511 1022 Sed
528 971 585 1021 illud
598 968 779 1022 indeterminate
802 972 897 1022 dictum
908 976 941 1021 est

132 1042 195 1108 Ergo
207 1044 296 1095 babens
308 1044 395 1094 clarem
408 1040 582 1093 indeterminate
595 1042 671 1104 potest
684 1039 711 1090 el
726 1042 762 1090 uti
778 1040 806 1091 in
826 1044 942 1107 quoslibet

165 1118 189 1165 b.
200 1116 321 1175 Praeterea,
331 1114 403 1164 clauis
412 1112 537 1177 corporalis
547 1126 598 1176 qua
609 1111 682 1176 aperit
692 1124 765 1161 unam
777 1126 874 1176 seram,
884 1112 944 1178 rpcrlt

132 1198 216 1238 omnes
228 1187 284 1236 alim
295 1186 398 1249 einsdem
412 1185 484 1236 modi.
499 1182 543 1235 Sed
556 1196 623 1235 omno
640 1186 764 1247 peccatum
779 1187 943 1250 cujuscunque

132 1256 234 1308 hominis
251 1260 286 1307 est
301 1257 404 1321 ejusdem
420 1254 516 1307 radonis
536 1254 689 1315 obstaculum,
706 1260 825 1319 respectu
844 1254 943 1307 introitu
966 1272 967 1275 ¹

133 1328 196 1379 caeli.
218 1328 278 1391 Ergo
294 1327 316 1377 si
328 1331 404 1391 potest
420 1341 492 1377 unum
511 1326 627 1377 bominem
647 1328 758 1377 sacerdos
779 1329 943 1392 perplures,

133 1410 203 1462 qnam
215 1398 300 1463 babet,
309 1399 441 1461 absoluere,
453 1397 540 1463 poterit
551 1402 575 1449 et
587 1397 699 1461 quoslibet
713 1398 784 1449 alios.

166 1472 191 1518 a.
208 1471 335 1532 Preterea,
353 1469 507 1521 sacerdotium
526 1469 582 1521 noui
600 1469 745 1520 Testamenti
766 1474 809 1521 est
826 1472 943 1536 peitatis
966 1488 967 1493 ¹

133 1539 202 1604 upnlm
218 1542 312 1593 veteris.
326 1543 371 1594 Sed
388 1543 493 1593 sacerdos
504 1540 590 1592 ueteris
601 1540 742 1591 Testamenti
753 1547 856 1605 poteret
866 1544 902 1593 nti
910 1542 941 1592 sal

133 1614 261 1678 potestate,
276 1627 344 1679 quarn
352 1614 464 1673 habebat,
475 1611 620 1663 discernendi
632 1611 692 1661 inter
702 1612 796 1675 lepram
813 1619 842 1666 et
853 1616 939 1679 lepruu,

132 1682 291 1737 indifferenter
304 1685 328 1735 in
339 1698 427 1737 omnes.
442 1686 503 1747 Ergo
517 1682 589 1733 multo
604 1682 685 1733 lortius
699 1684 815 1736 sacerdos
828 1685 940 1752 enucl-
965 1708 966 1781 p

133 1765 176 1804 cns
190 1761 265 1819 potest
276 1757 311 1807 nti
330 1756 372 1807 sud
381 1759 496 1821 potestate
510 1754 535 1805 iu
551 1766 641 1805 omncs.

166 1826 211 1877 Sed
221 1831 300 1878 contra
319 1832 367 1889 est,
382 1825 544 1890 qnoddioitur,
558 1826 735 1888 xv1,qnost.r
748 1840 756 1876 τ
770 1844 785 1874 u
796 1828 867 1880 Nulli
880 1840 941 1880 stem

136 1897 216 1949 dotum
229 1898 297 1948 liceat
307 1897 472 1962 parochianum
482 1897 575 1948 alterius
586 1896 701 1948 absolvere
712 1901 753 1948 aut
763 1898 854 1963 ligare.
864 1916 880 1947 n
892 1900 940 1960 arpo

134 1980 182 2019 non
192 1968 288 2030 quilibet
295 1973 372 2032 potest
385 1969 510 2033 quemlibet
523 1969 651 2019 absolvere.

166 2040 296 2102 Pmteua,
309 2040 421 2103 judicium
440 2040 559 2104 spirituale
579 2040 646 2090 debet
660 2052 712 2090 esse
730 2041 869 2093 ordinatius
883 2042 940 2107 qnln

132 2108 267 2171 temporale.
278 2109 322 2161 Sed
331 2109 356 2160 in
368 2109 455 2174 judicio
468 2109 592 2174 temporali
606 2123 652 2161 non
665 2114 743 2173 potest
759 2110 866 2176 quilibet
878 2114 939 2178 juder

134 2177 261 2243 quemlibet
283 2180 395 2246 judicare.
418 2182 478 2246 Ergo
503 2180 556 2231 curn
576 2194 630 2231 usus
651 2179 752 2231 clavium
774 2182 810 2233 sit
835 2185 940 2249 judicia

134 2249 259 2370 ἓὲεᾱᾱεω,
270 2264 317 2302 non
331 2256 407 2316 potest
417 2253 523 2303 sacerdos
540 2251 636 2317 quilibet
651 2250 693 2301 sud
706 2252 767 2304 clavi
778 2252 806 2303 in
822 2256 938 2319 quemlibet

170 2392 488 2456 (maurusio-Praetaus
502 2394 621 2458 qnihabet
633 2394 789 2445 indistinctam
805 2400 936 2459 potestaten

135 2464 161 2514 in
170 2476 265 2527 omnes,
279 2471 358 2530 potest
368 2466 403 2515 uti
414 2469 529 2529 potestate
543 2464 642 2515 clarium
654 2465 679 2515 in
690 2478 789 2527 omues,
808 2470 837 2517 at
851 2469 892 2532 qni
906 2466 938 2517 sl

136 2548 166 2587 eo
183 2535 304 2587 distinctas
323 2540 448 2601 potestates
465 2540 621 2599 acceperunt,
640 2536 666 2586 irr
683 2548 724 2587 eos
744 2537 824 2587 solbm
843 2540 886 2603 qui
905 2535 939 2587 sbi

133 2606 330 2672 commisesunt,
342 2608 488 2659 clanibnsnti
506 2610 603 2672 possunt
610 2644 619 2671 ,
633 2607 678 2658 nisi
689 2607 713 2657 in
729 2606 829 2660 articudo
845 2622 940 2660 urrerem⁴

136 2678 211 2738 tatis.)

167 2749 304 2813 despondeo
323 2750 459 2813 dicendum,
474 2749 536 2813 qudd
550 2763 578 2801 ea
596 2763 647 2813 qum
668 2750 728 2801 circa
741 2749 871 2815 singularia
891 2763 940 2816 ope

134 2820 180 2869 rari
192 2824 298 2885 oportet,
309 2833 354 2871 non
364 2822 445 2872 eodem
455 2822 523 2872 modo
534 2821 642 2872 omnibus
650 2826 794 2886 competunt.
806 2822 876 2874 Unde
887 2822 941 2873 mont

134 2894 219 2950 practer
232 2891 347 2953 generalia
356 2891 476 2942 medicinae
486 2895 603 2957 precepta
612 2894 703 2957 oportet
712 2893 816 2944 adbiberi
832 2894 940 2953 medicos,
