1942 3284
100 172 147 216 itt
290 180 350 216 rans
366 181 403 228 arr,
418 179 510 222 onnus.
528 181 602 227 nurui,
619 180 673 216 uus.
691 180 708 214 r.

100 258 149 317 uir,
162 255 270 306 evacuavi
282 267 334 318 pne
346 257 413 304 eraut
426 255 524 318 parsuli.
541 271 555 302 u
571 255 599 304 nt
614 255 666 305 inde
687 257 723 304 est
735 254 804 304 etiam
823 254 892 318 qudi,

99 330 184 390 prater
200 329 286 375 motum
299 324 468 388 generationis,
483 337 530 388 quo
547 323 629 388 uliquis
642 324 722 388 recipit
734 324 805 376 uitam
820 337 894 390 corpe

99 397 183 456 ratem,
202 398 238 447 est
254 399 330 446 motus
347 395 478 458 augmenti,
492 409 538 460 quo
552 395 635 460 aliquis
654 396 784 460 perducitur
804 397 833 446 ad
848 410 893 461 per·
944 385 946 440 i

99 471 183 518 tectum
199 471 298 518 aetatem,
313 467 430 530 sicigitur
449 471 472 516 et
488 468 558 518 vitam
576 466 716 531 spiritualem
730 469 799 518 bomo
819 469 896 532 accipit

99 553 141 604 per
153 540 312 603 baptismum,
326 539 414 601 quiesi
428 538 553 602 spiritualis
571 538 729 601 regeneratio;
743 539 768 588 in
784 539 895 590 mullrmu·

99 610 162 660 tione
181 612 258 660 antem
272 612 339 660 bomo
352 609 435 674 accipit
447 609 512 673 quasi
529 610 648 673 quamdam
668 611 793 674 perfectam
807 616 895 662 aetatem

100 681 226 746 spiritualis
244 683 307 732 uitae.
325 681 390 732 Unde
407 681 545 732 llelcbiades
565 683 626 745 Papa
649 681 703 732 dicii
716 682 773 746 (nbi
793 682 895 748 appril:

101 755 221 819 «Spiritus
233 760 343 818 sanctus,
363 754 402 818 qui
421 769 488 818 super
503 768 573 818 aquas
585 755 695 819 baptismi
711 756 831 808 saluiilero
846 759 894 808 des·

101 826 180 876 cendit
193 828 272 889 lapsu,
290 827 315 875 in
329 828 392 877 ionte
406 825 570 890 plenitudinem
589 827 671 878 tribuit
686 827 715 876 ad
729 828 897 890 innocentiam,

101 897 126 947 in
141 897 312 948 confirmatione
326 901 472 962 angmentum
486 902 578 962 prestat
591 900 620 950 ad
630 897 741 962 gratiam
756 899 780 947 in
789 899 899 963 baptismo
951 945 952 958 ,

102 981 261 1032 regeneramur
274 971 303 1019 ad
315 970 395 1032 simin,
410 974 464 1034 post
484 970 623 1033 baptismum
637 970 797 1020 confirmamur
813 971 844 1020 ad
863 983 899 1034 pu·

102 1052 187 1101 gnam3
202 1039 226 1090 iu
246 1041 360 1104 baptismo
373 1041 496 1103 abluimur,
510 1045 562 1104 posi
577 1041 714 1105 baptismum
733 1041 899 1092 roboramur.»

102 1110 132 1160 lit
148 1111 200 1162 ideo
221 1111 367 1162 manifestum
379 1118 416 1163 eal
433 1112 494 1176 qudd
511 1113 653 1162 condrmutio
665 1116 700 1162 ost
716 1110 817 1176 speciale
832 1125 900 1163 saura·
953 1140 954 1169 i

101 1187 212 1234 mentum.

135 1255 168 1304 ld
182 1253 281 1317 primunr
294 1267 348 1316 ergo
359 1254 492 1316 dicendum,
506 1253 567 1317 qndd
577 1254 636 1304 circa
652 1253 824 1306 institutionem
838 1256 902 1318 buius

103 1326 240 1376 sacramenti
256 1331 292 1376 esi
308 1326 389 1389 duplex
414 1325 500 1390 opinio.
518 1324 613 1382 Quidam
634 1325 695 1376 enini
717 1325 826 1376 dixerant
845 1325 902 1392 quid

102 1397 146 1446 boc
164 1400 330 1447 sacramentnm
343 1409 389 1446 uon
408 1395 452 1445 init
464 1395 595 1445 institutum
608 1408 652 1445 nee
667 1395 795 1459 iCbrislo,
810 1410 856 1448 nec
878 1395 902 1444 ab

103 1468 225 1531 apostolia,
243 1470 283 1518 sed
294 1478 385 1532 postea,
399 1480 508 1532 processu
519 1467 637 1530 temporis,
654 1467 679 1516 in
689 1468 786 1530 quodam
797 1467 902 1518 concilio.
956 1477 957 1492 ³

102 1538 147 1588 alii
156 1538 210 1590 verb
230 1539 334 1590 dixerunt
349 1538 408 1602 quod
421 1538 465 1588 init
481 1537 612 1588 institutum
625 1539 654 1588 ab
667 1538 786 1601 apostolis.
801 1539 849 1588 Sed
862 1540 902 1588 boc
957 1547 958 1578 l

102 1623 149 1660 non
163 1615 240 1675 potest
255 1624 318 1673 esse,
330 1611 382 1675 quia
395 1611 515 1661 instituere
528 1623 612 1662 nouum
626 1613 792 1660 sacramentnm
806 1609 905 1674 pertinet
958 1622 959 1652 l

102 1681 132 1730 ad
144 1686 281 1745 potestatem
295 1683 503 1747 excellentium
515 1682 623 1744 competit
636 1681 679 1732 soli
693 1680 794 1730 Cbnsio.
810 1682 839 1730 lit
855 1682 904 1732 ideo

102 1751 223 1804 dicendum
239 1759 275 1804 est
287 1754 348 1817 qudd
361 1755 465 1805 cbristus
478 1753 577 1804 instituit
596 1753 639 1804 boc
662 1757 845 1812 oecumenium,
863 1766 905 1802 non

104 1825 251 1887 exhibendo,
274 1827 314 1875 sed
336 1826 503 1888 promittendo,
519 1824 642 1876 secundirm
659 1824 715 1875 illud
730 1827 815 1879 doun„
836 1825 902 1875 Xlll:

105 1895 208 1947 «Sinon
219 1897 305 1958 abiero,
315 1897 443 1947 Paracletus
454 1910 500 1945 nou
510 1896 587 1947 veniel
596 1897 624 1946 ad
635 1910 686 1958 uos3
699 1896 720 1946 si
731 1901 808 1946 aulem
820 1896 904 1954 abiem,

105 1966 192 2016 mittam
210 1968 305 2017 eumad
322 1981 372 2017 ros.
384 1984 398 2013 u
414 1969 444 2017 lit
462 1969 508 2019 boc
519 1967 588 2028 ideo,
605 1967 693 2031 qniaiu
705 1969 749 2018 boc
764 1971 905 2019 sacramento

104 2037 170 2088 datur
188 2037 305 2101 plenitudo
326 2037 424 2101 Spiritus
446 2038 537 2100 sancti,
551 2052 601 2103 qum
624 2051 672 2090 non
692 2041 741 2090 erat
760 2039 836 2089 danda
854 2041 906 2088 aule

103 2108 190 2158 ebriati
206 2109 393 2160 resurrectionem
406 2113 429 2160 el
443 2110 609 2171 ascensionem,
620 2108 744 2160 secundum
756 2110 813 2159 illud
822 2111 904 2168 doun„

105 2181 161 2229 vll:
180 2182 308 2231 «Nondum
327 2183 376 2230 erui
388 2182 485 2245 Spiritus
498 2183 579 2245 datus,
590 2181 644 2246 quin
660 2183 726 2232 lesus
740 2182 842 2232 nondum
860 2184 907 2232 erat

105 2251 252 2313 glorificatus.
273 2269 288 2299 u

135 2322 304 2374 sesecundum
318 2323 454 2386 dicendum,
466 2324 541 2387 qnod,
556 2325 609 2389 quia
621 2323 762 2376 confirmatio
775 2327 813 2374 est
830 2336 906 2374 suere

106 2398 209 2444 mentum
217 2392 366 2456 plenitudinis
378 2395 466 2458 gratie,
478 2405 525 2444 non
538 2395 614 2459 potnit
624 2397 708 2446 babere
719 2395 805 2458 abquid
813 2407 907 2458 respou-

105 2465 162 2515 dens
173 2464 196 2515 in
212 2465 285 2515 ueteri
299 2466 461 2526 Testamento,
473 2466 527 2529 quia
543 2483 557 2514 u
567 2467 624 2516 nibil
637 2468 664 2517 ad
674 2467 799 2530 perlectum
812 2463 907 2516 adduxit

109 2537 157 2598 lex,
177 2552 191 2583 u
206 2539 231 2585 ut
244 2536 326 2586 dicitur
339 2536 424 2593 Hedr„
437 2537 486 2586 llll.

137 2607 171 2658 ild
185 2608 277 2658 tertium
288 2608 418 2673 dicendum,
430 2609 491 2674 quid
504 2609 562 2660 sioni
573 2609 641 2674 supri
655 2608 741 2659 dictum
759 2611 794 2659 est
805 2607 855 2673 (qu.
868 2611 905 2662 65.

109 2681 154 2728 art.
164 2677 207 2744 t),
223 2679 299 2730 omnia
318 2685 457 2732 sacramenta
476 2685 530 2730 suut
548 2682 675 2746 aliqualiter
690 2679 816 2732 necessaria
830 2681 860 2730 ad
873 2692 907 2728 sa-

107 2751 186 2801 lutem.
204 2752 247 2801 Sed
260 2751 362 2815 quaedam
375 2754 429 2804 sunt
442 2753 492 2804 sine
506 2752 589 2817 quibus
603 2766 649 2803 nou
662 2757 697 2804 cst
713 2753 789 2812 salus;
804 2751 907 2815 quedam

108 2821 164 2873 vero
183 2827 237 2873 sunt
254 2836 304 2886 que
320 2829 471 2888 cooperantur
483 2825 513 2874 ad
529 2824 692 2888 perfectionem
713 2821 800 2874 saluis.
818 2823 845 2872 El
866 2822 907 2871 bon

108 2895 175 2944 ruodo
191 2894 332 2945 confirmatio
344 2899 380 2946 est
398 2897 425 2946 de
445 2896 570 2946 necesitate
585 2895 678 2956 salutis,
695 2893 797 2958 quamvis
813 2893 863 2944 uiue
881 2904 905 2942 ea
