1942 3284
137 161 183 209 sqq
278 160 337 196 rans
353 161 392 208 ιιι,
410 157 504 200 ounsr.
522 155 643 205 ιιιιιιιι,
660 155 714 192 ιιι.
734 156 771 193 ιι,

127 240 271 299 ιιιιιιιοιιιιι
286 233 350 298 pride
373 233 532 294 dimisnnmm3
551 244 577 282 se
608 235 727 294 pernumm
750 229 925 294 iugradtudinia

129 319 173 357 uon
186 305 266 370 recipit
274 305 423 368 quantitatem
439 303 563 353 absolutam
578 301 702 352 seeundim
714 301 869 364 quantitatem
885 303 925 353 tre·

129 377 218 439 medaii,
232 376 271 426 aad
284 373 406 425 secundina
414 373 564 438 quantitatem
575 372 719 437 contemptos
729 371 770 422 aei
779 371 889 436 offense,
903 377 927 422 ut

127 447 212 498 dietum
225 449 268 496 est.
284 445 313 494 Et
327 445 378 495 ideo
393 445 451 494 ratio
463 456 509 493 nou
518 443 631 506 sequitur.

159 518 191 566 Ad
212 515 336 566 seeundum
355 515 490 575 dicendum,
505 514 566 578 qudd
581 515 651 563 etiam
670 525 753 564 aeruna
770 516 927 565 manumissus

127 601 174 637 nun
188 586 302 637 reducitur
311 585 336 636 iu
349 586 467 650 pristinam
477 583 608 634 servitutem
619 597 662 648 pro
671 584 837 648 quaiieumque
848 586 927 650 ingra⁴

127 657 238 716 titudine,
252 658 293 707 sed
304 669 345 720 pro
357 657 431 721 aliqua
444 655 516 719 graui.

158 729 190 778 ad
203 727 295 778 tertium
316 727 448 790 dicendum,
464 724 525 790 quid
538 725 572 775 iiii
583 726 621 776 eui
638 730 732 789 peccata
745 726 841 778 dimissa
857 728 928 793 repti-

126 803 205 848 cantur
219 801 312 880 propter
326 799 500 862 subsequentem
509 796 708 860 ingratitudinem,
717 797 776 847 redit
789 798 927 850 umrersum

126 869 238 930 debitum,
251 870 275 918 in
287 873 395 933 quantum
405 881 464 950 quau
465 869 521 918 titas
529 869 672 932 metaurum
681 868 864 931 precedentium
875 883 928 934 pro-

126 939 418 1003 portiouaiiterinvenitur
412 953 436 989 ιι
446 938 608 1002 ingratitudine
616 937 779 1002 subsequenti,
787 951 835 991 nou
846 946 926 992 antem

125 1010 244 1074 absoluto,
259 1015 285 1060 ut
295 1013 378 1062 dietum
388 1014 431 1060 est.

416 1187 574 1239 audicimus
587 1188 626 1240 tv.

129 1311 214 1356 tr‘trtim
230 1311 387 1367 inqu-utitudo,
402 1312 497 1356 ratione
512 1313 584 1366 cujrra
597 1324 695 1368 aequm
710 1316 833 1367 macutum
846 1313 926 1359 redire

196 1373 259 1426 seuit
267 1378 363 1428 peccata
371 1374 438 1430 pride
447 1374 553 1427 dinarium,
563 1375 596 1418 ait
604 1375 705 1428 apecinde
713 1377 847 1430 peccudum.

158 1497 191 1546 nd
210 1499 314 1560 quartum
334 1497 369 1546 aie
389 1496 572 1562 procediturtt).
585 1497 679 1548 Videtur
694 1497 758 1561 quod
776 1499 922 1563 ingratitudo,

126 1570 213 1620 ratione
229 1570 293 1633 cujus
305 1581 403 1631 sequens
418 1574 537 1632 peceatum
551 1569 608 1619 tacit
620 1570 694 1619 redire
704 1572 800 1632 peecata
811 1570 878 1634 paida
889 1571 924 1620 di-

126 1641 211 1704 ruiana,
227 1640 257 1690 sit
270 1639 367 1703 speciale
378 1643 504 1703 peecatum.
515 1640 641 1690 itetribntio
657 1640 720 1690 enim
734 1640 860 1703 gratiamur
871 1654 922 1705 per·

127 1713 184 1762 tinet
199 1713 227 1762 ad
242 1714 441 1774 contraponantur,
456 1711 517 1773 quod
529 1710 651 1774 requiritur
663 1710 687 1760 iu
702 1711 807 1771 jundda,
819 1716 848 1760 nt
859 1715 921 1775 patet

128 1797 167 1845 per
176 1783 349 1846 Philosophum,
360 1781 368 1829 i
378 1780 439 1830 utu.
447 1779 493 1830 Sed
501 1781 592 1844 justitia
604 1785 641 1831 est
654 1781 762 1845 monialis
772 1782 856 1832 rinna
864 1783 919 1845 Ergo
961 1824 962 1827 ,

126 1853 262 1917 ingratitudo
275 1858 311 1903 est
324 1851 420 1914 speciale
434 1857 562 1914 peccaturum.

158 1927 181 1974 2.
202 1925 329 1982 Praeterea,
348 1920 435 1972 Tuiiins
448 1922 472 1971 in
486 1923 506 1971 il
522 1924 633 1978 ditetur„
649 1923 716 1986 pouit
727 1922 791 1986 quid
803 1923 874 1987 qratia
884 1925 919 1974 eat

125 1995 230 2057 specialia
243 1993 324 2042 ιίιιιιι.
338 1993 381 2042 Sed
392 1992 528 2054 ingratitudo
541 1993 662 2057 opponitur
670 1992 760 2056 gratian.
775 1994 834 2055 &qo
845 1993 917 2056 inqua-

124 2065 198 2114 titudo
210 2067 248 2114 est
258 2061 357 2125 speciale
371 2067 498 2125 peceatum.

156 2138 180 2183 t.
191 2134 311 2192 Praeterea,
321 2132 425 2195 specialis
436 2131 533 2182 effoetus
544 2131 662 2196 tapeciali
674 2146 742 2184 aaran
754 2134 864 2198 pouedit
871 2133 914 2184 Sed

124 2203 262 2267 ingratitudo
281 2203 349 2252 hahet
365 2201 486 2266 specialem
504 2202 618 2265 edentum,
632 2203 719 2254 sedicet
728 2203 792 2268 quod
805 2204 859 2254 tacit
871 2203 915 2253 ati·

124 2273 220 2337 qualiter
236 2272 309 2322 redire
327 2275 419 2336 peecata
437 2271 500 2336 prius
523 2272 625 2323 timiam
646 2274 707 2337 mnu
727 2275 864 2338 ingratitudo
880 2275 913 2324 eet

124 2343 222 2407 speciale
234 2345 360 2406 pernotum.

155 2415 200 2465 Sed
213 2419 290 2465 eontra
303 2417 357 2464 est:
370 2414 426 2465 illud
435 2414 496 2476 quud
508 2414 657 2478 consequitur
666 2414 743 2465 omnia
753 2419 860 2479 petuam,
868 2425 910 2462 nun

124 2490 159 2536 est
169 2485 266 2548 speciale
279 2488 404 2548 pennatum.
418 2484 464 2534 Sed
475 2497 516 2548 per
525 2486 681 2548 quodcumque
691 2490 811 2547 peceatum
824 2483 907 2535 meruit

114 2555 205 2631 ¹atiquis
218 2555 315 2606 efficitur
326 2557 371 2606 [teo
382 2555 493 2617 ingratus,
502 2558 529 2604 ut
541 2569 570 2606 ex
582 2555 707 2618 preminate
723 2559 796 2620 patet
810 2557 867 2620 Ergo
876 2554 908 2604 in·

124 2625 235 2690 gratitudo
248 2637 293 2675 non
306 2628 340 2675 est
353 2625 450 2690 speciale
460 2632 588 2688 pennatum.

159 2785 190 2846 (i)
204 2785 282 2832 iiehia
295 2785 364 2832 etiam
377 2785 401 2831 in
415 2784 430 2829 ι
442 2785 473 2843 d,
487 2797 526 2844 qu.
547 2785 606 2844 tot,
621 2792 665 2832 art,
677 2787 705 2846 ι,
720 2789 750 2835 ad
764 2789 775 2837 ι
787 2809 794 2845 ;
808 2795 864 2837 utet
874 2787 904 2835 Π

121 2849 202 2899 Sunt..
216 2848 267 2894 dist.
288 2847 333 2910 22,
353 2859 392 2906 qu.
405 2847 433 2906 1,
450 2855 492 2895 art.
505 2849 520 2892 3
526 2881 533 2910 ,
550 2849 721 2906 questioned.
