1942 3284
258 219 289 255 DE
304 219 359 256 [tenu
375 218 450 256 HUIUS
466 217 624 256 saonalnlttl.
798 218 843 263 ⁴69

33 295 110 346 uerba
126 291 298 358 consequentia,
314 305 360 344 non
371 296 525 357 competeret,
536 292 580 343 uisi
595 294 686 344 adesset
698 294 773 345 hostia
785 307 841 345 con·

35 368 152 424 serrata,
166 363 217 413 cium
234 363 320 414 inillis
338 363 413 415 uerbis
436 369 554 414 oncumant
574 366 677 428 quedam
699 364 794 416 dicenda
817 370 842 416 et

36 436 129 497 denda,
148 447 194 485 non
207 433 280 485 solium
299 433 358 484 circa
373 434 524 497 sangninem,
539 435 661 486 sedetiam
676 436 736 486 circa
749 448 840 500 corpus.

36 507 65 555 Et
85 506 162 556 debet
178 507 203 556 iu
218 505 263 556 fine
277 505 358 556 ilerum
372 517 460 556 sumere
473 506 573 556 hostiam
582 511 735 557 consecratam
750 510 775 557 et
787 520 843 558 sau·
901 500 905 508 ⁴

35 577 156 640 guinem,
172 589 219 626 uon
237 577 341 626 obstante
359 575 448 626 etiamsi
462 575 527 640 priirs
548 577 671 640 sumpserit
691 589 772 640 aquam
790 590 841 641 qun

35 652 87 697 erat
102 645 130 696 in
141 645 228 707 calice,
242 646 295 710 quia
308 652 444 709 pracceptum
458 648 486 696 de
500 647 638 710 perfectione
652 647 689 698 uel
705 649 735 698 de
746 659 842 711 percop-

35 717 102 768 tione
117 717 192 780 hujus
204 716 340 767 sacramenti
353 717 446 780 majoris
456 721 491 767 est
505 717 612 780 ponderis
625 717 692 780 qnam
702 721 840 781 preceptum

36 787 99 850 qnod
114 789 163 838 boc
174 791 339 837 sacromentum
351 787 364 836 a
375 787 463 851 Jejunis
473 792 585 849 sumatur,
595 791 622 838 ut
633 787 702 852 snpnt
712 788 841 840 dictumest

37 858 100 922 (qn.
113 861 158 921 8⁰,
172 862 214 908 art.
225 863 250 918 8,
263 861 287 908 et
297 873 336 922 qn.
348 863 387 919 an,
401 863 444 910 art.
455 862 470 909 l
480 859 497 920 i.

67 932 102 981 ud
120 931 226 994 quintum
241 931 377 992 dicendum,
392 929 454 994 qndd
473 931 530 982 iicet
542 932 646 982 mcerdos
656 943 703 981 non
719 930 842 984 reuolutae

37 1001 128 1054 dixisse
142 1000 219 1065 aliqua
232 1013 309 1051 eorum
325 1013 376 1065 qun
388 1001 462 1053 dicere
476 1001 568 1062 debuit,
583 1014 629 1052 nou
645 1005 724 1052 nmen
733 1001 802 1052 debet
811 1015 841 1053 ex

37 1073 82 1122 boc
104 1075 187 1123 mente
208 1071 348 1135 perturbar13
369 1082 415 1121 non
437 1071 501 1122 enim
520 1071 560 1135 qni
584 1072 655 1121 molta
676 1070 743 1131 dicit,
762 1072 842 1122 recolit

37 1143 119 1194 omnia
133 1155 185 1206 quun
199 1143 268 1204 dixit,
283 1141 326 1192 nisi
340 1141 397 1193 iortd
411 1141 534 1205 aliquidin
553 1141 647 1194 dicendo
666 1141 842 1206 apprehenderit

39 1213 83 1262 sub
99 1213 193 1266 ratione
206 1213 254 1276 jam
269 1211 339 1275 dicti;
350 1213 385 1262 sic
400 1213 461 1262 enim
475 1213 562 1276 aliquid
574 1212 674 1263 allicitur
685 1212 840 1263 memorabile.

38 1283 123 1346 Unde,
139 1285 161 1334 si
182 1283 263 1348 aliquis
278 1283 363 1334 attente
377 1284 461 1347 rogitet
473 1284 532 1334 illud
549 1285 610 1346 qnod
624 1283 694 1344 dicit,
707 1285 841 1334 nontamen

39 1355 128 1418 cogitet
142 1355 253 1408 aedicere
264 1354 328 1414 illud,
340 1367 386 1405 uon
399 1353 496 1404 multtum
507 1359 587 1418 postea
606 1354 687 1405 recolit
700 1365 726 1405 se
738 1353 841 1420 dixisso3

39 1425 72 1474 sic
87 1427 154 1477 enim
169 1427 193 1476 tit
205 1425 289 1489 aliquid
300 1425 413 1489 objectum
428 1426 556 1484 memoria,
570 1426 596 1475 in
608 1428 717 1488 qnantum
732 1424 843 1488 accipitur

39 1495 81 1544 sub
101 1497 193 1548 ratione
205 1495 328 1560 preteriti.
348 1495 408 1545 sicut
426 1495 510 1546 dicitnr
527 1496 553 1544 in
564 1495 605 1546 lib.
620 1496 657 1544 De
671 1496 801 1545 memorab.
816 1497 841 1546 Si

41 1570 120 1618 tamen
137 1566 249 1618 sacerdoti
265 1567 409 1631 probabiliter
426 1569 517 1616 constet
539 1579 565 1616 oe
581 1565 656 1628 aliqua
676 1561 796 1628 omisisse,
819 1568 841 1616 si

41 1638 133 1698 quidem
153 1651 200 1689 non
221 1643 275 1688 snnt
292 1639 320 1688 de
342 1637 478 1688 necessitate
500 1637 653 1692 sacramenti,
666 1649 713 1686 non
735 1637 841 1688 cxisdmo

40 1707 101 1768 quod
115 1715 209 1774 propter
226 1711 269 1759 buc
290 1709 370 1759 debeat
384 1721 515 1770 resumere,
529 1706 671 1756 immutando
688 1705 791 1756 ordinem
803 1719 841 1758 sa·

42 1779 140 1840 eusicii,
156 1782 197 1830 sed
218 1781 283 1832 debet
304 1779 400 1830 ulterlirs
412 1779 546 1843 procedere.
561 1778 585 1828 Si
601 1777 655 1827 uerd
668 1778 803 1828 certificetur
815 1790 840 1829 so

41 1849 150 1902 omisisse
165 1851 250 1914 aliquid
269 1863 347 1904 eorum
360 1863 411 1914 qne
427 1852 481 1900 snut
493 1849 523 1900 da
539 1847 675 1899 necessitate
688 1848 837 1905 sacramenti,

41 1919 131 1972 scilicet
148 1922 244 1973 lormam
261 1921 446 1984 consecrationis,
460 1919 512 1970 cium
526 1919 600 1969 iorma
615 1918 793 1968 consecrationis
809 1918 841 1969 sit

42 1990 70 2040 de
85 1993 223 2044 necessitate
232 1995 375 2051 sacramenti,
386 1992 445 2042 slent
458 1997 482 2042 et
495 1989 605 2052 materia,
620 1989 681 2040 idern
701 1987 791 2040 uidetur
803 1989 840 2040 ta·

42 2060 150 2114 ciendum
164 2063 225 2127 qnod
238 2064 371 2113 dictumest
385 2063 427 2123 (ad
441 2061 480 2126 t),
492 2063 517 2111 in
528 2060 617 2110 deiectu
627 2058 741 2122 materiae,
755 2063 782 2108 ut
793 2072 839 2110 scr·

42 2130 97 2182 licet
106 2137 236 2184 resumatur
247 2133 261 2183 a
275 2133 346 2184 torma
357 2132 543 2190 consecrationis,
554 2136 579 2180 et
592 2133 673 2180 cetera
686 2128 838 2192 perordinem

42 2201 185 2265 reiterentur,
197 2217 227 2254 ne
240 2207 340 2254 mutetur
354 2205 408 2254 ordo
421 2201 534 2253 sacrificii.

71 2276 107 2325 dd
125 2277 216 2325 sextum
235 2275 369 2333 dicendum,
386 2273 446 2337 qurbd
464 2273 545 2323 lractio
557 2273 639 2324 hostia
653 2275 801 2334 consecrato,
815 2278 839 2324 ct

43 2343 103 2404 quod
115 2359 163 2395 una
176 2347 224 2396 sola
237 2359 289 2410 pars
302 2345 403 2395 mittatur
415 2345 440 2396 iu
457 2344 565 2406 calicem,
574 2343 668 2408 respicit
680 2355 763 2406 corpus
776 2357 840 2408 mys·

43 2413 127 2478 licnm,
143 2417 201 2468 sient
214 2417 324 2467 admixtio
333 2429 397 2478 aquae
407 2414 519 2478 significat
528 2414 654 2478 populnm;
664 2418 687 2464 et
696 2414 749 2465 ideo
757 2415 838 2465 borum

43 2486 201 2546 praetermissio
219 2501 264 2537 uon
283 2487 338 2537 iacit
354 2485 548 2548 imperfectionem
568 2484 687 2546 sacrificii,
701 2489 727 2535 ut
745 2488 840 2549 propter

44 2556 87 2606 lou
107 2559 139 2609 sit
158 2570 250 2610 nomaso
272 2557 356 2620 aliquid
375 2556 482 2608 reiterare
498 2557 558 2606 circa
576 2556 750 2607 celebrationem
769 2555 839 2619 buius

44 2630 189 2680 sacramenti.

74 2697 385 2763 responsoriororum,
397 2697 457 2762 qudd
472 2698 532 2749 sicut
548 2699 632 2760 legitur
641 2697 833 2754 Deconaecrot,

45 2767 123 2818 dista
139 2771 282 2831 (eadbercto
300 2768 336 2818 Pii
352 2769 444 2833 pape),
459 2785 474 2818 o
488 2769 564 2833 siper
579 2767 740 2831 regigentiam
753 2765 837 2829 aliquid

45 2838 71 2887 de
84 2842 194 2903 sanguiue
205 2838 322 2890 stillaverit
335 2837 359 2889 iu
370 2840 544 2902 tabulamque
553 2842 621 2890 terrac
633 2839 747 2897 adbaret,
760 2836 837 2899 inpura

45 2904 160 2963 lambetur.
175 2914 199 2960 et
214 2909 291 2960 tabula
304 2911 401 2962 radetur.
420 2910 445 2960 Si
459 2909 513 2962 uero
526 2921 573 2961 nou
591 2907 662 2959 luerit
678 2908 764 2971 tabula,
777 2910 838 2958 terra

150 3020 194 3060 ill·
698 3009 729 3055 lt
