<?xml version="1.0" encoding="UTF-8"?>
<!DOCTYPE html PUBLIC "-//W3C//DTD XHTML 1.0 Transitional//EN"
    "http://www.w3.org/TR/xhtml1/DTD/xhtml1-transitional.dtd">
<html xmlns="http://www.w3.org/1999/xhtml" xml:lang="en" lang="en">
 <head>
  <title>
</title>
<meta http-equiv="Content-Type" content="text/html;charset=utf-8" />
  <meta name='ocr-system' content='tesseract 3.04.00' />
  <meta name='ocr-capabilities' content='ocr_page ocr_carea ocr_par ocr_line ocrx_word'/>
</head>
<body>
  <div class='ocr_page' id='page_1' title='image "./summatheologica01nicogoog_0388.png"; bbox 0 0 1942 3284; ppageno 0'>
   <div class='ocr_carea' id='block_1_1' title="bbox 0 2914 304 3284">
    <p class='ocr_par' dir='ltr' id='par_1_1' title="bbox 0 2914 304 3284">
     <span class='ocr_line' id='line_1_1' title="bbox 0 2914 304 3284; baseline 0 0"><span class='ocrx_word' id='word_1_1' title='bbox 0 2914 304 3284; x_wconf 95' lang='lat' dir='ltr'><strong> </strong></span> 
     </span>
    </p>
   </div>
   <div class='ocr_carea' id='block_1_2' title="bbox 1693 0 1793 111">
    <p class='ocr_par' dir='ltr' id='par_1_2' title="bbox 1693 0 1793 111">
     <span class='ocr_line' id='line_1_2' title="bbox 1693 0 1793 111; baseline 0 -12"><span class='ocrx_word' id='word_1_2' title='bbox 1693 0 1793 111; x_wconf 94' lang='grc' dir='ltr'><strong>Ξ</strong></span> 
     </span>
    </p>
   </div>
   <div class='ocr_carea' id='block_1_3' title="bbox 484 122 1769 203">
    <p class='ocr_par' dir='ltr' id='par_1_3' title="bbox 484 122 1769 203">
     <span class='ocr_line' id='line_1_3' title="bbox 484 122 1769 203; baseline 0.002 -16"><span class='ocrx_word' id='word_1_3' title='bbox 484 147 576 191; x_wconf 57' lang='lat'><strong>:133</strong></span> <span class='ocrx_word' id='word_1_4' title='bbox 837 147 955 191; x_wconf 67' lang='lat' dir='ltr'><strong>rans</strong></span> <span class='ocrx_word' id='word_1_5' title='bbox 988 153 1068 199; x_wconf 86' lang='lat' dir='ltr'><strong>m,</strong></span> <span class='ocrx_word' id='word_1_6' title='bbox 1102 147 1290 199; x_wconf 64' lang='lat' dir='ltr'><strong>ouaesr.</strong></span> <span class='ocrx_word' id='word_1_7' title='bbox 1325 151 1476 203; x_wconf 71' lang='lat' dir='ltr'><strong>cxxx,</strong></span> <span class='ocrx_word' id='word_1_8' title='bbox 1509 154 1620 191; x_wconf 69' lang='lat' dir='ltr'><strong>ur.</strong></span> <span class='ocrx_word' id='word_1_9' title='bbox 1659 147 1726 192; x_wconf 69' lang='lat' dir='ltr'><strong>iv.</strong></span> <span class='ocrx_word' id='word_1_10' title='bbox 1766 122 1769 125; x_wconf 37' lang='grc'><strong>’</strong></span> 
     </span>
    </p>
   </div>
   <div class='ocr_carea' id='block_1_4' title="bbox 484 223 1942 2947">
    <p class='ocr_par' dir='ltr' id='par_1_4' title="bbox 484 223 1942 367">
     <span class='ocr_line' id='line_1_4' title="bbox 484 223 1942 291; baseline 0.002 -16"><span class='ocrx_word' id='word_1_11' title='bbox 484 231 528 279; x_wconf 74' lang='lat' dir='ltr'><strong>jn</strong></span> <span class='ocrx_word' id='word_1_12' title='bbox 568 231 651 279; x_wconf 78' lang='lat' dir='ltr'><strong>huc</strong></span> <span class='ocrx_word' id='word_1_13' title='bbox 679 233 964 278; x_wconf 87' lang='lat' dir='ltr'><strong>sacramento</strong></span> <span class='ocrx_word' id='word_1_14' title='bbox 1001 230 1269 291; x_wconf 77' lang='lat' dir='ltr'><strong>committit3</strong></span> <span class='ocrx_word' id='word_1_15' title='bbox 1303 235 1350 280; x_wconf 91' lang='lat' dir='ltr'><strong>et</strong></span> <span class='ocrx_word' id='word_1_16' title='bbox 1386 230 1492 282; x_wconf 88' lang='lat' dir='ltr'><strong>ideo</strong></span> <span class='ocrx_word' id='word_1_17' title='bbox 1531 230 1722 279; x_wconf 87' lang='lat' dir='ltr'><strong>incurrit</strong></span> <span class='ocrx_word' id='word_1_18' title='bbox 1762 223 1942 291; x_wconf 76' lang='lat' dir='ltr'>sacrilegi</span> 
     </span>
     <span class='ocr_line' id='line_1_5' title="bbox 487 300 1942 367; baseline 0 -16"><span class='ocrx_word' id='word_1_19' title='bbox 487 311 697 367; x_wconf 59' lang='lat' dir='ltr'><strong>tanquam</strong></span> <span class='ocrx_word' id='word_1_20' title='bbox 720 300 994 351; x_wconf 83' lang='lat' dir='ltr'>sacramenti</span> <span class='ocrx_word' id='word_1_21' title='bbox 1019 301 1225 352; x_wconf 54' lang='lat' dir='ltr'><strong>violator</strong></span> <span class='ocrx_word' id='word_1_22' title='bbox 1249 306 1296 352; x_wconf 89' lang='lat' dir='ltr'><strong>et</strong></span> <span class='ocrx_word' id='word_1_23' title='bbox 1319 306 1507 365; x_wconf 86' lang='lat' dir='ltr'><strong>propter</strong></span> <span class='ocrx_word' id='word_1_24' title='bbox 1525 304 1611 351; x_wconf 89' lang='lat' dir='ltr'><strong>hoc</strong></span> <span class='ocrx_word' id='word_1_25' title='bbox 1640 300 1875 353; x_wconf 75' lang='lat' dir='ltr'><strong>mortaliter</strong></span> <span class='ocrx_word' id='word_1_26' title='bbox 1890 314 1942 364; x_wconf 87' lang='lat' dir='ltr'><strong>pe</strong></span> 
     </span>
    </p>

    <p class='ocr_par' dir='ltr' id='par_1_5' title="bbox 484 372 1942 1434">
     <span class='ocr_line' id='line_1_6' title="bbox 552 372 1942 438; baseline -0.002 -15"><span class='ocrx_word' id='word_1_27' title='bbox 552 375 612 423; x_wconf 61' lang='lat' dir='ltr'><strong>:td</strong></span> <span class='ocrx_word' id='word_1_28' title='bbox 636 372 825 436; x_wconf 87' lang='lat' dir='ltr'><strong>primum</strong></span> <span class='ocrx_word' id='word_1_29' title='bbox 855 385 962 434; x_wconf 86' lang='lat' dir='ltr'><strong>ergo</strong></span> <span class='ocrx_word' id='word_1_30' title='bbox 987 372 1245 435; x_wconf 86' lang='lat' dir='ltr'><strong>dicendum,</strong></span> <span class='ocrx_word' id='word_1_31' title='bbox 1277 374 1398 436; x_wconf 80' lang='lat' dir='ltr'><strong>quod</strong></span> <span class='ocrx_word' id='word_1_32' title='bbox 1424 374 1632 423; x_wconf 87' lang='lat' dir='ltr'><strong>Christus</strong></span> <span class='ocrx_word' id='word_1_33' title='bbox 1653 374 1700 422; x_wconf 88' lang='lat' dir='ltr'><strong>in</strong></span> <span class='ocrx_word' id='word_1_34' title='bbox 1728 373 1897 438; x_wconf 85' lang='lat' dir='ltr'><strong>propria</strong></span> <span class='ocrx_word' id='word_1_35' title='bbox 1919 386 1942 420; x_wconf 88' lang='lat' dir='ltr'><strong>s</strong></span> 
     </span>
     <span class='ocr_line' id='line_1_7' title="bbox 484 443 1942 509; baseline 0.001 -19"><span class='ocrx_word' id='word_1_36' title='bbox 484 457 725 507; x_wconf 10' lang='lat' dir='ltr'><strong>:cismar-em,</strong></span> <span class='ocrx_word' id='word_1_37' title='bbox 758 455 849 493; x_wconf 86' lang='lat' dir='ltr'><strong>uon</strong></span> <span class='ocrx_word' id='word_1_38' title='bbox 876 443 1124 494; x_wconf 80' lang='lat' dir='ltr'><strong>exhibebat</strong></span> <span class='ocrx_word' id='word_1_39' title='bbox 1155 458 1204 495; x_wconf 88' lang='lat' dir='ltr'><strong>se</strong></span> <span class='ocrx_word' id='word_1_40' title='bbox 1232 446 1509 509; x_wconf 83' lang='lat' dir='ltr'><strong>tangendum</strong></span> <span class='ocrx_word' id='word_1_41' title='bbox 1537 444 1796 494; x_wconf 86' lang='lat' dir='ltr'><strong>hominibus</strong></span> <span class='ocrx_word' id='word_1_42' title='bbox 1823 445 1870 493; x_wconf 89' lang='lat' dir='ltr'><strong>in</strong></span> <span class='ocrx_word' id='word_1_43' title='bbox 1897 443 1942 504; x_wconf 64' lang='lat' dir='ltr'><strong>sig</strong></span> 
     </span>
     <span class='ocr_line' id='line_1_8' title="bbox 484 513 1942 579; baseline 0.001 -16"><span class='ocrx_word' id='word_1_44' title='bbox 484 513 733 576; x_wconf 53' lang='lat' dir='ltr'><strong>:apii-inians</strong></span> <span class='ocrx_word' id='word_1_45' title='bbox 773 514 959 564; x_wconf 87' lang='lat' dir='ltr'><strong>unionis</strong></span> <span class='ocrx_word' id='word_1_46' title='bbox 1003 516 1057 564; x_wconf 92' lang='lat' dir='ltr'><strong>ad</strong></span> <span class='ocrx_word' id='word_1_47' title='bbox 1100 516 1284 579; x_wconf 87' lang='lat' dir='ltr'><strong>ipsum,</strong></span> <span class='ocrx_word' id='word_1_48' title='bbox 1316 517 1435 566; x_wconf 89' lang='lat' dir='ltr'><strong>sicut</strong></span> <span class='ocrx_word' id='word_1_49' title='bbox 1465 516 1707 566; x_wconf 77' lang='lat' dir='ltr'><strong>exhibetur</strong></span> <span class='ocrx_word' id='word_1_50' title='bbox 1749 516 1942 565; x_wconf 84' lang='lat' dir='ltr'><strong>sumend1</strong></span> 
     </span>
     <span class='ocr_line' id='line_1_9' title="bbox 488 586 1942 652; baseline 0 -17"><span class='ocrx_word' id='word_1_51' title='bbox 488 587 572 635; x_wconf 66' lang='lat' dir='ltr'><strong>lim:</strong></span> <span class='ocrx_word' id='word_1_52' title='bbox 600 590 874 637; x_wconf 72' lang='lat' dir='ltr'><strong>sacramento</strong></span> <span class='ocrx_word' id='word_1_53' title='bbox 906 602 919 635; x_wconf 75' lang='grc' dir='ltr'><strong>ι</strong></span> <span class='ocrx_word' id='word_1_54' title='bbox 951 594 999 636; x_wconf 90' lang='lat' dir='ltr'><strong>et</strong></span> <span class='ocrx_word' id='word_1_55' title='bbox 1033 586 1136 637; x_wconf 89' lang='lat' dir='ltr'><strong>ideo</strong></span> <span class='ocrx_word' id='word_1_56' title='bbox 1176 591 1437 650; x_wconf 79' lang='lat' dir='ltr'><strong>peccatores</strong></span> <span class='ocrx_word' id='word_1_57' title='bbox 1458 627 1473 652; x_wconf 91' lang='lat'><strong><em>,</em></strong></span> <span class='ocrx_word' id='word_1_58' title='bbox 1497 600 1600 636; x_wconf 89' lang='lat' dir='ltr'><strong>eum</strong></span> <span class='ocrx_word' id='word_1_59' title='bbox 1635 588 1683 637; x_wconf 91' lang='lat' dir='ltr'><strong>iu</strong></span> <span class='ocrx_word' id='word_1_60' title='bbox 1720 587 1897 651; x_wconf 88' lang='lat' dir='ltr'><strong>propria</strong></span> <span class='ocrx_word' id='word_1_61' title='bbox 1925 601 1942 635; x_wconf 87' lang='lat' dir='ltr'><strong>s</strong></span> 
     </span>
     <span class='ocr_line' id='line_1_10' title="bbox 488 658 1938 719; baseline 0.003 -16"><span class='ocrx_word' id='word_1_62' title='bbox 488 661 740 719; x_wconf 43' lang='lat' dir='ltr'><strong>{erigentem</strong></span> <span class='ocrx_word' id='word_1_63' title='bbox 758 670 850 707; x_wconf 91' lang='lat' dir='ltr'><strong>non</strong></span> <span class='ocrx_word' id='word_1_64' title='bbox 873 658 1165 708; x_wconf 84' lang='lat' dir='ltr'><strong>incurrebant</strong></span> <span class='ocrx_word' id='word_1_65' title='bbox 1193 658 1364 709; x_wconf 88' lang='lat' dir='ltr'><strong>crimen</strong></span> <span class='ocrx_word' id='word_1_66' title='bbox 1391 658 1600 708; x_wconf 76' lang='lat' dir='ltr'><strong>falsitatis</strong></span> <span class='ocrx_word' id='word_1_67' title='bbox 1625 660 1744 708; x_wconf 91' lang='lat' dir='ltr'><strong>circa</strong></span> <span class='ocrx_word' id='word_1_68' title='bbox 1771 658 1938 716; x_wconf 87' lang='lat' dir='ltr'><strong>divina,</strong></span> 
     </span>
     <span class='ocr_line' id='line_1_11' title="bbox 488 731 1942 795; baseline 0.001 -16"><span class='ocrx_word' id='word_1_69' title='bbox 488 735 747 791; x_wconf 48' lang='lat' dir='ltr'><strong>pecatores</strong></span> <span class='ocrx_word' id='word_1_70' title='bbox 777 734 1015 780; x_wconf 87' lang='lat' dir='ltr'><strong>sumentes</strong></span> <span class='ocrx_word' id='word_1_71' title='bbox 1052 731 1139 780; x_wconf 88' lang='lat' dir='ltr'><strong>hoc</strong></span> <span class='ocrx_word' id='word_1_72' title='bbox 1167 734 1516 781; x_wconf 86' lang='lat' dir='ltr'><strong>sacramentum.</strong></span> <span class='ocrx_word' id='word_1_73' title='bbox 1549 732 1603 780; x_wconf 87' lang='lat' dir='ltr'><strong>Et</strong></span> <span class='ocrx_word' id='word_1_74' title='bbox 1633 735 1847 795; x_wconf 73' lang='lat' dir='ltr'><strong>praeterea</strong></span> <span class='ocrx_word' id='word_1_75' title='bbox 1876 731 1942 780; x_wconf 89' lang='lat' dir='ltr'><strong>Ch</strong></span> 
     </span>
     <span class='ocr_line' id='line_1_12' title="bbox 488 800 1942 865; baseline 0.001 -16"><span class='ocrx_word' id='word_1_76' title='bbox 488 807 636 851; x_wconf 59' lang='lat' dir='ltr'><strong>ruitum</strong></span> <span class='ocrx_word' id='word_1_77' title='bbox 661 802 845 865; x_wconf 80' lang='lat' dir='ltr'><strong>gerebat</strong></span> <span class='ocrx_word' id='word_1_78' title='bbox 886 801 1229 852; x_wconf 86' lang='lat' dir='ltr'><strong>similitudinem</strong></span> <span class='ocrx_word' id='word_1_79' title='bbox 1272 801 1420 851; x_wconf 83' lang='lat' dir='ltr'><strong>carnis</strong></span> <span class='ocrx_word' id='word_1_80' title='bbox 1462 803 1668 865; x_wconf 81' lang='lat' dir='ltr'><strong>peccati3</strong></span> <span class='ocrx_word' id='word_1_81' title='bbox 1705 805 1751 852; x_wconf 89' lang='lat' dir='ltr'><strong>et</strong></span> <span class='ocrx_word' id='word_1_82' title='bbox 1785 800 1887 851; x_wconf 89' lang='lat' dir='ltr'><strong>ideo</strong></span> <span class='ocrx_word' id='word_1_83' title='bbox 1919 817 1942 850; x_wconf 86' lang='lat' dir='ltr'><strong>c</strong></span> 
     </span>
     <span class='ocr_line' id='line_1_13' title="bbox 492 873 1942 938; baseline 0.001 -19"><span class='ocrx_word' id='word_1_84' title='bbox 492 875 663 923; x_wconf 59' lang='lat' dir='ltr'><strong>t‘iirflriter</strong></span> <span class='ocrx_word' id='word_1_85' title='bbox 696 888 744 924; x_wconf 87' lang='lat' dir='ltr'><strong>se</strong></span> <span class='ocrx_word' id='word_1_86' title='bbox 769 874 1082 938; x_wconf 78' lang='lat' dir='ltr'><strong>peccatoribus</strong></span> <span class='ocrx_word' id='word_1_87' title='bbox 1107 875 1385 935; x_wconf 83' lang='lat' dir='ltr'><strong>tangendum</strong></span> <span class='ocrx_word' id='word_1_88' title='bbox 1418 874 1679 923; x_wconf 84' lang='lat' dir='ltr'><strong>exhibebat.</strong></span> <span class='ocrx_word' id='word_1_89' title='bbox 1711 873 1799 924; x_wconf 85' lang='lat' dir='ltr'><strong>Sed</strong></span> <span class='ocrx_word' id='word_1_90' title='bbox 1826 886 1942 923; x_wconf 83' lang='lat' dir='ltr'><strong>remo</strong></span> 
     </span>
     <span class='ocr_line' id='line_1_14' title="bbox 492 944 1934 1009; baseline 0.005 -22"><span class='ocrx_word' id='word_1_91' title='bbox 492 944 745 994; x_wconf 56' lang='lat' dir='ltr'><strong>mulitudine</strong></span> <span class='ocrx_word' id='word_1_92' title='bbox 777 945 930 995; x_wconf 86' lang='lat' dir='ltr'><strong>carnis</strong></span> <span class='ocrx_word' id='word_1_93' title='bbox 958 945 1136 1009; x_wconf 83' lang='lat' dir='ltr'><strong>peccati</strong></span> <span class='ocrx_word' id='word_1_94' title='bbox 1157 958 1241 1007; x_wconf 90' lang='lat' dir='ltr'><strong>per</strong></span> <span class='ocrx_word' id='word_1_95' title='bbox 1262 944 1450 1008; x_wconf 85' lang='lat' dir='ltr'><strong>gloriam</strong></span> <span class='ocrx_word' id='word_1_96' title='bbox 1480 944 1855 1007; x_wconf 79' lang='lat' dir='ltr'><strong>resurrectioniS,</strong></span> <span class='ocrx_word' id='word_1_97' title='bbox 1887 958 1934 994; x_wconf 88' lang='lat' dir='ltr'><strong>se</strong></span> 
     </span>
     <span class='ocr_line' id='line_1_15' title="bbox 492 1015 1941 1080; baseline 0.002 -22"><span class='ocrx_word' id='word_1_98' title='bbox 492 1015 717 1075; x_wconf 63' lang='lat' dir='ltr'><strong>prohibuit</strong></span> <span class='ocrx_word' id='word_1_99' title='bbox 745 1016 770 1064; x_wconf 73' lang='lat' dir='ltr'><strong>a</strong></span> <span class='ocrx_word' id='word_1_100' title='bbox 798 1016 1002 1075; x_wconf 89' lang='lat' dir='ltr'><strong>muliere,</strong></span> <span class='ocrx_word' id='word_1_101' title='bbox 1031 1030 1132 1079; x_wconf 81' lang='lat' dir='ltr'><strong>quae</strong></span> <span class='ocrx_word' id='word_1_102' title='bbox 1158 1015 1386 1065; x_wconf 86' lang='lat' dir='ltr'><strong>defectum</strong></span> <span class='ocrx_word' id='word_1_103' title='bbox 1421 1015 1526 1065; x_wconf 82' lang='lat' dir='ltr'><strong>fidei</strong></span> <span class='ocrx_word' id='word_1_104' title='bbox 1560 1017 1682 1065; x_wconf 87' lang='lat' dir='ltr'><strong>circa</strong></span> <span class='ocrx_word' id='word_1_105' title='bbox 1709 1016 1861 1080; x_wconf 89' lang='lat' dir='ltr'><strong>ipsum</strong></span> <span class='ocrx_word' id='word_1_106' title='bbox 1887 1029 1941 1078; x_wconf 72' lang='lat' dir='ltr'><strong>pa</strong></span> 
     </span>
     <span class='ocr_line' id='line_1_16' title="bbox 496 1085 1942 1151; baseline 0.002 -20"><span class='ocrx_word' id='word_1_107' title='bbox 496 1092 580 1139; x_wconf 59' lang='grc' dir='ltr'><strong>[ιινἡ</strong></span> <span class='ocrx_word' id='word_1_108' title='bbox 608 1085 853 1136; x_wconf 60' lang='lat' dir='ltr'><strong>Secundum</strong></span> <span class='ocrx_word' id='word_1_109' title='bbox 881 1087 994 1135; x_wconf 83' lang='lat' dir='ltr'><strong>iliud</strong></span> <span class='ocrx_word' id='word_1_110' title='bbox 1014 1087 1238 1142; x_wconf 78' lang='lat' dir='ltr'><strong>Joannz&#39;s,</strong></span> <span class='ocrx_word' id='word_1_111' title='bbox 1260 1087 1368 1137; x_wconf 86' lang='lat' dir='ltr'><strong>XX:</strong></span> <span class='ocrx_word' id='word_1_112' title='bbox 1386 1086 1533 1135; x_wconf 86' lang='lat' dir='ltr'><strong>«Noli</strong></span> <span class='ocrx_word' id='word_1_113' title='bbox 1558 1100 1630 1136; x_wconf 91' lang='lat' dir='ltr'><strong>me</strong></span> <span class='ocrx_word' id='word_1_114' title='bbox 1649 1090 1858 1151; x_wconf 84' lang='lat' dir='ltr'><strong>tangere,</strong></span> <span class='ocrx_word' id='word_1_115' title='bbox 1888 1098 1942 1135; x_wconf 92' lang='lat' dir='ltr'><strong>uo</strong></span> 
     </span>
     <span class='ocr_line' id='line_1_17' title="bbox 492 1156 1942 1219; baseline 0.004 -19"><span class='ocrx_word' id='word_1_116' title='bbox 492 1159 611 1203; x_wconf 53' lang='lat' dir='ltr'><strong>enim</strong></span> <span class='ocrx_word' id='word_1_117' title='bbox 636 1157 817 1206; x_wconf 84' lang='lat' dir='ltr'><strong>ascendi</strong></span> <span class='ocrx_word' id='word_1_118' title='bbox 853 1158 908 1206; x_wconf 88' lang='lat' dir='ltr'><strong>ad</strong></span> <span class='ocrx_word' id='word_1_119' title='bbox 944 1158 1123 1207; x_wconf 84' lang='lat' dir='ltr'><strong>Patrem</strong></span> <span class='ocrx_word' id='word_1_120' title='bbox 1155 1170 1337 1219; x_wconf 84' lang='lat' dir='ltr'><strong>meum,</strong></span> <span class='ocrx_word' id='word_1_121' title='bbox 1368 1156 1564 1219; x_wconf 67' lang='lat' dir='ltr'><strong>scilicet</strong></span> <span class='ocrx_word' id='word_1_122' title='bbox 1597 1157 1646 1206; x_wconf 92' lang='lat' dir='ltr'><strong>iu</strong></span> <span class='ocrx_word' id='word_1_123' title='bbox 1673 1160 1809 1208; x_wconf 89' lang='lat' dir='ltr'><strong>corde</strong></span> <span class='ocrx_word' id='word_1_124' title='bbox 1839 1163 1942 1219; x_wconf 86' lang='lat' dir='ltr'><strong>tuo,</strong></span> 
     </span>
     <span class='ocr_line' id='line_1_18' title="bbox 492 1228 1942 1294; baseline 0.003 -19"><span class='ocrx_word' id='word_1_125' title='bbox 492 1229 770 1287; x_wconf 39' lang='lat' dir='ltr'><strong>mitriistinus</strong></span> <span class='ocrx_word' id='word_1_126' title='bbox 793 1228 982 1291; x_wconf 86' lang='lat' dir='ltr'><strong>exponit</strong></span> <span class='ocrx_word' id='word_1_127' title='bbox 1008 1229 1170 1294; x_wconf 89' lang='lat' dir='ltr'><strong>(tract.</strong></span> <span class='ocrx_word' id='word_1_128' title='bbox 1216 1233 1307 1278; x_wconf 76' lang='lat'><strong>121</strong></span> <span class='ocrx_word' id='word_1_129' title='bbox 1332 1229 1371 1293; x_wconf 90' lang='lat'><strong>).</strong></span> <span class='ocrx_word' id='word_1_130' title='bbox 1403 1230 1459 1278; x_wconf 90' lang='lat' dir='ltr'><strong>Et</strong></span> <span class='ocrx_word' id='word_1_131' title='bbox 1486 1229 1590 1279; x_wconf 83' lang='lat' dir='ltr'><strong>idco</strong></span> <span class='ocrx_word' id='word_1_132' title='bbox 1618 1234 1883 1293; x_wconf 84' lang='lat' dir='ltr'><strong>peccatores</strong></span> <span class='ocrx_word' id='word_1_133' title='bbox 1907 1244 1942 1292; x_wconf 56' lang='lat' dir='ltr'><strong>q*</strong></span> 
     </span>
     <span class='ocr_line' id='line_1_19' title="bbox 492 1299 1942 1366; baseline 0.003 -23"><span class='ocrx_word' id='word_1_134' title='bbox 492 1303 656 1349; x_wconf 50' lang='lat' dir='ltr'><strong>tufa-tum</strong></span> <span class='ocrx_word' id='word_1_135' title='bbox 682 1299 787 1350; x_wconf 86' lang='lat' dir='ltr'><strong>fidei</strong></span> <span class='ocrx_word' id='word_1_136' title='bbox 813 1301 1017 1350; x_wconf 71' lang='lat' dir='ltr'><strong>formatae</strong></span> <span class='ocrx_word' id='word_1_137' title='bbox 1045 1302 1282 1364; x_wconf 85' lang='lat' dir='ltr'><strong>patiuntur</strong></span> <span class='ocrx_word' id='word_1_138' title='bbox 1308 1301 1428 1351; x_wconf 87' lang='lat' dir='ltr'><strong>circa</strong></span> <span class='ocrx_word' id='word_1_139' title='bbox 1463 1301 1696 1351; x_wconf 84' lang='lat' dir='ltr'><strong>Christum</strong></span> <span class='ocrx_word' id='word_1_140' title='bbox 1715 1341 1728 1365; x_wconf 92' lang='lat'><strong>‚</strong></span> <span class='ocrx_word' id='word_1_141' title='bbox 1757 1300 1942 1366; x_wconf 81' lang='lat' dir='ltr'><strong>repellur</strong></span> 
     </span>
     <span class='ocr_line' id='line_1_20' title="bbox 492 1372 1192 1434; baseline 0.007 -16"><span class='ocrx_word' id='word_1_142' title='bbox 492 1374 697 1419; x_wconf 59' lang='lat' dir='ltr'><strong>sinitasstu</strong></span> <span class='ocrx_word' id='word_1_143' title='bbox 736 1372 873 1434; x_wconf 87' lang='lat' dir='ltr'><strong>hujus</strong></span> <span class='ocrx_word' id='word_1_144' title='bbox 902 1373 1192 1423; x_wconf 83' lang='lat' dir='ltr'><strong>sacramenti.</strong></span> 
     </span>
    </p>

    <p class='ocr_par' dir='ltr' id='par_1_6' title="bbox 492 1443 1942 1940">
     <span class='ocr_line' id='line_1_21' title="bbox 556 1443 1941 1508; baseline 0.001 -17"><span class='ocrx_word' id='word_1_145' title='bbox 556 1443 620 1491; x_wconf 69' lang='lat' dir='ltr'><strong>‚id</strong></span> <span class='ocrx_word' id='word_1_146' title='bbox 652 1444 899 1493; x_wconf 86' lang='lat' dir='ltr'><strong>secundum</strong></span> <span class='ocrx_word' id='word_1_147' title='bbox 925 1444 1187 1504; x_wconf 88' lang='lat' dir='ltr'><strong>dicendum,</strong></span> <span class='ocrx_word' id='word_1_148' title='bbox 1217 1444 1338 1508; x_wconf 78' lang='lat' dir='ltr'><strong>quod</strong></span> <span class='ocrx_word' id='word_1_149' title='bbox 1359 1458 1450 1495; x_wconf 90' lang='lat' dir='ltr'><strong>non</strong></span> <span class='ocrx_word' id='word_1_150' title='bbox 1477 1443 1690 1508; x_wconf 68' lang='lat' dir='ltr'><strong>quaelibet</strong></span> <span class='ocrx_word' id='word_1_151' title='bbox 1717 1444 1941 1495; x_wconf 86' lang='lat' dir='ltr'><strong>medicina</strong></span> 
     </span>
     <span class='ocr_line' id='line_1_22' title="bbox 496 1514 1942 1578; baseline 0.005 -19"><span class='ocrx_word' id='word_1_152' title='bbox 496 1514 873 1575; x_wconf 54' lang='lat' dir='ltr'><strong>„siit-secundum</strong></span> <span class='ocrx_word' id='word_1_153' title='bbox 899 1516 1151 1578; x_wconf 84' lang='lat' dir='ltr'><strong>quemlibet</strong></span> <span class='ocrx_word' id='word_1_154' title='bbox 1169 1520 1336 1566; x_wconf 84' lang='lat' dir='ltr'><strong>statum</strong></span> <span class='ocrx_word' id='word_1_155' title='bbox 1370 1516 1645 1566; x_wconf 82' lang='lat' dir='ltr'><strong>infirmitatis</strong></span> <span class='ocrx_word' id='word_1_156' title='bbox 1676 1531 1688 1564; x_wconf 73' lang='grc' dir='ltr'><strong>ε</strong></span> <span class='ocrx_word' id='word_1_157' title='bbox 1720 1529 1826 1566; x_wconf 90' lang='lat' dir='ltr'><strong>nam</strong></span> <span class='ocrx_word' id='word_1_158' title='bbox 1858 1530 1942 1567; x_wconf 71' lang='lat' dir='ltr'><strong>met</strong></span> 
     </span>
     <span class='ocr_line' id='line_1_23' title="bbox 492 1587 1942 1651; baseline 0.008 -25"><span class='ocrx_word' id='word_1_159' title='bbox 492 1599 592 1647; x_wconf 63' lang='lat' dir='ltr'><strong>qna}</strong></span> <span class='ocrx_word' id='word_1_160' title='bbox 624 1587 749 1635; x_wconf 79' lang='lat' dir='ltr'><strong>datur</strong></span> <span class='ocrx_word' id='word_1_161' title='bbox 778 1588 874 1651; x_wconf 88' lang='lat' dir='ltr'><strong>jam</strong></span> <span class='ocrx_word' id='word_1_162' title='bbox 903 1588 1103 1637; x_wconf 88' lang='lat' dir='ltr'><strong>liberatis</strong></span> <span class='ocrx_word' id='word_1_163' title='bbox 1135 1587 1160 1637; x_wconf 74' lang='lat' dir='ltr'><strong>a</strong></span> <span class='ocrx_word' id='word_1_164' title='bbox 1190 1587 1316 1638; x_wconf 86' lang='lat' dir='ltr'><strong>febre</strong></span> <span class='ocrx_word' id='word_1_165' title='bbox 1355 1589 1408 1637; x_wconf 90' lang='lat' dir='ltr'><strong>ad</strong></span> <span class='ocrx_word' id='word_1_166' title='bbox 1447 1587 1850 1649; x_wconf 79' lang='lat' dir='ltr'><strong>confortationem,</strong></span> <span class='ocrx_word' id='word_1_167' title='bbox 1880 1601 1942 1637; x_wconf 88' lang='lat' dir='ltr'><strong>no</strong></span> 
     </span>
     <span class='ocr_line' id='line_1_24' title="bbox 496 1658 1922 1723; baseline 0.005 -21"><span class='ocrx_word' id='word_1_168' title='bbox 496 1659 532 1703; x_wconf 62' lang='lat' dir='ltr'><strong>:n</strong></span> <span class='ocrx_word' id='word_1_169' title='bbox 564 1659 741 1708; x_wconf 67' lang='lat' dir='ltr'><strong>daretur</strong></span> <span class='ocrx_word' id='word_1_170' title='bbox 767 1661 914 1710; x_wconf 85' lang='lat' dir='ltr'><strong>adhuc</strong></span> <span class='ocrx_word' id='word_1_171' title='bbox 937 1658 1307 1710; x_wconf 76' lang='lat' dir='ltr'><strong>febricitantibus·</strong></span> <span class='ocrx_word' id='word_1_172' title='bbox 1336 1661 1402 1709; x_wconf 88' lang='lat' dir='ltr'><strong>lta</strong></span> <span class='ocrx_word' id='word_1_173' title='bbox 1426 1660 1562 1709; x_wconf 87' lang='lat' dir='ltr'><strong>etiam</strong></span> <span class='ocrx_word' id='word_1_174' title='bbox 1592 1659 1846 1723; x_wconf 83' lang='lat' dir='ltr'><strong>baptismus</strong></span> <span class='ocrx_word' id='word_1_175' title='bbox 1877 1664 1922 1709; x_wconf 89' lang='lat' dir='ltr'><strong>et</strong></span> 
     </span>
     <span class='ocr_line' id='line_1_25' title="bbox 496 1731 1942 1796; baseline 0.002 -21"><span class='ocrx_word' id='word_1_176' title='bbox 496 1731 636 1779; x_wconf 56' lang='lat' dir='ltr'><strong>[untia</strong></span> <span class='ocrx_word' id='word_1_177' title='bbox 659 1734 768 1780; x_wconf 85' lang='lat' dir='ltr'><strong>suut</strong></span> <span class='ocrx_word' id='word_1_178' title='bbox 793 1732 924 1795; x_wconf 87' lang='lat' dir='ltr'><strong>quasi</strong></span> <span class='ocrx_word' id='word_1_179' title='bbox 954 1731 1189 1783; x_wconf 83' lang='lat' dir='ltr'><strong>medicinae</strong></span> <span class='ocrx_word' id='word_1_180' title='bbox 1211 1731 1484 1796; x_wconf 66' lang='lat' dir='ltr'><strong>purgativae,</strong></span> <span class='ocrx_word' id='word_1_181' title='bbox 1511 1745 1613 1794; x_wconf 83' lang='lat' dir='ltr'><strong>quae</strong></span> <span class='ocrx_word' id='word_1_182' title='bbox 1638 1733 1804 1781; x_wconf 85' lang='lat' dir='ltr'><strong>dantur</strong></span> <span class='ocrx_word' id='word_1_183' title='bbox 1832 1733 1887 1782; x_wconf 88' lang='lat' dir='ltr'><strong>ad</strong></span> <span class='ocrx_word' id='word_1_184' title='bbox 1921 1736 1942 1781; x_wconf 64' lang='lat' dir='ltr'><strong>ts</strong></span> 
     </span>
     <span class='ocr_line' id='line_1_26' title="bbox 492 1800 1942 1866; baseline 0.006 -23"><span class='ocrx_word' id='word_1_185' title='bbox 492 1803 592 1847; x_wconf 56' lang='lat' dir='ltr'><strong>mnu</strong></span> <span class='ocrx_word' id='word_1_186' title='bbox 628 1800 795 1852; x_wconf 81' lang='lat' dir='ltr'><strong>febrem</strong></span> <span class='ocrx_word' id='word_1_187' title='bbox 826 1803 1006 1866; x_wconf 84' lang='lat' dir='ltr'><strong>peccati</strong></span> <span class='ocrx_word' id='word_1_188' title='bbox 1043 1819 1054 1852; x_wconf 81' lang='lat' dir='ltr'><strong><em>z</em></strong></span> <span class='ocrx_word' id='word_1_189' title='bbox 1086 1805 1173 1854; x_wconf 87' lang='lat' dir='ltr'><strong>hoc</strong></span> <span class='ocrx_word' id='word_1_190' title='bbox 1201 1807 1352 1853; x_wconf 86' lang='lat' dir='ltr'><strong>autem</strong></span> <span class='ocrx_word' id='word_1_191' title='bbox 1391 1808 1723 1853; x_wconf 87' lang='lat' dir='ltr'><strong>sacramentum</strong></span> <span class='ocrx_word' id='word_1_192' title='bbox 1758 1808 1831 1854; x_wconf 88' lang='lat' dir='ltr'><strong>est</strong></span> <span class='ocrx_word' id='word_1_193' title='bbox 1874 1816 1942 1853; x_wconf 89' lang='lat' dir='ltr'><strong>me</strong></span> 
     </span>
     <span class='ocr_line' id='line_1_27' title="bbox 492 1874 1941 1940; baseline 0.005 -23"><span class='ocrx_word' id='word_1_194' title='bbox 492 1875 810 1937; x_wconf 55' lang='lat' dir='ltr'><strong>irinfnrtativa,</strong></span> <span class='ocrx_word' id='word_1_195' title='bbox 834 1888 935 1938; x_wconf 82' lang='lat' dir='ltr'><strong>quae</strong></span> <span class='ocrx_word' id='word_1_196' title='bbox 967 1889 1056 1926; x_wconf 88' lang='lat' dir='ltr'><strong>non</strong></span> <span class='ocrx_word' id='word_1_197' title='bbox 1089 1875 1224 1926; x_wconf 87' lang='lat' dir='ltr'><strong>debet</strong></span> <span class='ocrx_word' id='word_1_198' title='bbox 1242 1875 1338 1925; x_wconf 79' lang='lat' dir='ltr'><strong>dari</strong></span> <span class='ocrx_word' id='word_1_199' title='bbox 1372 1874 1461 1925; x_wconf 87' lang='lat' dir='ltr'><strong>nisi</strong></span> <span class='ocrx_word' id='word_1_200' title='bbox 1492 1874 1694 1924; x_wconf 86' lang='lat' dir='ltr'><strong>liberatis</strong></span> <span class='ocrx_word' id='word_1_201' title='bbox 1713 1874 1740 1924; x_wconf 75' lang='grc' dir='ltr'><strong>ὲι</strong></span> <span class='ocrx_word' id='word_1_202' title='bbox 1760 1883 1941 1940; x_wconf 88' lang='lat' dir='ltr'><strong>peccato</strong></span> 
     </span>
    </p>

    <p class='ocr_par' dir='ltr' id='par_1_7' title="bbox 496 1944 1942 2730">
     <span class='ocr_line' id='line_1_28' title="bbox 560 1944 1942 2011; baseline 0.004 -20"><span class='ocrx_word' id='word_1_203' title='bbox 560 1947 620 1995; x_wconf 59' lang='lat' dir='ltr'><strong>id</strong></span> <span class='ocrx_word' id='word_1_204' title='bbox 654 1944 836 1995; x_wconf 88' lang='lat' dir='ltr'><strong>tertium</strong></span> <span class='ocrx_word' id='word_1_205' title='bbox 872 1947 1139 2008; x_wconf 84' lang='lat' dir='ltr'><strong>dicendum,</strong></span> <span class='ocrx_word' id='word_1_206' title='bbox 1160 1946 1281 2010; x_wconf 77' lang='lat' dir='ltr'><strong>quod</strong></span> <span class='ocrx_word' id='word_1_207' title='bbox 1310 1948 1507 1996; x_wconf 85' lang='lat' dir='ltr'><strong>maxima</strong></span> <span class='ocrx_word' id='word_1_208' title='bbox 1528 1947 1647 1996; x_wconf 88' lang='lat' dir='ltr'><strong>bona</strong></span> <span class='ocrx_word' id='word_1_209' title='bbox 1677 1946 1894 2011; x_wconf 84' lang='lat' dir='ltr'><strong>intelligit</strong></span> <span class='ocrx_word' id='word_1_210' title='bbox 1915 1951 1942 1997; x_wconf 73' lang='lat' dir='ltr'>A</span> 
     </span>
     <span class='ocr_line' id='line_1_29' title="bbox 496 2017 1931 2083; baseline 0.003 -20"><span class='ocrx_word' id='word_1_211' title='bbox 496 2019 616 2067; x_wconf 69' lang='lat' dir='ltr'><strong>tinne</strong></span> <span class='ocrx_word' id='word_1_212' title='bbox 647 2018 839 2067; x_wconf 81' lang='lat' dir='ltr'><strong>virtutes</strong></span> <span class='ocrx_word' id='word_1_213' title='bbox 883 2017 1046 2069; x_wconf 82' lang='lat' dir='ltr'><strong>animae</strong></span> <span class='ocrx_word' id='word_1_214' title='bbox 1064 2057 1076 2081; x_wconf 89' lang='lat'>,</span> <span class='ocrx_word' id='word_1_215' title='bbox 1105 2019 1272 2081; x_wconf 88' lang='lat' dir='ltr'><strong>quibus</strong></span> <span class='ocrx_word' id='word_1_216' title='bbox 1300 2020 1453 2068; x_wconf 78' lang='lat' dir='ltr'><strong>nuilus</strong></span> <span class='ocrx_word' id='word_1_217' title='bbox 1478 2017 1595 2068; x_wconf 74' lang='lat' dir='ltr'><strong>male</strong></span> <span class='ocrx_word' id='word_1_218' title='bbox 1633 2019 1777 2068; x_wconf 90' lang='lat' dir='ltr'><strong>utitur</strong></span> <span class='ocrx_word' id='word_1_219' title='bbox 1802 2020 1931 2083; x_wconf 87' lang='lat' dir='ltr'><strong>quasi</strong></span> 
     </span>
     <span class='ocr_line' id='line_1_30' title="bbox 496 2088 1942 2154; baseline 0.003 -19"><span class='ocrx_word' id='word_1_220' title='bbox 496 2091 628 2151; x_wconf 64' lang='lat' dir='ltr'><strong>ripiia</strong></span> <span class='ocrx_word' id='word_1_221' title='bbox 656 2089 763 2138; x_wconf 89' lang='lat' dir='ltr'><strong>mali</strong></span> <span class='ocrx_word' id='word_1_222' title='bbox 790 2089 915 2139; x_wconf 69' lang='lat' dir='ltr'><strong>ustis.</strong></span> <span class='ocrx_word' id='word_1_223' title='bbox 940 2089 1090 2140; x_wconf 87' lang='lat' dir='ltr'><strong>Utitur</strong></span> <span class='ocrx_word' id='word_1_224' title='bbox 1109 2095 1263 2140; x_wconf 83' lang='lat' dir='ltr'><strong>tamen</strong></span> <span class='ocrx_word' id='word_1_225' title='bbox 1291 2090 1359 2140; x_wconf 78' lang='lat' dir='ltr'><strong>eis</strong></span> <span class='ocrx_word' id='word_1_226' title='bbox 1385 2090 1551 2154; x_wconf 84' lang='lat' dir='ltr'><strong>aliquis</strong></span> <span class='ocrx_word' id='word_1_227' title='bbox 1571 2088 1686 2139; x_wconf 75' lang='lat' dir='ltr'><strong>male</strong></span> <span class='ocrx_word' id='word_1_228' title='bbox 1711 2128 1724 2153; x_wconf 95' lang='lat'>‚</span> <span class='ocrx_word' id='word_1_229' title='bbox 1745 2091 1878 2154; x_wconf 89' lang='lat' dir='ltr'><strong>quasi</strong></span> <span class='ocrx_word' id='word_1_230' title='bbox 1904 2091 1942 2140; x_wconf 79' lang='lat' dir='ltr'><strong>ol</strong></span> 
     </span>
     <span class='ocr_line' id='line_1_31' title="bbox 496 2162 1942 2226; baseline 0.002 -20"><span class='ocrx_word' id='word_1_231' title='bbox 496 2163 598 2207; x_wconf 68' lang='lat' dir='ltr'><strong>nudi</strong></span> <span class='ocrx_word' id='word_1_232' title='bbox 632 2162 765 2222; x_wconf 71' lang='lat' dir='ltr'><strong>usne,</strong></span> <span class='ocrx_word' id='word_1_233' title='bbox 795 2166 847 2211; x_wconf 84' lang='lat' dir='ltr'><strong>ut</strong></span> <span class='ocrx_word' id='word_1_234' title='bbox 873 2164 998 2226; x_wconf 86' lang='lat' dir='ltr'><strong>patet</strong></span> <span class='ocrx_word' id='word_1_235' title='bbox 1032 2163 1082 2212; x_wconf 89' lang='lat' dir='ltr'><strong>in</strong></span> <span class='ocrx_word' id='word_1_236' title='bbox 1114 2164 1214 2225; x_wconf 87' lang='lat' dir='ltr'><strong>his,</strong></span> <span class='ocrx_word' id='word_1_237' title='bbox 1245 2162 1325 2226; x_wconf 86' lang='lat' dir='ltr'><strong>qui</strong></span> <span class='ocrx_word' id='word_1_238' title='bbox 1358 2164 1413 2213; x_wconf 91' lang='lat' dir='ltr'><strong>de</strong></span> <span class='ocrx_word' id='word_1_239' title='bbox 1446 2162 1687 2211; x_wconf 86' lang='lat' dir='ltr'><strong>virtutibus</strong></span> <span class='ocrx_word' id='word_1_240' title='bbox 1717 2163 1942 2226; x_wconf 79' lang='lat' dir='ltr'><strong>superbiui</strong></span> 
     </span>
     <span class='ocr_line' id='line_1_32' title="bbox 496 2234 1942 2299; baseline 0.004 -23"><span class='ocrx_word' id='word_1_241' title='bbox 496 2239 536 2279; x_wconf 61' lang='lat' dir='ltr'><strong>vt</strong></span> <span class='ocrx_word' id='word_1_242' title='bbox 568 2235 651 2283; x_wconf 64' lang='lat' dir='ltr'><strong>tunc</strong></span> <span class='ocrx_word' id='word_1_243' title='bbox 675 2237 1039 2295; x_wconf 88' lang='lat' dir='ltr'><strong>sacramentum,</strong></span> <span class='ocrx_word' id='word_1_244' title='bbox 1070 2234 1286 2298; x_wconf 76' lang='lat' dir='ltr'><strong>quantum</strong></span> <span class='ocrx_word' id='word_1_245' title='bbox 1311 2240 1383 2284; x_wconf 88' lang='lat' dir='ltr'><strong>est</strong></span> <span class='ocrx_word' id='word_1_246' title='bbox 1409 2248 1466 2285; x_wconf 84' lang='lat' dir='ltr'><strong>ex</strong></span> <span class='ocrx_word' id='word_1_247' title='bbox 1489 2248 1537 2284; x_wconf 86' lang='lat' dir='ltr'><strong>se</strong></span> <span class='ocrx_word' id='word_1_248' title='bbox 1559 2273 1572 2296; x_wconf 91' lang='lat'>,</span> <span class='ocrx_word' id='word_1_249' title='bbox 1604 2248 1697 2284; x_wconf 91' lang='lat' dir='ltr'><strong>non</strong></span> <span class='ocrx_word' id='word_1_250' title='bbox 1726 2240 1800 2285; x_wconf 91' lang='lat' dir='ltr'><strong>est</strong></span> <span class='ocrx_word' id='word_1_251' title='bbox 1823 2235 1942 2299; x_wconf 88' lang='lat' dir='ltr'><strong>princ</strong></span> 
     </span>
     <span class='ocr_line' id='line_1_33' title="bbox 496 2304 1942 2370; baseline 0.003 -19"><span class='ocrx_word' id='word_1_252' title='bbox 496 2307 600 2351; x_wconf 65' lang='lat' dir='ltr'><strong>mati</strong></span> <span class='ocrx_word' id='word_1_253' title='bbox 632 2304 768 2366; x_wconf 65' lang='grc' dir='ltr'><strong>ἠεῡε,</strong></span> <span class='ocrx_word' id='word_1_254' title='bbox 797 2306 875 2354; x_wconf 86' lang='lat' dir='ltr'><strong>sed</strong></span> <span class='ocrx_word' id='word_1_255' title='bbox 902 2304 1149 2369; x_wconf 87' lang='lat' dir='ltr'><strong>objectum.</strong></span> <span class='ocrx_word' id='word_1_256' title='bbox 1171 2307 1296 2357; x_wconf 92' lang='lat' dir='ltr'><strong>Unde</strong></span> <span class='ocrx_word' id='word_1_257' title='bbox 1327 2307 1607 2370; x_wconf 83' lang='lat' dir='ltr'><strong>Augustinus</strong></span> <span class='ocrx_word' id='word_1_258' title='bbox 1631 2306 1744 2356; x_wconf 86' lang='lat' dir='ltr'><strong>dicit</strong></span> <span class='ocrx_word' id='word_1_259' title='bbox 1771 2322 1783 2355; x_wconf 95' lang='lat'><strong>:</strong></span> <span class='ocrx_word' id='word_1_260' title='bbox 1817 2324 1845 2354; x_wconf 78' lang='grc' dir='ltr'><strong>α</strong></span> <span class='ocrx_word' id='word_1_261' title='bbox 1871 2306 1942 2357; x_wconf 74' lang='lat' dir='ltr'><strong>Mu</strong></span> 
     </span>
     <span class='ocr_line' id='line_1_34' title="bbox 496 2375 1942 2442; baseline 0.002 -19"><span class='ocrx_word' id='word_1_262' title='bbox 496 2375 628 2431; x_wconf 42' lang='lat' dir='ltr'><strong>disne</strong></span> <span class='ocrx_word' id='word_1_263' title='bbox 664 2376 903 2439; x_wconf 85' lang='lat' dir='ltr'><strong>accipiunt</strong></span> <span class='ocrx_word' id='word_1_264' title='bbox 924 2390 1091 2442; x_wconf 88' lang='lat' dir='ltr'><strong>corpus</strong></span> <span class='ocrx_word' id='word_1_265' title='bbox 1114 2378 1302 2440; x_wconf 80' lang='lat' dir='ltr'><strong>Christi3</strong></span> <span class='ocrx_word' id='word_1_266' title='bbox 1331 2392 1413 2442; x_wconf 89' lang='lat' dir='ltr'><strong>per</strong></span> <span class='ocrx_word' id='word_1_267' title='bbox 1441 2380 1560 2442; x_wconf 86' lang='lat' dir='ltr'><strong>quod</strong></span> <span class='ocrx_word' id='word_1_268' title='bbox 1588 2379 1831 2442; x_wconf 85' lang='lat' dir='ltr'><strong>docemur,</strong></span> <span class='ocrx_word' id='word_1_269' title='bbox 1862 2376 1942 2442; x_wconf 72' lang='lat' dir='ltr'><strong>qua</strong></span> 
     </span>
     <span class='ocr_line' id='line_1_35' title="bbox 496 2447 1942 2514; baseline 0.007 -24"><span class='ocrx_word' id='word_1_270' title='bbox 496 2447 690 2495; x_wconf 58' lang='lat' dir='ltr'><strong>martium</strong></span> <span class='ocrx_word' id='word_1_271' title='bbox 732 2447 792 2497; x_wconf 86' lang='lat' dir='ltr'><strong>sit</strong></span> <span class='ocrx_word' id='word_1_272' title='bbox 840 2447 957 2499; x_wconf 75' lang='lat' dir='ltr'><strong>male</strong></span> <span class='ocrx_word' id='word_1_273' title='bbox 1002 2449 1209 2514; x_wconf 88' lang='lat' dir='ltr'><strong>accipere</strong></span> <span class='ocrx_word' id='word_1_274' title='bbox 1255 2450 1442 2500; x_wconf 89' lang='lat' dir='ltr'><strong>bonum.</strong></span> <span class='ocrx_word' id='word_1_275' title='bbox 1490 2452 1602 2500; x_wconf 88' lang='lat' dir='ltr'><strong>Ecce</strong></span> <span class='ocrx_word' id='word_1_276' title='bbox 1645 2450 1764 2500; x_wconf 87' lang='lat' dir='ltr'><strong>enim</strong></span> <span class='ocrx_word' id='word_1_277' title='bbox 1806 2464 1887 2514; x_wconf 87' lang='lat' dir='ltr'><strong>per</strong></span> <span class='ocrx_word' id='word_1_278' title='bbox 1921 2451 1942 2500; x_wconf 84' lang='lat' dir='ltr'><strong>h</strong></span> 
     </span>
     <span class='ocr_line' id='line_1_36' title="bbox 496 2519 1942 2585; baseline 0.005 -23"><span class='ocrx_word' id='word_1_279' title='bbox 496 2519 662 2568; x_wconf 59' lang='lat' dir='ltr'><strong>tir-tum</strong></span> <span class='ocrx_word' id='word_1_280' title='bbox 689 2523 761 2570; x_wconf 88' lang='lat' dir='ltr'><strong>est</strong></span> <span class='ocrx_word' id='word_1_281' title='bbox 788 2521 977 2583; x_wconf 86' lang='lat' dir='ltr'><strong>malum,</strong></span> <span class='ocrx_word' id='word_1_282' title='bbox 998 2522 1103 2570; x_wconf 88' lang='lat' dir='ltr'><strong>dum</strong></span> <span class='ocrx_word' id='word_1_283' title='bbox 1129 2520 1247 2570; x_wconf 76' lang='lat' dir='ltr'><strong>male</strong></span> <span class='ocrx_word' id='word_1_284' title='bbox 1274 2522 1494 2585; x_wconf 88' lang='lat' dir='ltr'><strong>accipitur</strong></span> <span class='ocrx_word' id='word_1_285' title='bbox 1523 2522 1719 2585; x_wconf 78' lang='lat' dir='ltr'><strong>bonum3</strong></span> <span class='ocrx_word' id='word_1_286' title='bbox 1743 2522 1862 2572; x_wconf 90' lang='lat' dir='ltr'><strong>sicut</strong></span> <span class='ocrx_word' id='word_1_287' title='bbox 1888 2522 1942 2572; x_wconf 77' lang='grc' dir='ltr'><strong>ὲ(</strong></span> 
     </span>
     <span class='ocr_line' id='line_1_37' title="bbox 496 2591 1942 2657; baseline 0.001 -18"><span class='ocrx_word' id='word_1_288' title='bbox 496 2591 707 2651; x_wconf 55' lang='lat' dir='ltr'><strong>,ipistolo</strong></span> <span class='ocrx_word' id='word_1_289' title='bbox 726 2604 807 2655; x_wconf 89' lang='lat' dir='ltr'><strong>per</strong></span> <span class='ocrx_word' id='word_1_290' title='bbox 826 2593 995 2642; x_wconf 82' lang='lat' dir='ltr'><strong>matum</strong></span> <span class='ocrx_word' id='word_1_291' title='bbox 1015 2593 1187 2643; x_wconf 82' lang='lat' dir='ltr'><strong>sactum</strong></span> <span class='ocrx_word' id='word_1_292' title='bbox 1211 2598 1281 2644; x_wconf 90' lang='lat' dir='ltr'><strong>est</strong></span> <span class='ocrx_word' id='word_1_293' title='bbox 1308 2594 1494 2656; x_wconf 91' lang='lat' dir='ltr'><strong>bonum,</strong></span> <span class='ocrx_word' id='word_1_294' title='bbox 1515 2592 1619 2643; x_wconf 77' lang='lat' dir='ltr'><strong>cum</strong></span> <span class='ocrx_word' id='word_1_295' title='bbox 1647 2593 1766 2643; x_wconf 80' lang='lat' dir='ltr'><strong>bene</strong></span> <span class='ocrx_word' id='word_1_296' title='bbox 1795 2594 1942 2657; x_wconf 86' lang='lat' dir='ltr'><strong>accepi</strong></span> 
     </span>
     <span class='ocr_line' id='line_1_38' title="bbox 496 2662 1942 2730; baseline 0.001 -19"><span class='ocrx_word' id='word_1_297' title='bbox 496 2663 616 2723; x_wconf 75' lang='lat' dir='ltr'><strong>inni,</strong></span> <span class='ocrx_word' id='word_1_298' title='bbox 643 2678 672 2710; x_wconf 93' lang='lat'>»</span> <span class='ocrx_word' id='word_1_299' title='bbox 696 2663 877 2714; x_wconf 88' lang='lat' dir='ltr'><strong>scilicet</strong></span> <span class='ocrx_word' id='word_1_300' title='bbox 909 2662 1015 2713; x_wconf 72' lang='lat' dir='ltr'><strong>cum</strong></span> <span class='ocrx_word' id='word_1_301' title='bbox 1044 2664 1276 2715; x_wconf 87' lang='lat' dir='ltr'><strong>stimulum</strong></span> <span class='ocrx_word' id='word_1_302' title='bbox 1311 2664 1489 2717; x_wconf 83' lang='lat' dir='ltr'><strong>Satanae</strong></span> <span class='ocrx_word' id='word_1_303' title='bbox 1520 2664 1750 2729; x_wconf 85' lang='lat' dir='ltr'><strong>patienter</strong></span> <span class='ocrx_word' id='word_1_304' title='bbox 1785 2664 1942 2730; x_wconf 82' lang='lat' dir='ltr'><strong>portavi</strong></span> 
     </span>
    </p>

    <p class='ocr_par' dir='ltr' id='par_1_8' title="bbox 496 2736 1942 2947">
     <span class='ocr_line' id='line_1_39' title="bbox 560 2736 1942 2801; baseline 0.001 -18"><span class='ocrx_word' id='word_1_305' title='bbox 560 2739 620 2783; x_wconf 52' lang='lat' dir='ltr'><strong>:td</strong></span> <span class='ocrx_word' id='word_1_306' title='bbox 649 2739 858 2800; x_wconf 86' lang='lat' dir='ltr'><strong>quartum</strong></span> <span class='ocrx_word' id='word_1_307' title='bbox 890 2736 1285 2801; x_wconf 78' lang='lat' dir='ltr'><strong>dicendum,quod</strong></span> <span class='ocrx_word' id='word_1_308' title='bbox 1316 2750 1399 2801; x_wconf 91' lang='lat' dir='ltr'><strong>per</strong></span> <span class='ocrx_word' id='word_1_309' title='bbox 1421 2737 1569 2787; x_wconf 84' lang='lat' dir='ltr'><strong>visum</strong></span> <span class='ocrx_word' id='word_1_310' title='bbox 1590 2751 1681 2787; x_wconf 90' lang='lat' dir='ltr'><strong>non</strong></span> <span class='ocrx_word' id='word_1_311' title='bbox 1699 2736 1912 2801; x_wconf 86' lang='lat' dir='ltr'><strong>accipitur</strong></span> <span class='ocrx_word' id='word_1_312' title='bbox 1935 2737 1942 2784; x_wconf 92' lang='lat' dir='ltr'><strong>i</strong></span> 
     </span>
     <span class='ocr_line' id='line_1_40' title="bbox 496 2807 1942 2873; baseline 0.003 -19"><span class='ocrx_word' id='word_1_313' title='bbox 496 2819 659 2871; x_wconf 68' lang='lat' dir='ltr'><strong>eorpus</strong></span> <span class='ocrx_word' id='word_1_314' title='bbox 691 2807 861 2858; x_wconf 88' lang='lat' dir='ltr'><strong>Christi</strong></span> <span class='ocrx_word' id='word_1_315' title='bbox 882 2849 895 2871; x_wconf 95' lang='lat'>,</span> <span class='ocrx_word' id='word_1_316' title='bbox 926 2809 1008 2860; x_wconf 87' lang='lat' dir='ltr'><strong>sed</strong></span> <span class='ocrx_word' id='word_1_317' title='bbox 1041 2808 1187 2860; x_wconf 75' lang='lat' dir='ltr'><strong>solnm</strong></span> <span class='ocrx_word' id='word_1_318' title='bbox 1229 2814 1561 2859; x_wconf 86' lang='lat' dir='ltr'><strong>sacramentum</strong></span> <span class='ocrx_word' id='word_1_319' title='bbox 1602 2810 1732 2873; x_wconf 87' lang='lat' dir='ltr'><strong>ejus;</strong></span> <span class='ocrx_word' id='word_1_320' title='bbox 1778 2810 1881 2873; x_wconf 85' lang='lat' dir='ltr'><strong>quia</strong></span> <span class='ocrx_word' id='word_1_321' title='bbox 1913 2822 1942 2858; x_wconf 76' lang='lat' dir='ltr'><strong>s&lt;</strong></span> 
     </span>
     <span class='ocr_line' id='line_1_41' title="bbox 500 2878 1942 2947; baseline 0.002 -20"><span class='ocrx_word' id='word_1_322' title='bbox 500 2895 588 2928; x_wconf 72' lang='lat' dir='ltr'><strong>nou</strong></span> <span class='ocrx_word' id='word_1_323' title='bbox 616 2878 831 2944; x_wconf 80' lang='lat' dir='ltr'><strong>pertingit</strong></span> <span class='ocrx_word' id='word_1_324' title='bbox 843 2880 977 2931; x_wconf 66' lang='lat' dir='ltr'><strong>visus</strong></span> <span class='ocrx_word' id='word_1_325' title='bbox 1000 2882 1054 2932; x_wconf 83' lang='lat' dir='ltr'><strong>ad</strong></span> <span class='ocrx_word' id='word_1_326' title='bbox 1083 2880 1383 2933; x_wconf 83' lang='lat' dir='ltr'><strong>substantiam</strong></span> <span class='ocrx_word' id='word_1_327' title='bbox 1399 2881 1600 2947; x_wconf 84' lang='lat' dir='ltr'><strong>corporis</strong></span> <span class='ocrx_word' id='word_1_328' title='bbox 1617 2880 1814 2947; x_wconf 83' lang='lat' dir='ltr'><strong>Christi,</strong></span> <span class='ocrx_word' id='word_1_329' title='bbox 1836 2882 1908 2933; x_wconf 84' lang='lat' dir='ltr'><strong>sed</strong></span> <span class='ocrx_word' id='word_1_330' title='bbox 1931 2894 1942 2930; x_wconf 81' lang='grc' dir='ltr'>ε</span> 
     </span>
    </p>
   </div>
  </div>
 </body>
</html>
