1942 3284
112 247 145 284 nn
160 245 292 291 ouanunarn
308 247 490 289 suserrrnurruu
507 249 556 289 noc
571 249 758 289 securumque.
792 243 842 293 lut

341 430 503 483 articulus
515 433 533 482 1.

49 556 139 602 Uirium
156 556 183 600 ιιι
198 555 380 612 suscipientibus
397 556 497 602 ordines
514 559 827 626 requiraturbonitueuitoe.

68 682 104 734 Ad
121 682 220 747 primum
238 681 272 732 sic
285 682 423 745 proceditur.
439 683 532 732 Videtur
548 686 610 746 quod
623 685 651 735 in
665 685 843 750 suscipientibus

33 753 131 806 ordines
146 764 193 804 non
202 751 329 816 requiratur
346 753 437 804 bonitas
451 753 513 804 uite.
522 755 580 813 uuir
591 768 632 818 per
642 757 746 808 ordinem
759 757 842 821 aliquis

33 825 154 891 ordinatur
164 826 193 876 ad
207 824 406 888 dispensationem
425 829 624 876 sacramentorum.
639 828 684 878 Sed
703 832 845 884 sacramente

35 898 135 964 possunt
148 896 276 960 dispensari
290 895 304 946 t
316 896 382 948 bouis
391 900 415 948 et
429 895 502 950 mals
517 897 578 961 Ergo
589 911 637 948 non
651 898 773 964 requiritur
784 900 846 954 bunt

37 967 97 1018 uita.

69 1043 96 1088 a.
108 1039 229 1102 Puaetmea,
242 1051 289 1090 uon
302 1040 338 1090 est
349 1040 425 1104 majus
437 1039 591 1093 ministerium
601 1042 662 1105 quod
673 1043 719 1093 lieo
729 1042 755 1096 in
767 1056 842 1096 mera·

38 1110 127 1166 mentis
135 1109 263 1175 exhibetur,
274 1111 343 1176 qutun
356 1113 416 1176 quod
429 1113 475 1176 ipsi
488 1113 636 1176 corporaliter
645 1114 774 1177 adhibetur,
784 1114 848 1166 cedd

37 1182 166 1236 mmisaeuo
186 1181 258 1246 ipsius
284 1185 394 1248 corporali
418 1198 465 1236 non
487 1185 574 1248 repulit
593 1185 703 1236 boninus
725 1186 844 1242 mulierum

37 1251 191 1318 peccatricem
208 1256 232 1303 et
245 1252 374 1319 infamem,
388 1259 413 1306 ut
425 1259 489 1319 patet
501 1257 574 1312 Luc..
585 1255 635 1306 Vll.
649 1257 709 1320 Ergo
722 1270 766 1307 nco
778 1257 792 1311 b
802 1255 846 1316 uri·

38 1325 138 1380 misterio
151 1327 202 1390 eius
214 1326 239 1376 in
250 1329 401 1381 sacramentis
409 1329 469 1385 tales
483 1331 537 1378 suut
548 1328 680 1380 amovendi.

71 1403 97 1449 3.
114 1399 240 1460 Praeterea,
253 1412 295 1463 per
315 1411 407 1452 omnem
421 1399 517 1463 gratiam
535 1401 602 1449 datur
618 1399 709 1464 alqnod
720 1399 848 1454 remedium

37 1473 122 1520 eontra
142 1473 270 1533 peccatum.
287 1470 334 1521 Sed
353 1471 398 1522 illis
417 1470 457 1534 qui
477 1471 561 1522 habent
575 1473 695 1533 peceatum
716 1482 764 1524 nou
779 1470 848 1525 debet

38 1541 132 1605 uiuum
146 1541 271 1592 remedium
292 1541 414 1606 denegari,
425 1541 530 1604 quodeis
543 1540 784 1605 calciamentorum
794 1553 849 1605 equ

39 1613 67 1664 in
85 1615 226 1663 sacramento
240 1611 328 1663 ordiris
341 1613 413 1676 pretia
428 1613 574 1673 conteratur,
588 1612 679 1663 uidetur
695 1609 756 1674 qubd
768 1611 849 1667 (labem

39 1682 111 1735 etiam
125 1682 282 1747 peccatoribus
295 1685 340 1734 hoc
357 1687 527 1735 sacramentum
541 1683 598 1733 dari.

75 1754 215 1817 Saucontra,
228 1755 380 1812 Leutt.,lllll
397 1769 402 1804 :
415 1753 514 1805 «Homo
528 1753 655 1805 desemine
670 1753 793 1817 Aaronqui
806 1755 849 1804 lra-

41 1825 120 1878 buerit
134 1826 254 1889 macnlam,
269 1825 408 1878 noroberet
426 1839 501 1890 panes
514 1827 562 1876 lieo
575 1838 632 1887 -sno,
652 1837 696 1875 nec
712 1825 804 1876 accedet
820 1826 850 1882 ad

42 1897 197 1954 ministerium
208 1900 267 1964 ejus.
277 1916 291 1947 ιι
301 1899 346 1949 Sed
355 1911 398 1963 per
409 1897 531 1960 maculam,
540 1895 656 1948 utdicitur
664 1895 749 1958 Gloss,
759 1908 850 1951 numne

40 1971 122 2024 vitium
142 1987 155 2018 ιι
169 1969 314 2033 intelligitur.
335 1972 396 2034 Ergo
409 1969 447 2020 ille
462 1968 501 2034 qui
520 1972 555 2020 cst
572 1968 648 2032 aliquo
665 1967 720 2019 vitio
732 1966 848 2030 irretitus,

39 2056 89 2102 nun
107 2043 173 2094 debet
187 2043 215 2092 ad
230 2041 383 2093 ministerium
399 2040 484 2094 ordinis
496 2041 596 2091 admitti.

75 2116 203 2176 Praeterea,
217 2114 369 2179 Hieronymus
387 2114 441 2165 dicit
458 2113 522 2178 qudd
536 2129 551 2161 o
565 2127 611 2164 non
630 2113 704 2164 solum
722 2112 849 2178 Episcopi,

41 2186 169 2252 presbyteri
178 2189 202 2237 ct
212 2185 301 2236 diaconi
315 2187 400 2238 debant
414 2197 552 2248 magnopere
564 2183 694 2248 prouidere,
704 2187 730 2234 nt
740 2190 850 2238 cunctum

43 2257 154 2322 populum
173 2256 210 2306 cui
228 2257 368 2320 president,
384 2269 489 2307 sermone
506 2259 530 2305 et
545 2255 719 2306 couversatione
738 2258 850 2318 preeunt,

44 2327 126 2380 verbm
141 2327 210 2378 etiam
224 2325 344 2378 interiores
363 2327 445 2392 gradus
465 2330 488 2376 et
505 2339 584 2377 omues
603 2326 697 2378 omnino
715 2327 754 2392 qui
769 2327 851 2378 domui

43 2399 88 2452 Dei
106 2399 220 2460 seruiunt3
240 2399 293 2463 quia
306 2400 457 2449 vehementer
469 2397 597 2447 Ecclesiam
611 2398 653 2448 bei
673 2398 782 2460 destruit,
801 2411 851 2448 rne-

44 2470 115 2521 liores
128 2481 179 2520 esse
192 2469 276 2532 laicos,
289 2469 359 2532 qnlm
372 2468 474 2520 clericos.
486 2484 501 2516 u
511 2469 570 2536 Ergo
580 2468 605 2517 in
619 2469 725 2520 omnibus
733 2467 851 2520 ordinibus

44 2539 167 2606 requiritur
179 2541 287 2592 sauctitas
301 2540 367 2591 uitae.

80 2611 235 2679 (Concanum.
250 2637 281 2650 -
296 2613 407 2672 Quoniam
417 2611 604 2676 presumptionis
614 2612 653 2663 ille
666 2609 849 2669 cmmcniueur·

46 2686 123 2744 uerat,
138 2683 177 2746 qui
190 2683 219 2734 ad
232 2684 326 2736 ordines
336 2682 496 2748 suscipiendus
509 2697 563 2734 cnm
576 2683 667 2748 peccati
683 2682 783 2735 mortalis
796 2694 853 2733 eon·

44 2753 141 2811 scientia
156 2755 263 2806 accedere
278 2769 325 2806 non
346 2756 480 2817 verereturq
493 2755 522 2805 ad
535 2767 615 2805 corum
628 2753 797 2818 susceptionem
810 2753 852 2805 bu

47 2825 111 2879 nitas
124 2823 196 2887 ritae,
215 2839 260 2876 non
277 2827 369 2890 quidem
387 2841 416 2878 ex
436 2828 501 2891 parte
521 2825 672 2888 sacramenti,
684 2825 723 2876 sed
740 2823 855 2889 precepti

46 2894 122 2948 diuini
134 2896 264 2948 necessaria
279 2901 323 2949 est.
342 2897 351 2962 )

81 2967 216 3034 Respondeu
227 2968 355 3034 dimotum,
366 2969 426 3034 quod
440 2971 500 3022 siout
511 2969 633 3034 bionpsius
647 2968 704 3020 dicit
716 2969 742 3021 iu
753 2968 785 3019 ιιι
797 2981 809 2996 ·
