<?xml version="1.0" encoding="UTF-8"?>
<!DOCTYPE html PUBLIC "-//W3C//DTD XHTML 1.0 Transitional//EN"
    "http://www.w3.org/TR/xhtml1/DTD/xhtml1-transitional.dtd">
<html xmlns="http://www.w3.org/1999/xhtml" xml:lang="en" lang="en">
 <head>
  <title>
</title>
<meta http-equiv="Content-Type" content="text/html;charset=utf-8" />
  <meta name='ocr-system' content='tesseract 3.04.00' />
  <meta name='ocr-capabilities' content='ocr_page ocr_carea ocr_par ocr_line ocrx_word'/>
</head>
<body>
  <div class='ocr_page' id='page_1' title='image "./summatheologica01nicogoog_0390.png"; bbox 0 0 1942 3284; ppageno 0'>
   <div class='ocr_carea' id='block_1_1' title="bbox 496 123 1715 181">
    <p class='ocr_par' dir='ltr' id='par_1_1' title="bbox 496 123 1715 181">
     <span class='ocr_line' id='line_1_1' title="bbox 496 123 1715 181; baseline 0.004 -17"><span class='ocrx_word' id='word_1_1' title='bbox 496 123 581 171; x_wconf 64' lang='lat'><strong>33¹5</strong></span> <span class='ocrx_word' id='word_1_2' title='bbox 849 132 970 169; x_wconf 68' lang='lat' dir='ltr'><strong>uns</strong></span> <span class='ocrx_word' id='word_1_3' title='bbox 999 132 1077 181; x_wconf 76' lang='lat' dir='ltr'><strong>iu,</strong></span> <span class='ocrx_word' id='word_1_4' title='bbox 1113 132 1302 178; x_wconf 67' lang='lat' dir='ltr'><strong>QUAEST.</strong></span> <span class='ocrx_word' id='word_1_5' title='bbox 1335 133 1489 181; x_wconf 80' lang='lat' dir='ltr'><strong>mx,</strong></span> <span class='ocrx_word' id='word_1_6' title='bbox 1521 132 1634 171; x_wconf 65' lang='lat' dir='ltr'><strong>Ant.</strong></span> <span class='ocrx_word' id='word_1_7' title='bbox 1669 129 1715 170; x_wconf 78' lang='lat' dir='ltr'><strong>V.</strong></span> 
     </span>
    </p>
   </div>
   <div class='ocr_carea' id='block_1_2' title="bbox 1058 317 1467 369">
    <p class='ocr_par' dir='ltr' id='par_1_2' title="bbox 1058 317 1467 369">
     <span class='ocr_line' id='line_1_2' title="bbox 1058 317 1467 369; baseline -0.007 -2"><span class='ocrx_word' id='word_1_8' title='bbox 1058 317 1380 369; x_wconf 78' lang='lat' dir='ltr'>ARTICULUS</span> <span class='ocrx_word' id='word_1_9' title='bbox 1413 318 1467 365; x_wconf 90' lang='lat' dir='ltr'><strong>V.</strong></span> 
     </span>
    </p>
   </div>
   <div class='ocr_carea' id='block_1_3' title="bbox 16 446 1942 565">
    <p class='ocr_par' dir='ltr' id='par_1_3' title="bbox 16 446 1942 565">
     <span class='ocr_line' id='line_1_3' title="bbox 16 446 1942 506; baseline -0.001 -15"><span class='ocrx_word' id='word_1_10' title='bbox 16 471 19 474; x_wconf 92' lang='lat'><em>-</em></span> <span class='ocrx_word' id='word_1_11' title='bbox 103 448 162 491; x_wconf 62' lang='lat' dir='ltr'><strong>li*</strong></span> <span class='ocrx_word' id='word_1_12' title='bbox 508 448 674 493; x_wconf 72' lang='lat' dir='ltr'><strong>Usn&#39;tm</strong></span> <span class='ocrx_word' id='word_1_13' title='bbox 688 448 903 492; x_wconf 81' lang='lat' dir='ltr'><strong><em>accedere</em></strong></span> <span class='ocrx_word' id='word_1_14' title='bbox 916 448 983 492; x_wconf 81' lang='lat' dir='ltr'><strong>ad</strong></span> <span class='ocrx_word' id='word_1_15' title='bbox 1000 448 1084 492; x_wconf 76' lang='lat' dir='ltr'><strong>hoe</strong></span> <span class='ocrx_word' id='word_1_16' title='bbox 1101 451 1453 506; x_wconf 68' lang='lat' dir='ltr'><strong>sacramenlym</strong></span> <span class='ocrx_word' id='word_1_17' title='bbox 1471 449 1582 491; x_wconf 81' lang='lat' dir='ltr'><strong>eu&#39;m</strong></span> <span class='ocrx_word' id='word_1_18' title='bbox 1600 446 1876 491; x_wconf 72' lang='lat' dir='ltr'><strong>conscientia</strong></span> <span class='ocrx_word' id='word_1_19' title='bbox 1889 458 1942 502; x_wconf 77' lang='lat' dir='ltr'><strong>pe</strong></span> 
     </span>
     <span class='ocr_line' id='line_1_4' title="bbox 804 510 1787 565; baseline -0.001 -12"><span class='ocrx_word' id='word_1_20' title='bbox 804 510 866 553; x_wconf 75' lang='lat' dir='ltr'><strong>eit</strong></span> <span class='ocrx_word' id='word_1_21' title='bbox 886 510 1224 565; x_wconf 70' lang='lat' dir='ltr'><strong>‚qravissimum</strong></span> <span class='ocrx_word' id='word_1_22' title='bbox 1241 511 1455 554; x_wconf 79' lang='lat' dir='ltr'><strong>omnium</strong></span> <span class='ocrx_word' id='word_1_23' title='bbox 1471 512 1787 565; x_wconf 77' lang='lat' dir='ltr'><strong>peccatorum.</strong></span> 
     </span>
    </p>
   </div>
   <div class='ocr_carea' id='block_1_4' title="bbox 0 638 1942 2932">
    <p class='ocr_par' dir='ltr' id='par_1_4' title="bbox 0 638 1942 1278">
     <span class='ocr_line' id='line_1_5' title="bbox 564 638 1942 706; baseline -0.002 -15"><span class='ocrx_word' id='word_1_24' title='bbox 564 644 626 693; x_wconf 64' lang='lat' dir='ltr'><strong>Ad</strong></span> <span class='ocrx_word' id='word_1_25' title='bbox 652 642 860 705; x_wconf 88' lang='lat' dir='ltr'><strong>quintum</strong></span> <span class='ocrx_word' id='word_1_26' title='bbox 896 641 964 692; x_wconf 85' lang='lat' dir='ltr'><strong>sic</strong></span> <span class='ocrx_word' id='word_1_27' title='bbox 999 640 1269 706; x_wconf 79' lang='lat' dir='ltr'><strong>proceditur.</strong></span> <span class='ocrx_word' id='word_1_28' title='bbox 1306 639 1490 690; x_wconf 85' lang='lat' dir='ltr'><strong>Videtur</strong></span> <span class='ocrx_word' id='word_1_29' title='bbox 1515 638 1639 703; x_wconf 75' lang='lat' dir='ltr'><strong>quod</strong></span> <span class='ocrx_word' id='word_1_30' title='bbox 1671 640 1878 689; x_wconf 74' lang='lat' dir='ltr'>accedere</span> <span class='ocrx_word' id='word_1_31' title='bbox 1914 652 1942 688; x_wconf 91' lang='lat' dir='ltr'><strong>a</strong></span> 
     </span>
     <span class='ocr_line' id='line_1_6' title="bbox 504 711 1942 776; baseline -0.003 -13"><span class='ocrx_word' id='word_1_32' title='bbox 504 717 827 763; x_wconf 65' lang='lat' dir='ltr'><strong>sacramentum</strong></span> <span class='ocrx_word' id='word_1_33' title='bbox 866 727 971 764; x_wconf 90' lang='lat' dir='ltr'><strong>cum</strong></span> <span class='ocrx_word' id='word_1_34' title='bbox 1008 712 1283 763; x_wconf 84' lang='lat' dir='ltr'><strong>conscientia</strong></span> <span class='ocrx_word' id='word_1_35' title='bbox 1318 711 1520 776; x_wconf 85' lang='lat' dir='ltr'><strong>peccati,</strong></span> <span class='ocrx_word' id='word_1_36' title='bbox 1551 712 1611 761; x_wconf 90' lang='lat' dir='ltr'><strong>sit</strong></span> <span class='ocrx_word' id='word_1_37' title='bbox 1638 711 1942 775; x_wconf 81' lang='lat' dir='ltr'><strong>gravissimum</strong></span> 
     </span>
     <span class='ocr_line' id='line_1_7' title="bbox 504 782 1942 850; baseline 0 -15"><span class='ocrx_word' id='word_1_38' title='bbox 504 787 628 835; x_wconf 80' lang='lat' dir='ltr'><strong>nium</strong></span> <span class='ocrx_word' id='word_1_39' title='bbox 668 789 971 850; x_wconf 86' lang='lat' dir='ltr'><strong>peccatorum.</strong></span> <span class='ocrx_word' id='word_1_40' title='bbox 1018 784 1133 834; x_wconf 85' lang='lat' dir='ltr'><strong>Dicit</strong></span> <span class='ocrx_word' id='word_1_41' title='bbox 1163 784 1286 835; x_wconf 89' lang='lat' dir='ltr'><strong>enim</strong></span> <span class='ocrx_word' id='word_1_42' title='bbox 1322 783 1566 847; x_wconf 77' lang='lat' dir='ltr'><strong>Apostolus</strong></span> <span class='ocrx_word' id='word_1_43' title='bbox 1588 820 1602 842; x_wconf 84' lang='lat'>‚</span> <span class='ocrx_word' id='word_1_44' title='bbox 1632 783 1670 833; x_wconf 89' lang='grc' dir='ltr'><strong>Ι.</strong></span> <span class='ocrx_word' id='word_1_45' title='bbox 1713 782 1784 831; x_wconf 84' lang='lat' dir='ltr'><strong>ad</strong></span> <span class='ocrx_word' id='word_1_46' title='bbox 1812 783 1942 835; x_wconf 80' lang='lat' dir='ltr'><strong>Cor..</strong></span> 
     </span>
     <span class='ocr_line' id='line_1_8' title="bbox 508 854 1942 920; baseline -0.001 -17"><span class='ocrx_word' id='word_1_47' title='bbox 508 875 532 903; x_wconf 68' lang='lat' dir='ltr'><strong>rr</strong></span> <span class='ocrx_word' id='word_1_48' title='bbox 552 856 831 920; x_wconf 75' lang='lat' dir='ltr'><strong>Quicumque</strong></span> <span class='ocrx_word' id='word_1_49' title='bbox 865 856 1204 906; x_wconf 82' lang='lat' dir='ltr'><strong>manducaverit</strong></span> <span class='ocrx_word' id='word_1_50' title='bbox 1220 869 1385 920; x_wconf 83' lang='lat' dir='ltr'><strong>panem</strong></span> <span class='ocrx_word' id='word_1_51' title='bbox 1402 894 1415 919; x_wconf 90' lang='lat'>,</span> <span class='ocrx_word' id='word_1_52' title='bbox 1445 859 1494 905; x_wconf 86' lang='lat' dir='ltr'><strong>et</strong></span> <span class='ocrx_word' id='word_1_53' title='bbox 1519 854 1685 904; x_wconf 84' lang='lat' dir='ltr'><strong>biberit</strong></span> <span class='ocrx_word' id='word_1_54' title='bbox 1710 854 1895 904; x_wconf 79' lang='lat' dir='ltr'>calicem</span> <span class='ocrx_word' id='word_1_55' title='bbox 1915 854 1942 902; x_wconf 88' lang='lat' dir='ltr'><strong>l]</strong></span> 
     </span>
     <span class='ocr_line' id='line_1_9' title="bbox 508 926 1942 991; baseline -0.001 -16"><span class='ocrx_word' id='word_1_56' title='bbox 508 927 713 991; x_wconf 75' lang='lat' dir='ltr'><strong>indigne,</strong></span> <span class='ocrx_word' id='word_1_57' title='bbox 735 942 838 979; x_wconf 78' lang='lat' dir='ltr'><strong>reus</strong></span> <span class='ocrx_word' id='word_1_58' title='bbox 868 929 953 979; x_wconf 84' lang='lat' dir='ltr'><strong>erit</strong></span> <span class='ocrx_word' id='word_1_59' title='bbox 982 928 1184 991; x_wconf 87' lang='lat' dir='ltr'><strong>corporis</strong></span> <span class='ocrx_word' id='word_1_60' title='bbox 1204 932 1252 978; x_wconf 87' lang='lat' dir='ltr'><strong>et</strong></span> <span class='ocrx_word' id='word_1_61' title='bbox 1277 926 1516 989; x_wconf 82' lang='lat' dir='ltr'>sanguinis</span> <span class='ocrx_word' id='word_1_62' title='bbox 1542 926 1721 976; x_wconf 86' lang='lat' dir='ltr'><strong>Domini</strong></span> <span class='ocrx_word' id='word_1_63' title='bbox 1740 943 1756 989; x_wconf 90' lang='lat'>;</span> <span class='ocrx_word' id='word_1_64' title='bbox 1775 943 1801 973; x_wconf 73' lang='lat' dir='ltr'><strong>&gt;i</strong></span> <span class='ocrx_word' id='word_1_65' title='bbox 1825 926 1942 975; x_wconf 82' lang='lat' dir='ltr'><strong>Gloss</strong></span> 
     </span>
     <span class='ocr_line' id='line_1_10' title="bbox 504 997 1942 1063; baseline -0.003 -16"><span class='ocrx_word' id='word_1_66' title='bbox 504 1003 604 1051; x_wconf 71' lang='lat' dir='ltr'><strong>dem</strong></span> <span class='ocrx_word' id='word_1_67' title='bbox 638 1016 649 1049; x_wconf 90' lang='lat'>:</span> <span class='ocrx_word' id='word_1_68' title='bbox 684 1018 712 1048; x_wconf 89' lang='lat'>«</span> <span class='ocrx_word' id='word_1_69' title='bbox 739 1002 834 1051; x_wconf 89' lang='lat' dir='ltr'><strong>Hoc</strong></span> <span class='ocrx_word' id='word_1_70' title='bbox 858 1006 963 1063; x_wconf 88' lang='lat' dir='ltr'><strong>est,</strong></span> <span class='ocrx_word' id='word_1_71' title='bbox 1002 1014 1056 1051; x_wconf 88' lang='lat' dir='ltr'><strong>ac</strong></span> <span class='ocrx_word' id='word_1_72' title='bbox 1085 1000 1125 1051; x_wconf 91' lang='lat' dir='ltr'><strong>si</strong></span> <span class='ocrx_word' id='word_1_73' title='bbox 1155 1000 1392 1050; x_wconf 80' lang='lat' dir='ltr'><strong>Christum</strong></span> <span class='ocrx_word' id='word_1_74' title='bbox 1430 997 1648 1049; x_wconf 85' lang='lat' dir='ltr'><strong>occiderit</strong></span> <span class='ocrx_word' id='word_1_75' title='bbox 1676 998 1906 1062; x_wconf 84' lang='lat' dir='ltr'><strong>punietur.</strong></span> <span class='ocrx_word' id='word_1_76' title='bbox 1936 1014 1942 1043; x_wconf 68' lang='grc' dir='ltr'><strong><em>ι</em></strong></span> 
     </span>
     <span class='ocr_line' id='line_1_11' title="bbox 508 1068 1942 1135; baseline -0.002 -15"><span class='ocrx_word' id='word_1_77' title='bbox 508 1076 736 1135; x_wconf 73' lang='lat' dir='ltr'><strong>peccatum</strong></span> <span class='ocrx_word' id='word_1_78' title='bbox 759 1073 988 1124; x_wconf 82' lang='lat' dir='ltr'>Christum</span> <span class='ocrx_word' id='word_1_79' title='bbox 1014 1073 1320 1123; x_wconf 83' lang='lat' dir='ltr'><strong>occidentium</strong></span> <span class='ocrx_word' id='word_1_80' title='bbox 1340 1109 1358 1135; x_wconf 89' lang='lat'><em>,</em></span> <span class='ocrx_word' id='word_1_81' title='bbox 1385 1071 1563 1121; x_wconf 87' lang='lat' dir='ltr'><strong>videtur</strong></span> <span class='ocrx_word' id='word_1_82' title='bbox 1592 1071 1735 1121; x_wconf 76' lang='lat' dir='ltr'><strong>fuisse</strong></span> <span class='ocrx_word' id='word_1_83' title='bbox 1761 1068 1942 1133; x_wconf 73' lang='lat' dir='ltr'>gravissi</span> 
     </span>
     <span class='ocr_line' id='line_1_12' title="bbox 0 1142 1942 1210; baseline -0.001 -18"><span class='ocrx_word' id='word_1_84' title='bbox 0 1207 3 1210; x_wconf 19' lang='grc' dir='ltr'>Ι</span> <span class='ocrx_word' id='word_1_85' title='bbox 508 1143 560 1191; x_wconf 74' lang='lat' dir='ltr'><strong>Ei</strong></span> <span class='ocrx_word' id='word_1_86' title='bbox 599 1156 705 1207; x_wconf 81' lang='lat' dir='ltr'><strong>ergo</strong></span> <span class='ocrx_word' id='word_1_87' title='bbox 743 1148 1015 1207; x_wconf 86' lang='lat' dir='ltr'><strong>peccatum,</strong></span> <span class='ocrx_word' id='word_1_88' title='bbox 1036 1143 1127 1208; x_wconf 73' lang='lat' dir='ltr'><strong>quo</strong></span> <span class='ocrx_word' id='word_1_89' title='bbox 1168 1144 1334 1208; x_wconf 88' lang='lat' dir='ltr'><strong>aliquis</strong></span> <span class='ocrx_word' id='word_1_90' title='bbox 1369 1157 1472 1194; x_wconf 88' lang='lat' dir='ltr'><strong>cum</strong></span> <span class='ocrx_word' id='word_1_91' title='bbox 1509 1142 1794 1193; x_wconf 82' lang='lat' dir='ltr'><strong>conscientia</strong></span> <span class='ocrx_word' id='word_1_92' title='bbox 1828 1153 1942 1205; x_wconf 64' lang='lat' dir='ltr'><strong>pecc¹</strong></span> 
     </span>
     <span class='ocr_line' id='line_1_13' title="bbox 0 1214 1802 1278; baseline -0.001 -12"><span class='ocrx_word' id='word_1_93' title='bbox 0 1236 19 1266; x_wconf 76' lang='grc' dir='ltr'><strong>ι·</strong></span> <span class='ocrx_word' id='word_1_94' title='bbox 508 1227 710 1265; x_wconf 79' lang='lat' dir='ltr'><strong>mensam</strong></span> <span class='ocrx_word' id='word_1_95' title='bbox 732 1216 898 1266; x_wconf 79' lang='lat' dir='ltr'><strong>Christi</strong></span> <span class='ocrx_word' id='word_1_96' title='bbox 929 1216 1122 1278; x_wconf 85' lang='lat' dir='ltr'><strong>accedit,</strong></span> <span class='ocrx_word' id='word_1_97' title='bbox 1147 1215 1325 1266; x_wconf 84' lang='lat' dir='ltr'><strong>videtur</strong></span> <span class='ocrx_word' id='word_1_98' title='bbox 1347 1228 1446 1266; x_wconf 82' lang='lat' dir='ltr'><strong>esse</strong></span> <span class='ocrx_word' id='word_1_99' title='bbox 1465 1214 1802 1277; x_wconf 81' lang='lat' dir='ltr'><strong>gravissimum.</strong></span> 
     </span>
    </p>

    <p class='ocr_par' dir='ltr' id='par_1_5' title="bbox 104 1284 1942 1993">
     <span class='ocr_line' id='line_1_14' title="bbox 104 1284 1942 1351; baseline -0.004 -15"><span class='ocrx_word' id='word_1_100' title='bbox 104 1308 106 1316; x_wconf 95' lang='lat'><em>·</em></span> <span class='ocrx_word' id='word_1_101' title='bbox 572 1290 614 1336; x_wconf 78' lang='lat'><strong>2.</strong></span> <span class='ocrx_word' id='word_1_102' title='bbox 634 1287 860 1337; x_wconf 86' lang='lat' dir='ltr'><strong>Praeterea</strong></span> <span class='ocrx_word' id='word_1_103' title='bbox 874 1325 888 1350; x_wconf 89' lang='lat'><strong>,</strong></span> <span class='ocrx_word' id='word_1_104' title='bbox 908 1288 1215 1351; x_wconf 74' lang='lat' dir='ltr'><strong>Hieronymus</strong></span> <span class='ocrx_word' id='word_1_105' title='bbox 1243 1286 1352 1336; x_wconf 84' lang='lat' dir='ltr'><strong>dicit</strong></span> <span class='ocrx_word' id='word_1_106' title='bbox 1372 1286 1420 1336; x_wconf 92' lang='lat' dir='ltr'><strong>in</strong></span> <span class='ocrx_word' id='word_1_107' title='bbox 1442 1286 1634 1349; x_wconf 85' lang='lat' dir='ltr'><strong>quadam</strong></span> <span class='ocrx_word' id='word_1_108' title='bbox 1659 1284 1865 1349; x_wconf 81' lang='lat' dir='ltr'><strong>Epistola</strong></span> <span class='ocrx_word' id='word_1_109' title='bbox 1896 1300 1908 1332; x_wconf 91' lang='lat'><strong>:</strong></span> <span class='ocrx_word' id='word_1_110' title='bbox 1933 1303 1942 1329; x_wconf 69' lang='grc' dir='ltr'>ι</span> 
     </span>
     <span class='ocr_line' id='line_1_15' title="bbox 508 1356 1942 1422; baseline -0.001 -15"><span class='ocrx_word' id='word_1_111' title='bbox 508 1356 589 1407; x_wconf 78' lang='lat' dir='ltr'><strong>tihi</strong></span> <span class='ocrx_word' id='word_1_112' title='bbox 626 1371 727 1407; x_wconf 86' lang='lat' dir='ltr'><strong>cum</strong></span> <span class='ocrx_word' id='word_1_113' title='bbox 765 1359 993 1420; x_wconf 81' lang='lat' dir='ltr'><strong>foeminis,</strong></span> <span class='ocrx_word' id='word_1_114' title='bbox 1028 1359 1108 1422; x_wconf 85' lang='lat' dir='ltr'><strong>qui</strong></span> <span class='ocrx_word' id='word_1_115' title='bbox 1137 1360 1193 1408; x_wconf 86' lang='lat' dir='ltr'><strong>ad</strong></span> <span class='ocrx_word' id='word_1_116' title='bbox 1230 1358 1367 1409; x_wconf 87' lang='lat' dir='ltr'><strong>altare</strong></span> <span class='ocrx_word' id='word_1_117' title='bbox 1389 1361 1496 1407; x_wconf 70' lang='lat' dir='ltr'><strong>&#39;cum</strong></span> <span class='ocrx_word' id='word_1_118' title='bbox 1523 1358 1615 1407; x_wconf 88' lang='lat' dir='ltr'><strong>Deo</strong></span> <span class='ocrx_word' id='word_1_119' title='bbox 1651 1356 1942 1407; x_wconf 72' lang='lat' dir='ltr'><strong>fabularis‘lc&#39;</strong></span> 
     </span>
     <span class='ocr_line' id='line_1_16' title="bbox 508 1428 1935 1495; baseline 0.001 -20"><span class='ocrx_word' id='word_1_120' title='bbox 508 1428 694 1493; x_wconf 70' lang='lat' dir='ltr'><strong>rerdoS,</strong></span> <span class='ocrx_word' id='word_1_121' title='bbox 734 1430 808 1480; x_wconf 87' lang='lat' dir='ltr'><strong>dic</strong></span> <span class='ocrx_word' id='word_1_122' title='bbox 836 1430 1028 1494; x_wconf 86' lang='lat' dir='ltr'><strong>clerice,</strong></span> <span class='ocrx_word' id='word_1_123' title='bbox 1058 1430 1254 1495; x_wconf 85' lang='lat' dir='ltr'><strong>qualiter</strong></span> <span class='ocrx_word' id='word_1_124' title='bbox 1287 1429 1462 1481; x_wconf 87' lang='lat' dir='ltr'><strong>eisdem</strong></span> <span class='ocrx_word' id='word_1_125' title='bbox 1489 1428 1624 1479; x_wconf 85' lang='lat' dir='ltr'><strong>labiis</strong></span> <span class='ocrx_word' id='word_1_126' title='bbox 1651 1428 1827 1479; x_wconf 82' lang='lat' dir='ltr'><strong>Filium·</strong></span> <span class='ocrx_word' id='word_1_127' title='bbox 1854 1428 1935 1479; x_wconf 87' lang='lat' dir='ltr'><strong>Dei</strong></span> 
     </span>
     <span class='ocr_line' id='line_1_17' title="bbox 508 1499 1920 1564; baseline 0.001 -17"><span class='ocrx_word' id='word_1_128' title='bbox 508 1499 615 1550; x_wconf 73' lang='lat' dir='ltr'><strong>laris</strong></span> <span class='ocrx_word' id='word_1_129' title='bbox 629 1537 646 1563; x_wconf 88' lang='lat'>‚</span> <span class='ocrx_word' id='word_1_130' title='bbox 667 1502 833 1564; x_wconf 89' lang='lat' dir='ltr'><strong>quibus</strong></span> <span class='ocrx_word' id='word_1_131' title='bbox 862 1502 1091 1553; x_wconf 87' lang='lat' dir='ltr'><strong>osculatus</strong></span> <span class='ocrx_word' id='word_1_132' title='bbox 1115 1516 1166 1553; x_wconf 88' lang='lat' dir='ltr'><strong>es</strong></span> <span class='ocrx_word' id='word_1_133' title='bbox 1201 1501 1320 1551; x_wconf 84' lang='lat' dir='ltr'><strong>labia</strong></span> <span class='ocrx_word' id='word_1_134' title='bbox 1353 1499 1630 1552; x_wconf 78' lang='lat' dir='ltr'><strong>meretricis?</strong></span> <span class='ocrx_word' id='word_1_135' title='bbox 1653 1501 1767 1550; x_wconf 91' lang='lat' dir='ltr'><strong>Cum</strong></span> <span class='ocrx_word' id='word_1_136' title='bbox 1789 1500 1920 1562; x_wconf 73' lang='lat' dir='ltr'><strong>luda,</strong></span> 
     </span>
     <span class='ocr_line' id='line_1_18' title="bbox 508 1570 1942 1625; baseline 0 -6"><span class='ocrx_word' id='word_1_137' title='bbox 508 1571 670 1621; x_wconf 79' lang='lat' dir='ltr'><strong>Filium</strong></span> <span class='ocrx_word' id='word_1_138' title='bbox 696 1574 895 1625; x_wconf 86' lang='lat' dir='ltr'><strong>hominis</strong></span> <span class='ocrx_word' id='word_1_139' title='bbox 920 1574 1079 1624; x_wconf 80' lang='lat' dir='ltr'><strong>tradis,</strong></span> <span class='ocrx_word' id='word_1_140' title='bbox 1116 1590 1143 1621; x_wconf 75' lang='lat' dir='ltr'><strong>n</strong></span> <span class='ocrx_word' id='word_1_141' title='bbox 1165 1575 1224 1623; x_wconf 88' lang='lat' dir='ltr'><strong>Et</strong></span> <span class='ocrx_word' id='word_1_142' title='bbox 1256 1574 1320 1623; x_wconf 89' lang='lat' dir='ltr'><strong>sic</strong></span> <span class='ocrx_word' id='word_1_143' title='bbox 1346 1572 1526 1622; x_wconf 84' lang='lat' dir='ltr'><strong>videtur</strong></span> <span class='ocrx_word' id='word_1_144' title='bbox 1548 1570 1797 1622; x_wconf 82' lang='lat' dir='ltr'><strong>fornicator</strong></span> <span class='ocrx_word' id='word_1_145' title='bbox 1823 1571 1882 1622; x_wconf 84' lang='lat' dir='ltr'><strong>ad</strong></span> <span class='ocrx_word' id='word_1_146' title='bbox 1903 1584 1942 1619; x_wconf 88' lang='lat' dir='ltr'><strong>m</strong></span> 
     </span>
     <span class='ocr_line' id='line_1_19' title="bbox 512 1642 1942 1709; baseline -0.003 -18"><span class='ocrx_word' id='word_1_147' title='bbox 512 1642 677 1694; x_wconf 76' lang='lat' dir='ltr'><strong>Christi</strong></span> <span class='ocrx_word' id='word_1_148' title='bbox 695 1646 914 1695; x_wconf 83' lang='lat' dir='ltr'><strong>accedens</strong></span> <span class='ocrx_word' id='word_1_149' title='bbox 940 1658 1129 1709; x_wconf 80' lang='lat' dir='ltr'><strong>peccare</strong></span> <span class='ocrx_word' id='word_1_150' title='bbox 1144 1682 1157 1705; x_wconf 91' lang='lat'>‚</span> <span class='ocrx_word' id='word_1_151' title='bbox 1173 1644 1291 1695; x_wconf 87' lang='lat' dir='ltr'><strong>sicut</strong></span> <span class='ocrx_word' id='word_1_152' title='bbox 1310 1643 1449 1693; x_wconf 86' lang='lat' dir='ltr'><strong>Judas</strong></span> <span class='ocrx_word' id='word_1_153' title='bbox 1465 1642 1700 1706; x_wconf 85' lang='lat' dir='ltr'><strong>peccavit,</strong></span> <span class='ocrx_word' id='word_1_154' title='bbox 1720 1643 1856 1707; x_wconf 88' lang='lat' dir='ltr'><strong>cujus</strong></span> <span class='ocrx_word' id='word_1_155' title='bbox 1876 1655 1942 1706; x_wconf 72' lang='lat' dir='ltr'><strong>pe«</strong></span> 
     </span>
     <span class='ocr_line' id='line_1_20' title="bbox 512 1714 1942 1779; baseline 0 -16"><span class='ocrx_word' id='word_1_156' title='bbox 512 1715 596 1765; x_wconf 78' lang='lat' dir='ltr'><strong>fuit</strong></span> <span class='ocrx_word' id='word_1_157' title='bbox 624 1717 958 1779; x_wconf 79' lang='lat' dir='ltr'><strong>gravissimum.</strong></span> <span class='ocrx_word' id='word_1_158' title='bbox 983 1716 1073 1768; x_wconf 89' lang='lat' dir='ltr'><strong>Sed</strong></span> <span class='ocrx_word' id='word_1_159' title='bbox 1103 1718 1247 1766; x_wconf 84' lang='lat' dir='ltr'><strong>multa</strong></span> <span class='ocrx_word' id='word_1_160' title='bbox 1273 1715 1362 1766; x_wconf 86' lang='lat' dir='ltr'><strong>alia</strong></span> <span class='ocrx_word' id='word_1_161' title='bbox 1385 1718 1571 1778; x_wconf 86' lang='lat' dir='ltr'><strong>peccata</strong></span> <span class='ocrx_word' id='word_1_162' title='bbox 1591 1718 1697 1765; x_wconf 84' lang='lat' dir='ltr'><strong>sunt</strong></span> <span class='ocrx_word' id='word_1_163' title='bbox 1723 1714 1942 1778; x_wconf 83' lang='lat' dir='ltr'><strong>graviora</strong></span> 
     </span>
     <span class='ocr_line' id='line_1_21' title="bbox 516 1785 1942 1853; baseline -0.004 -14"><span class='ocrx_word' id='word_1_164' title='bbox 516 1794 748 1851; x_wconf 72' lang='lat' dir='ltr'><strong>peccatum</strong></span> <span class='ocrx_word' id='word_1_165' title='bbox 768 1789 1156 1853; x_wconf 82' lang='lat' dir='ltr'><strong>fornicationis,et</strong></span> <span class='ocrx_word' id='word_1_166' title='bbox 1174 1786 1401 1852; x_wconf 69' lang='lat' dir='ltr'><strong>praecipue</strong></span> <span class='ocrx_word' id='word_1_167' title='bbox 1419 1790 1652 1850; x_wconf 86' lang='lat' dir='ltr'><strong>peccatum</strong></span> <span class='ocrx_word' id='word_1_168' title='bbox 1673 1785 1942 1836; x_wconf 82' lang='lat' dir='ltr'><strong>infidelitati.</strong></span> 
     </span>
     <span class='ocr_line' id='line_1_22' title="bbox 512 1858 1942 1942; baseline -0.001 -35"><span class='ocrx_word' id='word_1_169' title='bbox 512 1859 752 1923; x_wconf 66' lang='lat' dir='ltr'><strong>cujiislibet</strong></span> <span class='ocrx_word' id='word_1_170' title='bbox 780 1861 1034 1942; x_wconf 76' lang='lat' dir='ltr'><strong>peccatoris</strong></span> <span class='ocrx_word' id='word_1_171' title='bbox 1060 1861 1115 1910; x_wconf 91' lang='lat' dir='ltr'><strong>ad</strong></span> <span class='ocrx_word' id='word_1_172' title='bbox 1145 1872 1348 1912; x_wconf 86' lang='lat' dir='ltr'><strong>mensam</strong></span> <span class='ocrx_word' id='word_1_173' title='bbox 1375 1858 1548 1909; x_wconf 85' lang='lat' dir='ltr'><strong>Christi</strong></span> <span class='ocrx_word' id='word_1_174' title='bbox 1582 1859 1844 1909; x_wconf 86' lang='lat' dir='ltr'><strong>accedentis</strong></span> <span class='ocrx_word' id='word_1_175' title='bbox 1867 1869 1942 1921; x_wconf 80' lang='lat' dir='ltr'><strong>pec</strong></span> 
     </span>
     <span class='ocr_line' id='line_1_23' title="bbox 512 1932 941 1993; baseline 0.005 -14"><span class='ocrx_word' id='word_1_176' title='bbox 512 1935 583 1979; x_wconf 76' lang='lat' dir='ltr'><strong>est</strong></span> <span class='ocrx_word' id='word_1_177' title='bbox 604 1932 941 1993; x_wconf 80' lang='lat' dir='ltr'><strong>gravissimum.</strong></span> 
     </span>
    </p>

    <p class='ocr_par' dir='ltr' id='par_1_6' title="bbox 512 2000 1942 2415">
     <span class='ocr_line' id='line_1_24' title="bbox 576 2000 1932 2068; baseline -0.001 -17"><span class='ocrx_word' id='word_1_178' title='bbox 576 2006 622 2052; x_wconf 79' lang='lat'><strong>3.</strong></span> <span class='ocrx_word' id='word_1_179' title='bbox 646 2003 887 2068; x_wconf 84' lang='lat' dir='ltr'><strong>Praeterea,</strong></span> <span class='ocrx_word' id='word_1_180' title='bbox 916 2003 1062 2067; x_wconf 85' lang='lat' dir='ltr'><strong>magis</strong></span> <span class='ocrx_word' id='word_1_181' title='bbox 1086 2008 1158 2055; x_wconf 85' lang='lat' dir='ltr'><strong>est</strong></span> <span class='ocrx_word' id='word_1_182' title='bbox 1185 2002 1499 2055; x_wconf 86' lang='lat' dir='ltr'><strong>abominabilis</strong></span> <span class='ocrx_word' id='word_1_183' title='bbox 1527 2002 1618 2053; x_wconf 83' lang='lat' dir='ltr'><strong>Deo</strong></span> <span class='ocrx_word' id='word_1_184' title='bbox 1644 2000 1932 2051; x_wconf 82' lang='lat' dir='ltr'><strong>immunditia</strong></span> 
     </span>
     <span class='ocr_line' id='line_1_25' title="bbox 516 2073 1942 2139; baseline -0.001 -16"><span class='ocrx_word' id='word_1_185' title='bbox 516 2073 677 2134; x_wconf 74' lang='lat' dir='ltr'><strong>tualis,</strong></span> <span class='ocrx_word' id='word_1_186' title='bbox 704 2073 840 2137; x_wconf 71' lang='lat' dir='ltr'><strong>quam</strong></span> <span class='ocrx_word' id='word_1_187' title='bbox 877 2076 1123 2139; x_wconf 85' lang='lat' dir='ltr'><strong>corporalis</strong></span> <span class='ocrx_word' id='word_1_188' title='bbox 1156 2092 1167 2124; x_wconf 76' lang='grc' dir='ltr'><strong>ε</strong></span> <span class='ocrx_word' id='word_1_189' title='bbox 1194 2076 1276 2127; x_wconf 86' lang='lat' dir='ltr'><strong>sed</strong></span> <span class='ocrx_word' id='word_1_190' title='bbox 1311 2075 1351 2126; x_wconf 86' lang='lat' dir='ltr'><strong>si</strong></span> <span class='ocrx_word' id='word_1_191' title='bbox 1376 2073 1620 2139; x_wconf 83' lang='lat' dir='ltr'><strong>projiceret</strong></span> <span class='ocrx_word' id='word_1_192' title='bbox 1652 2086 1824 2137; x_wconf 85' lang='lat' dir='ltr'><strong>corpus</strong></span> <span class='ocrx_word' id='word_1_193' title='bbox 1864 2074 1942 2123; x_wconf 81' lang='lat' dir='ltr'><strong>Chi</strong></span> 
     </span>
     <span class='ocr_line' id='line_1_26' title="bbox 516 2146 1942 2213; baseline -0.001 -18"><span class='ocrx_word' id='word_1_194' title='bbox 516 2147 657 2195; x_wconf 78' lang='lat' dir='ltr'><strong>lutum</strong></span> <span class='ocrx_word' id='word_1_195' title='bbox 694 2147 769 2197; x_wconf 83' lang='lat' dir='ltr'><strong>vel</strong></span> <span class='ocrx_word' id='word_1_196' title='bbox 804 2148 1136 2212; x_wconf 82' lang='lat' dir='ltr'><strong>sterquilinium</strong></span> <span class='ocrx_word' id='word_1_197' title='bbox 1155 2187 1168 2210; x_wconf 93' lang='lat'>‚</span> <span class='ocrx_word' id='word_1_198' title='bbox 1209 2148 1526 2213; x_wconf 84' lang='lat' dir='ltr'><strong>gravissimum</strong></span> <span class='ocrx_word' id='word_1_199' title='bbox 1562 2150 1846 2210; x_wconf 82' lang='lat' dir='ltr'><strong>reputaretur</strong></span> <span class='ocrx_word' id='word_1_200' title='bbox 1872 2146 1942 2208; x_wconf 83' lang='lat' dir='ltr'><strong>eju</strong></span> 
     </span>
     <span class='ocr_line' id='line_1_27' title="bbox 512 2220 1942 2287; baseline -0.001 -20"><span class='ocrx_word' id='word_1_201' title='bbox 512 2222 681 2269; x_wconf 74' lang='lat' dir='ltr'><strong>catum.</strong></span> <span class='ocrx_word' id='word_1_202' title='bbox 706 2220 823 2283; x_wconf 83' lang='lat' dir='ltr'><strong>Ergo</strong></span> <span class='ocrx_word' id='word_1_203' title='bbox 837 2220 1022 2283; x_wconf 74' lang='lat' dir='ltr'><strong>gravius</strong></span> <span class='ocrx_word' id='word_1_204' title='bbox 1040 2225 1198 2287; x_wconf 85' lang='lat' dir='ltr'><strong>peccat</strong></span> <span class='ocrx_word' id='word_1_205' title='bbox 1211 2257 1226 2284; x_wconf 90' lang='lat'>‚</span> <span class='ocrx_word' id='word_1_206' title='bbox 1245 2220 1286 2271; x_wconf 87' lang='lat' dir='ltr'><strong>si</strong></span> <span class='ocrx_word' id='word_1_207' title='bbox 1307 2221 1456 2284; x_wconf 88' lang='lat' dir='ltr'><strong>ipsum</strong></span> <span class='ocrx_word' id='word_1_208' title='bbox 1479 2221 1629 2269; x_wconf 87' lang='lat' dir='ltr'><strong>sumat</strong></span> <span class='ocrx_word' id='word_1_209' title='bbox 1646 2231 1750 2268; x_wconf 88' lang='lat' dir='ltr'><strong>cum</strong></span> <span class='ocrx_word' id='word_1_210' title='bbox 1767 2222 1942 2281; x_wconf 71' lang='lat' dir='ltr'><strong>peccate</strong></span> 
     </span>
     <span class='ocr_line' id='line_1_28' title="bbox 516 2291 1942 2357; baseline 0.002 -19"><span class='ocrx_word' id='word_1_211' title='bbox 516 2295 585 2339; x_wconf 71' lang='lat' dir='ltr'><strong>est</strong></span> <span class='ocrx_word' id='word_1_212' title='bbox 615 2291 908 2344; x_wconf 85' lang='lat' dir='ltr'><strong>immunditia</strong></span> <span class='ocrx_word' id='word_1_213' title='bbox 935 2293 1184 2357; x_wconf 87' lang='lat' dir='ltr'><strong>spiritualis</strong></span> <span class='ocrx_word' id='word_1_214' title='bbox 1217 2308 1229 2341; x_wconf 78' lang='lat' dir='ltr'><strong><em>z</em></strong></span> <span class='ocrx_word' id='word_1_215' title='bbox 1265 2305 1374 2355; x_wconf 83' lang='lat' dir='ltr'><strong>ergo</strong></span> <span class='ocrx_word' id='word_1_216' title='bbox 1398 2293 1487 2342; x_wconf 84' lang='lat' dir='ltr'><strong>hoc</strong></span> <span class='ocrx_word' id='word_1_217' title='bbox 1522 2294 1764 2355; x_wconf 84' lang='lat' dir='ltr'><strong>peccatum</strong></span> <span class='ocrx_word' id='word_1_218' title='bbox 1799 2294 1874 2341; x_wconf 89' lang='lat' dir='ltr'><strong>est</strong></span> <span class='ocrx_word' id='word_1_219' title='bbox 1897 2304 1942 2353; x_wconf 79' lang='lat' dir='ltr'><strong>gr</strong></span> 
     </span>
     <span class='ocr_line' id='line_1_29' title="bbox 512 2378 656 2415; baseline 0.028 -4"><span class='ocrx_word' id='word_1_220' title='bbox 512 2378 656 2415; x_wconf 85' lang='lat' dir='ltr'><strong>mum.</strong></span> 
     </span>
    </p>

    <p class='ocr_par' dir='ltr' id='par_1_7' title="bbox 512 2434 1942 2863">
     <span class='ocr_line' id='line_1_30' title="bbox 576 2434 1942 2503; baseline -0.004 -14"><span class='ocrx_word' id='word_1_221' title='bbox 576 2439 668 2489; x_wconf 86' lang='lat' dir='ltr'><strong>Sed</strong></span> <span class='ocrx_word' id='word_1_222' title='bbox 701 2442 858 2489; x_wconf 85' lang='lat' dir='ltr'><strong>contra</strong></span> <span class='ocrx_word' id='word_1_223' title='bbox 889 2442 979 2503; x_wconf 85' lang='lat' dir='ltr'><strong>est,</strong></span> <span class='ocrx_word' id='word_1_224' title='bbox 1007 2439 1127 2503; x_wconf 88' lang='lat' dir='ltr'><strong>quod</strong></span> <span class='ocrx_word' id='word_1_225' title='bbox 1155 2451 1292 2503; x_wconf 82' lang='lat' dir='ltr'><strong>super</strong></span> <span class='ocrx_word' id='word_1_226' title='bbox 1320 2438 1432 2488; x_wconf 89' lang='lat' dir='ltr'><strong>illud</strong></span> <span class='ocrx_word' id='word_1_227' title='bbox 1455 2438 1620 2495; x_wconf 73' lang='lat' dir='ltr'><strong>Joan„</strong></span> <span class='ocrx_word' id='word_1_228' title='bbox 1640 2436 1717 2487; x_wconf 85' lang='lat' dir='ltr'><strong>XV</strong></span> <span class='ocrx_word' id='word_1_229' title='bbox 1749 2452 1761 2485; x_wconf 91' lang='lat'>:</span> <span class='ocrx_word' id='word_1_230' title='bbox 1790 2452 1819 2484; x_wconf 76' lang='lat' dir='ltr'><strong>t(</strong></span> <span class='ocrx_word' id='word_1_231' title='bbox 1845 2434 1895 2485; x_wconf 89' lang='lat' dir='ltr'><strong>Si</strong></span> <span class='ocrx_word' id='word_1_232' title='bbox 1921 2447 1942 2485; x_wconf 87' lang='lat' dir='ltr'><strong>n</strong></span> 
     </span>
     <span class='ocr_line' id='line_1_31' title="bbox 512 2507 1941 2573; baseline -0.002 -14"><span class='ocrx_word' id='word_1_233' title='bbox 512 2507 685 2559; x_wconf 68' lang='lat' dir='ltr'><strong>‘trissem</strong></span> <span class='ocrx_word' id='word_1_234' title='bbox 708 2513 756 2559; x_wconf 85' lang='lat' dir='ltr'><strong>et</strong></span> <span class='ocrx_word' id='word_1_235' title='bbox 778 2509 958 2559; x_wconf 86' lang='lat' dir='ltr'><strong>locutus</strong></span> <span class='ocrx_word' id='word_1_236' title='bbox 983 2511 1050 2561; x_wconf 88' lang='lat' dir='ltr'><strong>eis</strong></span> <span class='ocrx_word' id='word_1_237' title='bbox 1077 2512 1169 2560; x_wconf 81' lang='lat' dir='ltr'><strong>nori</strong></span> <span class='ocrx_word' id='word_1_238' title='bbox 1198 2509 1418 2573; x_wconf 81' lang='lat' dir='ltr'><strong>fuissem,</strong></span> <span class='ocrx_word' id='word_1_239' title='bbox 1442 2513 1682 2573; x_wconf 86' lang='lat' dir='ltr'><strong>peccatum</strong></span> <span class='ocrx_word' id='word_1_240' title='bbox 1708 2520 1800 2557; x_wconf 89' lang='lat' dir='ltr'><strong>non</strong></span> <span class='ocrx_word' id='word_1_241' title='bbox 1830 2508 1941 2557; x_wconf 84' lang='lat' dir='ltr'><strong>habe</strong></span> 
     </span>
     <span class='ocr_line' id='line_1_32' title="bbox 516 2578 1942 2645; baseline -0.002 -14"><span class='ocrx_word' id='word_1_242' title='bbox 516 2581 624 2631; x_wconf 74' lang='lat' dir='ltr'><strong>dicit</strong></span> <span class='ocrx_word' id='word_1_243' title='bbox 651 2580 929 2644; x_wconf 82' lang='lat' dir='ltr'><strong>Augustinus</strong></span> <span class='ocrx_word' id='word_1_244' title='bbox 965 2581 984 2645; x_wconf 95' lang='lat'>(</span> <span class='ocrx_word' id='word_1_245' title='bbox 1008 2583 1157 2633; x_wconf 85' lang='lat' dir='ltr'><strong>Tract.</strong></span> <span class='ocrx_word' id='word_1_246' title='bbox 1183 2581 1300 2631; x_wconf 84' lang='lat' dir='ltr'><strong>vlu.</strong></span> <span class='ocrx_word' id='word_1_247' title='bbox 1343 2583 1396 2630; x_wconf 81' lang='lat' dir='ltr'><strong>in</strong></span> <span class='ocrx_word' id='word_1_248' title='bbox 1423 2583 1568 2631; x_wconf 82' lang='lat' dir='ltr'><strong>Joan.</strong></span> <span class='ocrx_word' id='word_1_249' title='bbox 1593 2581 1634 2644; x_wconf 87' lang='lat'><strong>),</strong></span> <span class='ocrx_word' id='word_1_250' title='bbox 1655 2581 1746 2630; x_wconf 85' lang='lat' dir='ltr'><strong>hoc</strong></span> <span class='ocrx_word' id='word_1_251' title='bbox 1768 2578 1942 2640; x_wconf 59' lang='lat' dir='ltr'><strong>intellig</strong></span> 
     </span>
     <span class='ocr_line' id='line_1_33' title="bbox 516 2653 1942 2717; baseline -0.004 -14"><span class='ocrx_word' id='word_1_252' title='bbox 516 2665 615 2703; x_wconf 77' lang='lat' dir='ltr'><strong>esse</strong></span> <span class='ocrx_word' id='word_1_253' title='bbox 641 2653 698 2703; x_wconf 89' lang='lat' dir='ltr'><strong>de</strong></span> <span class='ocrx_word' id='word_1_254' title='bbox 717 2657 903 2717; x_wconf 84' lang='lat' dir='ltr'><strong>peccato</strong></span> <span class='ocrx_word' id='word_1_255' title='bbox 925 2653 1206 2705; x_wconf 85' lang='lat' dir='ltr'><strong>infidelitatis</strong></span> <span class='ocrx_word' id='word_1_256' title='bbox 1223 2691 1241 2717; x_wconf 90' lang='lat'><strong><em>,</em></strong></span> <span class='ocrx_word' id='word_1_257' title='bbox 1260 2666 1352 2717; x_wconf 88' lang='lat' dir='ltr'><strong>quo</strong></span> <span class='ocrx_word' id='word_1_258' title='bbox 1383 2670 1411 2702; x_wconf 75' lang='grc' dir='ltr'>α</span> <span class='ocrx_word' id='word_1_259' title='bbox 1431 2656 1647 2704; x_wconf 85' lang='lat' dir='ltr'><strong>tenentur</strong></span> <span class='ocrx_word' id='word_1_260' title='bbox 1672 2656 1836 2702; x_wconf 83' lang='lat' dir='ltr'><strong>cuncta</strong></span> <span class='ocrx_word' id='word_1_261' title='bbox 1859 2664 1942 2715; x_wconf 81' lang='lat' dir='ltr'><strong>pec</strong></span> 
     </span>
     <span class='ocr_line' id='line_1_34' title="bbox 516 2722 1942 2790; baseline -0.001 -15"><span class='ocrx_word' id='word_1_262' title='bbox 516 2727 572 2775; x_wconf 79' lang='lat' dir='ltr'><strong>Et</strong></span> <span class='ocrx_word' id='word_1_263' title='bbox 588 2726 654 2775; x_wconf 89' lang='lat' dir='ltr'><strong>ita</strong></span> <span class='ocrx_word' id='word_1_264' title='bbox 691 2726 870 2775; x_wconf 81' lang='lat' dir='ltr'><strong>videtur</strong></span> <span class='ocrx_word' id='word_1_265' title='bbox 889 2727 977 2777; x_wconf 90' lang='lat' dir='ltr'><strong>hoc</strong></span> <span class='ocrx_word' id='word_1_266' title='bbox 1005 2732 1240 2790; x_wconf 84' lang='lat' dir='ltr'><strong>peccatum</strong></span> <span class='ocrx_word' id='word_1_267' title='bbox 1259 2739 1352 2777; x_wconf 88' lang='lat' dir='ltr'><strong>non</strong></span> <span class='ocrx_word' id='word_1_268' title='bbox 1372 2738 1472 2777; x_wconf 84' lang='lat' dir='ltr'><strong>esse</strong></span> <span class='ocrx_word' id='word_1_269' title='bbox 1499 2722 1838 2789; x_wconf 78' lang='lat' dir='ltr'><strong>gravissimum,</strong></span> <span class='ocrx_word' id='word_1_270' title='bbox 1868 2723 1942 2774; x_wconf 85' lang='lat' dir='ltr'><strong>sed</strong></span> 
     </span>
     <span class='ocr_line' id='line_1_35' title="bbox 516 2796 1074 2863; baseline 0.004 -16"><span class='ocrx_word' id='word_1_271' title='bbox 516 2802 747 2863; x_wconf 76' lang='lat' dir='ltr'><strong>peccatum</strong></span> <span class='ocrx_word' id='word_1_272' title='bbox 776 2796 1074 2849; x_wconf 78' lang='lat' dir='ltr'><strong>infidelitatis.</strong></span> 
     </span>
    </p>

    <p class='ocr_par' dir='ltr' id='par_1_8' title="bbox 581 2868 1942 2932">
     <span class='ocr_line' id='line_1_36' title="bbox 581 2868 1942 2932; baseline -0.002 -11"><span class='ocrx_word' id='word_1_273' title='bbox 581 2870 906 2932; x_wconf 74' lang='lat' dir='ltr'><strong>(Coucmsio.</strong></span> <span class='ocrx_word' id='word_1_274' title='bbox 944 2896 1006 2909; x_wconf 91' lang='grc'>-</span> <span class='ocrx_word' id='word_1_275' title='bbox 1033 2872 1273 2922; x_wconf 84' lang='lat' dir='ltr'><strong>Peccatum</strong></span> <span class='ocrx_word' id='word_1_276' title='bbox 1314 2868 1631 2921; x_wconf 82' lang='lat' dir='ltr'><strong>accedentium</strong></span> <span class='ocrx_word' id='word_1_277' title='bbox 1676 2870 1735 2921; x_wconf 86' lang='lat' dir='ltr'><strong>ad</strong></span> <span class='ocrx_word' id='word_1_278' title='bbox 1780 2880 1942 2920; x_wconf 82' lang='lat' dir='ltr'><strong>sacram</strong></span> 
     </span>
    </p>
   </div>
   <div class='ocr_carea' id='block_1_5' title="bbox 0 1637 307 3278">
    <p class='ocr_par' dir='ltr' id='par_1_9' title="bbox 0 1637 307 3278">
     <span class='ocr_line' id='line_1_37' title="bbox 0 1637 307 3278; baseline 0 0"><span class='ocrx_word' id='word_1_279' title='bbox 0 1637 307 3278; x_wconf 95' lang='lat' dir='ltr'><strong> </strong></span> 
     </span>
    </p>
   </div>
  </div>
 </body>
</html>
