1942 3284
238 198 270 241 oa
284 196 416 240 cucurrere
432 198 632 236 sarrsrrcrausrs.
783 193 829 239 677

330 384 491 436 suffectus
505 386 534 436 ΙΙ.

40 511 134 558 ctiam
146 508 235 565 uliquis
251 509 280 553 de
297 510 348 554 ittis
359 509 471 565 peccatis,
485 521 537 565 qao
551 508 595 554 etot
607 504 650 567 ner
666 470 833 567 contritionem

62 573 167 681 aimoin
179 572 295 627 suerum,
307 571 444 625 satisfacere
452 572 532 627 possit,
542 574 611 616 eain
623 570 764 620 charitatem
772 576 834 621 exis·

74 647 129 681 em.

68 761 106 811 ni
116 760 250 811 -sccundurn
262 757 445 821 sic'procaditur.
459 758 554 809 Videtur
568 758 628 822 quoi
640 760 720 826 quide
728 763 834 815 omnibns

34 830 142 896 peccatis
156 830 267 881 contritus
278 828 322 879 fuit
337 826 412 892 ariis,
427 832 451 879 et
463 831 543 890 postca
559 829 584 878 in
604 836 719 893 omium
739 832 833 896 incidit;

36 904 65 951 de
84 900 139 951 aliis
155 899 270 964 peccatis,
285 912 337 963 qua
350 896 393 954 sini
406 912 448 962 per
459 897 618 951 contritionem
628 899 833 962 nunsafuerout.

37 972 172 1022 satisfacere
185 970 257 1034 possit
270 974 334 1021 citra
343 968 475 1023 etiamtum
484 969 588 1034 existam
598 970 673 1021 :dixit
682 970 743 1021 enim
756 973 835 1024 Daniel

37 1041 256 1101 Nabuchodonosor,
268 1038 377 1096 Daniel„
388 1040 434 1089 tv:
447 1056 463 1089 a
471 1040 574 1097 Peccata
584 1041 783 1105 mnemosyni
795 1056 836 1093 rc·

38 1112 108 1162 dimo.
128 1126 144 1159 e
158 1111 202 1163 Sed
221 1112 269 1175 ipse
287 1111 361 1163 adhuc
377 1115 483 1175 oeoeaur
504 1114 568 1173 aaut,
581 1111 644 1175 anot
658 1124 756 1174 saonem
769 1125 836 1176 pana
909 1139 915 1149 ·

39 1181 190 1232 demonstrat.
205 1180 263 1245 Ergo
274 1184 350 1245 potest
364 1179 387 1228 in
401 1180 603 1244 saraceniscus
609 1180 750 1234 satanam.

70 1256 96 1301 a.
117 1254 253 1303 Praetcrca:
275 1268 289 1299 a
302 1252 373 1303 Nemo
389 1250 432 1301 scit
446 1251 520 1309 unior
535 1263 624 1312 amore,
642 1264 673 1301 en
685 1252 737 1303 otio
754 1253 839 1314 tignus

39 1323 83 1381 sit,
100 1339 115 1370 o
127 1322 233 1382 ficales,
245 1322 286 1373 rx.
299 1322 324 1372 Si
336 1334 390 1385 crgo
402 1334 449 1373 uon
464 1321 538 1386 possit
550 1320 601 1374 iteri
611 1321 737 1374 satisfactio
749 1322 836 1375 nisiae

39 1406 82 1455 co,
96 1395 140 1457 qrri
153 1397 188 1444 cst
201 1393 225 1443 in
241 1392 364 1455 charitate,
380 1392 455 1443 nullus
465 1392 534 1443 sciret
550 1404 580 1443 ss-
589 1391 743 1454 maiae,
755 1398 779 1445 ct
792 1395 837 1444 troc

40 1469 76 1515 est
89 1463 266 1516 inconveniens.
380 1460 383 1467 '

72 1541 96 1585 3.
109 1538 235 1596 praterea,
249 1548 279 1586 er
289 1533 425 1595 intentione,
439 1547 508 1597 quam
520 1535 589 1586 tomo
601 1535 673 1585 habet
684 1534 714 1585 in.
724 1534 837 1599 principio

41 1608 120 1668 actis,
133 1610 198 1658 totus
207 1608 272 1657 actas
286 1604 426 1656 informatur.
438 1604 483 1655 Sci
493 1604 608 1668 poenioens
619 1604 709 1667 quanio
722 1606 838 1669 puniten-

43 1678 97 1728 tiam
114 1676 240 1739 inchoavit,
249 1675 273 1726 in
282 1675 390 1726 chariato
401 1679 460 1725 erat.
471 1674 530 1738 Ergo
539 1678 587 1725 tota
593 1675 718 1726 satisfactio
728 1687 836 1739 monem,

43 1759 70 1797 ex
83 1748 124 1801 illa
139 1749 247 1799 choante
259 1744 409 1797 intentionem
426 1745 478 1809 ejus
492 1744 645 1807 informante,
657 1744 782 1795 efficaciam
796 1746 838 1794 ha·

43 1818 113 1872 nebit.
485 1867 490 1880 ,
736 1860 740 1865 .

74 1894 97 1942 t.
115 1893 242 1954 praterea,
263 1888 388 1941 satisfactio
401 1886 503 1939 consistit
520 1886 545 1937 in
563 1888 666 1951 qoam
680 1886 836 1950 adaquatiouo

43 1962 115 2026 culpa
128 1962 158 2012 ad
171 1972 270 2025 penam.
283 1960 327 2011 Sei
336 1958 388 2009 tatis
400 1956 526 2021 adaquato
537 1970 610 2023 paena
622 1958 777 2022 potcstatiam
786 1956 837 2007 fieri

44 2029 67 2080 in
81 2046 109 2083 eo
119 2033 160 2096 qui
173 2030 307 2082 charitatem
319 2042 364 2080 nou
378 2029 455 2081 habet.
470 2028 538 2092 Ergo,
549 2032 600 2079 etc..

74 2104 119 2154 Sed
131 2107 218 2164 contra,
227 2103 313 2161 Prona,
325 2102 363 2152 X:
374 2100 508 2151 «Universa
523 2099 606 2150 delicta
617 2098 693 2162 operit
703 2099 835 2151 charimo

44 2176 87 2225 Sci
104 2173 267 2226 satinactionis
280 2172 354 2223 uirtus
367 2176 402 2223 est
414 2171 494 2223 defers·
508 2170 600 2222 delicta.
617 2171 677 2234 Ergo
693 2170 745 2222 siue
759 2171 836 2221 chari-

45 2248 90 2297 tate
102 2259 150 2298 non
162 2244 229 2295 habet
242 2256 310 2297 wana
318 2242 433 2297 inmuni

75 2316 190 2369 Praoerea
199 2351 206 2377 ,
214 2312 355 2378 paccianum
365 2326 423 2375 opus
437 2313 463 2365 in
471 2311 626 2363 satisfactione
637 2315 672 2361 cst
683 2311 835 2376 eleemosyna.

46 2384 90 2437 Sei
109 2388 255 2449 doeutosyna
267 2388 331 2434 entra
347 2383 486 2436 charitatem-
498 2384 558 2441 facta
574 2394 620 2434 non
636 2382 712 2443 valet,
726 2386 752 2432 ut
774 2387 838 2446 patet

46 2454 64 2503 i.
86 2457 154 2515 Cor„
168 2456 218 2507 nur
238 2472 243 2504 :
264 2471 280 2501 a
295 2453 319 2502 Si
332 2452 465 2503 distribuero
480 2454 506 2501 iu
526 2452 775 2515 cibos.nanpcrum,e
792 2456 835 2499 etc.

48 2523 105 2587 Ergo
122 2539 165 2577 nec
178 2524 302 2577 satisfactio
312 2523 386 2587 aliqua
399 2525 435 2573 est
447 2535 498 2572 cum
516 2525 609 2585 peccato
623 2521 723 2576 monuit.

79 2598 236 2658 (Concinsro,
250 2620 280 2633 ·-
290 2593 348 2649 ein
361 2606 430 2657 onera
440 2597 506 2643 extra
518 2593 651 2643 charitatem
661 2593 734 2651 facta,
746 2591 857 2641 licoat*

48 2671 111 2729 cepta
132 2680 178 2718 nou
193 2666 254 2729 sint,
269 2679 316 2717 non
332 2668 407 2729 potest
420 2662 549 2728 quispiam,
564 2667 628 2712 extra
647 2662 785 2711 charitatem
797 2660 838 2709 tici

48 2841 165 2892 peccantis
178 2836 317 2885 obnubilat,
331 2843 359 2881 act
368 2834 526 2893 praecientia
537 2834 630 2891 pcccati
642 2832 728 2877 merito
741 2822 771 2877 tre
786 2830 840 2875 ofin

49 2902 118 2948 etium
132 2901 215 2953 cudat,
224 2906 268 2947 etc.
284 2898 382 2951 florui..
396 2902 424 2947 io
438 2896 498 2948 too,
511 2896 551 2943 tio.
566 2897 618 2956 XV,
631 2906 683 2951 cap.
697 2894 722 2938 2.
