1942 3284
1427 33 1451 58 ss·

309 137 369 175 DE
401 137 495 175 USU
524 135 851 175 Eucflamsrnss
885 140 933 175 m
970 135 1208 178 connum.
1463 130 1547 175 331,

0 225 31 259 n
60 212 386 275 Augustinum
405 213 456 262 in
486 212 565 263 lib.
597 214 670 263 De
694 212 853 263 libero
872 214 1095 264 arbitrio
1117 214 1219 278 (lib.
1242 214 1422 278 11‚cap.
1450 215 1551 279 1921,

0 287 29 332 it
57 284 241 347 quibus
273 285 426 336 nulius
454 284 569 335 male
596 290 746 349 potest
773 287 858 336 uti.
883 286 1041 336 Nullus
1069 292 1222 337 autem
1249 290 1425 351 peccat,
1457 287 1547 336 nisi

0 371 3 382 ³
40 357 255 405 abusum
299 357 490 421 alicujus
528 358 614 407 rei.
644 359 761 421 Ergo
805 357 955 407 nullus
1001 361 1215 422 peccator
1248 372 1434 410 sumens
1466 359 1551 411 tin-c

2 433 287 477 ramentum
314 433 491 492 peccat.

0 501 33 545 t.
63 498 332 561 Praeterea,
348 500 469 549 sicut
497 502 585 551 hoc
606 504 940 550 sacramentum
964 500 1161 551 sentitur
1179 505 1314 565 gustu
1342 504 1390 553 et
1411 506 1551 563 tacta,

35 573 86 619 et
131 571 269 621 visu.
302 572 351 620 Si
384 586 493 635 ergo
532 577 740 637 peccator
775 586 833 622 ex
866 586 920 623 eo
952 572 1074 635 quod
1109 574 1251 623 sumit
1279 574 1367 624 hoc
1404 587 1555 625 sacra*

2 645 137 690 ntum
166 648 368 706 peccet,
398 644 575 695 videtur
601 643 737 693 etiam
774 643 896 707 quod
931 648 1141 707 peccaret
1181 644 1392 696 videndo.
1425 646 1547 704 Quoi!

4 718 49 763 et
94 727 211 764 esse
264 714 455 778 falsum3
496 714 597 765 ciim
627 716 827 766 Ecclesia
863 715 1076 765 omnibus
1101 717 1189 767 hoc
1227 721 1555 767 sacramentnm

5 785 187 835 endum
237 790 288 836 et
317 786 590 838 adorandum
620 790 862 850 proponat.
898 787 1014 847 Ergo
1040 790 1252 851 peccator
1278 802 1366 840 non
1397 797 1551 854 peccat

22 856 117 906 hoc
148 857 287 920 quod
315 858 557 908 manducat
589 859 675 907 hoc
704 862 1056 908 sacramentum.

0 933 43 977 5.
68 932 323 981 Praeterea
344 968 358 993 ,
400 929 622 993 contingit
662 931 932 994 quandoque
952 968 965 991 ,
992 930 1115 993 quod
1141 932 1306 996 aliquis
1343 939 1555 998 peccatot-

0 1013 20 1047 n
48 1002 203 1051 habet
232 1002 561 1052 conscientiam
588 1002 659 1051 sui
688 1002 893 1068 peccati3
924 1015 1011 1052 nec
1046 1006 1197 1053 tamen
1225 1003 1329 1054 talis
1358 999 1551 1069 pecca'ra

0 1073 117 1121 tetur
132 1087 352 1139 ,corpus
381 1073 554 1123 Christi
594 1074 841 1123 sumendo·
830 1111 845 1136 ‚
877 1074 985 1137 quia
1009 1074 1254 1126 secundnm
1282 1075 1370 1126 hoc
1395 1090 1551 1127 omnes

0 1149 189 1194 :carent
230 1145 311 1209 qui
348 1148 562 1225 sumunt.3
600 1146 731 1208 quasi
775 1144 975 1208 periculo
1007 1160 1057 1196 se
1104 1147 1551 1212 exponenteS,ci1rn

0 1216 194 1266 ostolus
234 1218 388 1279 dicat,
419 1218 456 1266 1.
490 1180 627 1277 Cor„
654 1217 750 1266 IV-
782 1217 949 1266 «Nihil
971 1216 1083 1266 mihi
1101 1218 1309 1269 conscius
1334 1233 1454 1279 sum,
1475 1227 1551 1267 με]

0 1300 29 1334 n
48 1286 100 1336 in
133 1290 240 1339 hoc
263 1287 543 1353 justificatus
575 1301 749 1337 sum.»
771 1289 872 1338 Non
896 1302 1004 1351 ergo
1033 1289 1227 1349 videtur,
1248 1290 1366 1354 quod
1389 1304 1551 1355 pecca

0 1357 25 1405 ri
53 1360 196 1409 cedat
238 1359 283 1409 in
318 1362 525 1423 culpam,
560 1359 599 1409 si
629 1360 713 1410 hoc
740 1364 1071 1410 sacramentum
1104 1365 1268 1411 sumat.

3 1430 92 1480 Sed
135 1435 305 1481 contra
335 1435 421 1490 est,
454 1431 576 1494 quod
612 1431 856 1493 Apostolus
894 1431 1025 1492 dicit,
1053 1432 1092 1482 1.
1127 1433 1269 1493 Cor„
1291 1433 1351 1483 XI
1382 1449 1393 1483 ι
1423 1452 1449 1481 «
1470 1439 1555 1491 fini

0 1504 197 1554 anducat
224 1509 272 1553 et
292 1502 408 1553 bibit
428 1502 633 1566 indigne,
656 1503 880 1566 judicium
906 1503 995 1552 sibi
1023 1506 1263 1554 manducat
1289 1507 1336 1555 et
1361 1505 1475 1555 bibit
1491 1547 1503 1567 ‚
1527 1527 1551 1551 n

20 1579 120 1638 est3
146 1574 593 1626 condemnationem.
614 1574 732 1624 Dicit
756 1580 908 1625 autem
934 1574 1094 1625 Glossa
1122 1575 1290 1625 ibidem
1317 1576 1407 1640 (1),
1439 1579 1555 1639 quoii

4 1645 196 1709 indigne
225 1647 467 1696 manducat
496 1650 540 1695 et
579 1646 693 1697 bibit
726 1646 806 1710 qui
837 1646 886 1695 in
918 1645 1109 1696 crimine
1150 1651 1245 1707 est,
1275 1648 1350 1696 vel
1388 1648 1555 1697 inerti*

2 1722 101 1769 nter
128 1722 317 1771 tractat.
341 1734 369 1765 »
399 1720 516 1782 Ergo
543 1719 620 1782 qui
644 1720 785 1769 estin
809 1722 998 1782 peccato
1017 1718 1223 1778 mortali,
1247 1718 1287 1767 si
1303 1720 1391 1769 hoc
1410 1732 1559 1768 sacra*

2 1795 161 1842 entum
197 1790 422 1855 accipiat,
451 1790 789 1841 damnationem
824 1790 1019 1858 acquirit
1062 1790 1311 1841 mortaliter
1350 1803 1555 1854 peccatis.

23 1863 347 1931 (Coucmsm.
363 1861 546 1913 -Ciim
572 1866 835 1926 peccatores
854 1866 1088 1912 sumentes
1110 1863 1198 1913 hoc
1227 1867 1555 1913 sacramentarii

0 1948 58 1982 im
101 1937 293 1999 peccato
330 1935 539 1995 mortali,
577 1934 829 1997 significent
865 1948 915 1985 se
956 1935 1137 1985 Christo
1177 1948 1257 1998 per
1297 1934 1432 1985 fidem
1469 1935 1556 1983 fni*-

0 2010 125 2055 1atam
163 2008 321 2057 unitos
348 2020 449 2057 esse
467 2044 481 2067 ,
511 2006 753 2057 salsitatem
790 2006 839 2055 in
868 2011 1155 2056 sacramento
1184 2006 1519 2057 committentes
1547 2047 1555 2060 .

0 2077 184 2143 icrilegii
209 2080 383 2129 crimen
417 2080 653 2143 incurrunt
685 2084 731 2129 et
770 2079 1020 2129 mortaliter
1047 2082 1295 2143 peccant.)

26 2151 300 2216 Respondeo
343 2151 618 2215 dicendum,
658 2151 779 2215 quod
823 2150 873 2202 in
909 2153 998 2201 hoc
1033 2156 1315 2202 sacramento
1359 2152 1470 2201 sicut
1515 2152 1559 2199 in

0 2220 83 2284 liis,
105 2225 153 2274 id
176 2224 300 2287 quod
333 2226 403 2273 est
430 2228 784 2286 sacramentum,
811 2227 881 2274 est
906 2222 1085 2287 signum
1114 2224 1215 2286 ejus
1243 2225 1362 2287 quod
1387 2227 1456 2273 est
1491 2239 1563 2271 ras

0 2296 253 2348 aeramenti.
293 2296 467 2360 Duplex
507 2300 654 2345 autem
704 2299 777 2346 est
818 2310 893 2346 res
928 2296 1068 2359 hujus
1113 2296 1417 2355 sacramenti,
1452 2299 1563 2346 siant

0 2366 101 2428 upra
122 2369 296 2419 dictum
326 2371 430 2417 est:
457 2380 547 2419 una
570 2366 751 2430 quidem
776 2381 877 2431 quae
901 2371 971 2417 est
989 2367 1243 2430 significata
1261 2372 1309 2417 et
1331 2371 1563 2423 contenta,

0 2437 140 2491 cilicet
168 2440 269 2504 ipse
295 2439 528 2502 Christus3
560 2438 649 2487 alia
689 2443 841 2489 autem
868 2443 940 2489 est
967 2439 1220 2507 significata
1249 2443 1298 2489 et
1329 2452 1422 2488 non
1449 2451 1563 2488 con-

0 2516 92 2559 enta
115 2552 128 2576 ,
158 2510 328 2562 scilicet
366 2524 530 2575 corpus
580 2510 753 2560 Christi
787 2510 1066 2575 mysticum,
1097 2512 1216 2574 quod
1256 2514 1326 2561 est
1371 2510 1567 2560 societas

1 2588 245 2634 anctorum.
272 2581 553 2645 Quicumque
580 2595 687 2645 ergo
716 2584 803 2632 hoc
838 2586 1174 2632 sacramentum
1203 2582 1368 2645 sumit,
1395 2594 1454 2631 ex
1483 2583 1563 2631 Ιιειι·

0 2648 192 2713 ignificat
222 2668 270 2705 se
313 2667 415 2704 esse
440 2652 620 2702 Christo
649 2652 847 2713 unitum,
869 2657 917 2701 et
940 2652 1158 2702 membris
1185 2652 1286 2717 ejus
1302 2652 1563 2715 incorpora-

1 2735 86 2773 uin.
104 2727 230 2786 Quod
258 2724 442 2789 quidem
463 2724 511 2775 fit
533 2737 615 2788 per
636 2724 771 2774 fidem
799 2724 1062 2785 formatam,
1080 2738 1218 2783 quam
1242 2724 1395 2773 nullus
1427 2723 1563 2772 habri

0 2806 74 2844 :um
99 2802 283 2861 peccato
315 2795 496 2845 mortali
524 2812 534 2844 :
564 2799 611 2846 et
637 2796 740 2846 ideo
768 2796 1059 2845 manifestum
1092 2798 1180 2857 est,
1209 2793 1563 2859 quodquicum-

0 2877 63 2929 lue
88 2883 187 2921 cum
211 2870 408 2934 peccato
438 2868 618 2919 mortali
643 2870 732 2918 hoc
766 2870 1101 2921 sacramentum
1124 2867 1288 2931 sumit,
1316 2864 1563 2918 falsitatem

607 3095 635 3134 A
