1942 3284
22 223 23 244 ,
246 184 277 222 or
291 184 403 222 munero
420 182 638 223 successurorum.
813 174 843 223 ts

22 249 23 310 Ῐ
65 259 90 306 tsl
101 257 173 321 equod
182 264 264 323 prmter
273 260 373 324 speciem
382 273 451 324 quam
463 260 550 325 ingerit
561 260 675 324 sensibus,
690 260 745 310 lucit
757 261 842 325 aliquid

64 329 110 380 duo
120 331 300 395 incognitionem
315 331 428 382 uenire.»
443 333 507 382 Nihil
521 336 596 382 autem
607 337 642 383 est
656 333 680 382 iu
694 332 769 382 anima
782 334 843 397 quod

63 399 140 463 diguam
152 404 246 466 speciem
256 403 363 453 sensibus
372 402 467 465 ingerat,
481 404 540 466 Ergo
554 404 644 454 videtur
656 403 717 466 qudd
731 404 756 453 in
767 406 843 455 anima

61 480 96 519 nou
108 472 241 537 imprimatur
252 473 337 536 aliquis
348 476 518 537 character-per
526 480 678 525 sacramenta.

86 545 232 607 toreuma,
247 546 307 595 sicut
327 558 367 608 per
384 550 523 596 sacramenta
543 559 609 597 noua
627 547 684 609 legis
698 547 844 611 distinguitur

63 612 120 664 idelis
129 617 155 664 ab
168 617 270 678 infideli,
284 616 318 665 ita
328 617 397 666 etiarn
409 629 451 679 per
463 621 603 667 sacramenta
619 618 702 668 ueteris
718 619 783 681 legis.
795 620 839 671 Sed

63 690 176 736 smmeuta
188 688 343 751 ueterislegis
351 700 397 736 uon
408 688 567 752 imprimebant
577 688 674 752 aliquem
686 690 841 740 characterem

63 754 171 821 inanima3
190 761 251 809 unde
268 763 291 807 et
312 758 416 808 dicuutur
432 776 445 805 n
465 760 562 823 justitio
583 760 673 823 carnis,
688 778 702 808 o
718 760 841 811 secundnm

63 826 183 891 Apostolum,
197 831 234 880 ud
248 831 335 886 neor„
351 831 390 879 lll.
412 831 472 894 Ergo
493 832 583 882 videtur
599 831 658 895 qudd
677 844 750 896 neque
768 844 842 882 sacra-

61 903 186 952 umuuorae
196 903 253 966 legis
266 903 402 965 imprimunt
414 904 576 953 characterem.

83 970 120 1019 Sed
131 978 205 1023 contra
215 978 266 1033 est,
281 974 341 1036 qnod
356 973 476 1036 spostolus
485 973 549 1034 dicit,
560 974 589 1023 ll.
604 974 639 1023 ud
654 974 723 1031 Con,
734 977 742 1025 l
754 991 760 1025 :
774 976 843 1035 «Qui

61 1041 111 1091 urit
121 1057 159 1094 uos
172 1047 230 1096 bens
249 1050 301 1107 est,
317 1045 393 1107 etqui
408 1045 506 1107 signavit
524 1060 565 1096 nos
579 1050 602 1095 et
618 1046 679 1097 dedit
692 1047 775 1111 pignus
786 1048 843 1113 Spi-

60 1112 103 1162 n'nls
114 1114 244 1168 iocordibus
258 1117 354 1166 nostris.
371 1135 384 1165 n
400 1117 444 1167 Sed
459 1118 517 1167 nihil
533 1119 592 1168 allud
608 1118 714 1183 importat
728 1121 842 1171 character

61 1184 112 1243 tuin
124 1191 238 1249 quamdam
254 1189 417 1251 signationem.
429 1190 490 1251 Ergo
503 1189 593 1239 uidetur·
606 1190 667 1253 qudd
680 1192 739 1241 lleus
753 1204 794 1254 per
805 1204 842 1241 sa-

61 1263 152 1308 uooenla
168 1260 233 1310 nobis
252 1273 323 1310 snum
335 1260 487 1309 characterem
501 1260 625 1324 imprimat.

84 1327 230 1389 (Coucousro.
242 1359 278 1369 ·—
291 1329 349 1379 Cium
364 1330 446 1381 Christi
459 1332 537 1383 fideles
551 1345 591 1395 per
604 1336 745 1382 sacramenta
759 1333 787 1382 ad
798 1332 843 1382 ali·

62 1397 205 1458 ttiddirioum
218 1404 249 1453 ad
262 1402 304 1451 llei
314 1403 401 1453 cultum
411 1408 517 1467 spectans
529 1405 679 1468 deputentur,
694 1406 784 1467 oportet
793 1403 844 1456 illos

63 1477 94 1525 ltt
104 1479 236 1525 sacramenta
253 1474 332 1536 aliquo
342 1473 454 1537 spirituali
467 1476 598 1525 charactere
611 1475 725 1539 insigniri.
739 1475 747 1537 )

86 1541 344 1609 llespondeodiceudorn,
360 1545 429 1608 qood,
444 1546 538 1596 sicuter
548 1547 660 1609 predictis
669 1549 732 1611 patet
741 1547 789 1610 (qu.
802 1546 841 1609 62,

69 1615 130 1678 told),
139 1622 286 1669 sacramenta
301 1618 432 1681 novaelegis
442 1618 471 1667 ad
485 1619 530 1668 duo
549 1617 689 1679 ordinantur,
699 1616 804 1667 uidelicet
815 1618 843 1668 ad

67 1688 162 1738 undrim
174 1695 256 1740 contra
271 1693 381 1752 peccata,
394 1690 457 1739 etad
474 1688 638 1753 perficiendum
652 1689 750 1738 animam
764 1688 787 1737 iu
805 1689 842 1740 his

64 1765 100 1814 pua
110 1761 217 1820 pertinent
227 1762 256 1811 ad
267 1761 355 1809 cultum
367 1760 417 1820 liei,
429 1760 555 1810 secundulus
568 1761 634 1809 ritum
643 1760 841 1811 cloristianaeuilm.

63 1824 267 1895 tuumqueautcm
286 1834 313 1881 ad
330 1830 414 1893 aliquid
430 1836 517 1883 certum
532 1833 666 1895 deputatur,
683 1831 802 1883 eorrsueuit
815 1834 844 1883 ad

62 1894 250 1967 ilulmnsignari3
264 1902 325 1953 sicud
340 1902 423 1953 milites
433 1904 473 1966 qui
484 1903 670 1953 adscribebantur
685 1905 712 1953 ad
726 1903 841 1966 militiam,

63 1968 164 2034 tumulto
172 1977 282 2027 solebant
295 1975 430 2038 quibusdam
438 1976 608 2025 characteribus
617 1976 772 2038 corporalibus
785 1976 845 2027 insi·

63 2040 120 2106 tlibi,
131 2060 157 2097 eo
173 2048 236 2111 qubd
254 2047 426 2110 deputabantur
438 2048 466 2096 ad
484 2047 570 2111 aliquid
590 2048 714 2111 corporale.
730 2048 758 2096 lit
774 2047 842 2109 ideo,

62 2108 100 2160 viu
110 2115 207 2169 homiues
220 2133 265 2183 per
281 2122 421 2169 sacramenta
435 2119 573 2182 deputentur
586 2119 614 2168 ad
627 2118 711 2182 aliquid
728 2118 845 2182 spirituale

61 2185 157 2243 uoluens
174 2192 203 2240 ad
216 2190 308 2241 cultum
323 2189 378 2251 llei,
392 2202 533 2252 consequens
550 2194 586 2239 est
599 2188 660 2253 qubd
671 2203 712 2253 per
726 2203 754 2239 ea
768 2190 846 2240 fideles

62 2253 120 2329 aliquo
128 2262 238 2323 spirituali
252 2264 385 2312 charactere
398 2261 557 2325 insigniuntur.
566 2260 631 2311 Unde
643 2262 780 2325 Augustinus
792 2260 846 2311 dicit

61 2334 80 2371 u
89 2326 112 2377 ll.
123 2331 213 2383 Contra
225 2334 394 2384 Parmenion.
410 2333 476 2396 (cap.
488 2333 534 2395 ta)
552 2349 557 2381 :
576 2332 621 2382 «Si
632 2332 716 2383 militiae
731 2334 846 2383 characte-

63 2406 99 2445 rem
111 2400 131 2448 in
143 2416 234 2468 corpore
252 2418 297 2455 suo
308 2442 316 2466 ,
329 2416 376 2453 uon
389 2404 489 2453 militans
500 2404 594 2468 pavidus
609 2404 766 2464 enlrorruerit,
781 2408 804 2453 ct
817 2406 847 2455 ad

64 2466 345 2542 tlemcntimuimperatoris
359 2474 500 2538 contingerit,
512 2488 538 2524 ac
547 2488 612 2539 prece
622 2473 682 2537 turso,
692 2479 715 2524 ct
727 2473 847 2538 impetrati

62 2546 98 2596 llll
107 2544 174 2608 uenit,
188 2547 290 2596 militare
303 2546 413 2608 ceperit,
428 2546 551 2610 numquid,
563 2546 656 2596 bomine
668 2546 760 2597 liberato
776 2550 845 2611 atque

65 2619 160 2676 mmmm,
171 2619 292 2667 character
303 2615 343 2665 illc
353 2616 513 2680 reperitur,ac
523 2631 568 2667 nen
581 2615 656 2681 potibs
666 2616 755 2679 agnitus
765 2630 846 2682 appro-

64 2675 128 2733 butor?
142 2691 174 2737 ho
186 2687 248 2739 lorti
265 2686 346 2737 minius
367 2688 453 2738 ocrem
465 2693 606 2739 sacramenta
624 2687 763 2751 christiana,
779 2687 846 2751 quim

66 2758 165 2815 tumulis
178 2761 228 2811 hac
242 2758 318 2810 notat
330 2775 345 2804 n

24 2879 25 2892 ,
83 2826 114 2900 dd
128 2832 223 2891 pomum
244 2843 301 2894 crgo
320 2830 459 2894 dicendum,
473 2830 535 2895 qudd
548 2830 625 2881 fideles
639 2828 724 2879 Christi
739 2830 766 2879 ad
786 2842 847 2891 prae-

24 2919 25 2924 *
67 2899 119 2946 utu
130 2900 218 2964 qudem
232 2903 321 2953 futurae
335 2900 411 2963 gloria
425 2902 563 2967 deputantur
570 2902 687 2967 signaculo
695 2900 848 2965 praedestina·
