1942 3284
125 222 158 261 os
172 221 279 261 namra
294 219 460 260 securarsrrm
474 220 590 267 onmem
605 221 639 259 so
655 220 765 259 seueram
799 210 849 259 aba

53 298 152 349 tenditur
162 298 271 362 quantim
284 298 313 347 ad
323 297 346 347 id
358 297 419 361 quod
433 297 500 348 debet
511 296 575 359 heri,
587 310 633 349 noo
645 301 720 349 autem
735 296 848 361 quantum

54 370 81 420 ad
90 370 265 434 neeessihtem3
277 382 331 419 nem
341 382 402 435 eque
414 372 451 421 est
463 369 492 421 de
506 370 604 421 essentia
617 370 698 435 panis,
713 381 761 421 nou
772 373 848 422 eutem

55 440 81 492 de
97 442 198 492 essentia
209 442 266 493 vini.

80 514 112 564 td
131 512 261 564 seeundum
284 512 421 574 dicendum,
435 511 497 577 qdod
519 513 597 565 effusio
618 514 736 578 sanguinis
761 510 849 565 directe

55 584 174 650 pertinebat
195 586 224 635 ad
244 584 316 648 ipsam
337 583 423 635 Christi
444 585 590 649 passionem
606 590 640 636 est
663 586 725 637 enim
747 586 850 639 naturate

55 656 136 721 torpori
152 658 254 707 humano
267 656 404 718 roborato,
421 656 482 721 qndd
496 670 525 707 ex
539 670 567 708 eo
579 658 676 722 profluet
689 658 790 723 sangnis.
803 657 850 714 Sed

57 727 200 792 edunoaquae
214 741 260 780 non
270 728 315 778 tuit
328 729 356 779 de
367 728 504 779 necessitate
514 728 634 793 passionis,
644 729 685 779 sed
696 730 725 779 ad
740 730 851 781 demone

56 800 150 849 handum
166 800 273 851 etieotnm
288 799 409 864 passionis,
424 799 463 864 qni
477 802 513 850 est
526 799 610 849 ahintio
625 798 639 851 t
652 800 761 865 peccatis,
775 804 798 851 et
813 812 850 850 re-

55 871 163 941 in'qeripm
182 875 262 923 contra
278 873 382 923 ardorem
401 870 599 935 concupiscentie.
613 872 642 921 Et
660 870 711 923 ideo
725 886 783 937 aqua
801 884 850 924 non

55 955 146 993 seorsnm
169 943 264 995 offertor
289 943 374 995 trino
396 943 421 993 in
446 945 490 993 hoc
516 946 672 1005 sacramento,
687 942 746 994 siout
771 944 850 995 sinum

57 1015 141 1065 obertus
154 1028 257 1067 seorsum
267 1014 282 1065 b
294 1028 368 1079 pane;
380 1015 420 1066 sed
434 1028 493 1079 aqua
503 1016 596 1067 offertur
607 1015 663 1067 sino
681 1016 807 1080 permixta,
822 1018 849 1067 nt

55 1086 178 1137 mteodator
191 1085 253 1150 qubd
264 1086 343 1135 sinum
356 1098 397 1149 per
409 1099 434 1136 se
443 1086 543 1150 pertinet
553 1086 581 1137 ad
592 1089 776 1147 sacramentum,
792 1088 848 1137 tan·

55 1168 114 1220 qnam
134 1159 163 1207 de
188 1157 240 1221 ejus
256 1157 392 1208 necessitate
413 1158 530 1221 existens,
547 1170 606 1223 aqua
624 1164 701 1209 antem
721 1157 851 1209 seeunddm

57 1229 108 1293 qubd
120 1230 253 1293 adiungitur
266 1229 329 1281 rino.

82 1302 113 1351 hd
127 1302 220 1352 tertim
238 1300 373 1362 dicendum,
388 1302 448 1366 qnbd
462 1301 516 1367 qnia
529 1302 637 1353 admixtio
649 1314 715 1367 aquae
731 1301 759 1352 ed
770 1300 852 1351 uinum

57 1382 96 1424 non
112 1376 147 1425 est
160 1373 190 1423 de
207 1373 343 1424 necessitate
361 1374 511 1439 sacramenti,
529 1386 576 1425 non
593 1374 676 1437 retent,
692 1371 803 1437 quentin
823 1370 853 1421 ad

58 1444 181 1494 mmamenti
200 1443 375 1508 necessitatem,
395 1459 545 1509 quecumque
563 1456 621 1510 aqua
641 1444 764 1495 misceatur
780 1442 851 1505 vino,

58 1513 101 1565 sire
110 1514 233 1578 naturalis,
249 1515 298 1565 sire
309 1515 441 1577 artificialis,
453 1518 480 1565 ot
489 1528 589 1568 rosacea.
605 1515 727 1577 Quemvis,
740 1512 854 1579 quantiam

61 1586 85 1636 ad
94 1587 278 1638 convenientiam
292 1588 435 1651 sacramenti,
449 1589 530 1652 peccet
543 1587 582 1650 qui
595 1587 662 1637 aliam
673 1599 755 1649 aquam
768 1585 851 1635 miscet

59 1658 97 1708 nisi
108 1660 233 1710 namraiem
250 1660 274 1708 et
290 1670 382 1722 verem3
393 1660 448 1722 quia
464 1659 493 1709 de
507 1660 576 1708 tatere
589 1657 676 1708 Christi
689 1656 811 1720 pendentis
826 1654 854 1705 in

61 1743 118 1781 unce
135 1744 195 1795 aqna
212 1743 267 1781 vera
286 1730 395 1795 produxit
407 1733 464 1793 (oon
476 1732 558 1779 humor
569 1727 749 1794 phlegmaticus,
764 1731 790 1777 ut
804 1726 855 1791 qui-

60 1801 103 1852 dam
117 1802 251 1866 dixerunt),
263 1803 292 1852 ad
305 1802 470 1853 ostendendum
480 1800 542 1865 qubd
550 1814 631 1865 eorpus
640 1799 727 1850 Christi
738 1803 787 1850 erat
799 1796 854 1873 verb

60 1876 202 1940 compositum
224 1888 253 1925 ex
275 1880 373 1938 quatuor
400 1872 537 1937 elementis,
564 1872 623 1923 sicut
651 1884 693 1935 per
717 1869 855 1935 sanguinem

60 1945 160 1996 tuentem
180 1946 342 1996 ostendebatur
356 1945 416 2009 qndd
430 1948 479 1995 erat
495 1944 645 2008 compositum
658 1956 686 1994 ex
701 1946 797 2005 quatuor
810 1942 856 1991 hu·

60 2016 361 2080 nodbns‚da1nuorentius
374 2018 413 2067 lii.
427 2015 483 2067 dicit
496 2015 521 2066 in
539 2016 637 2079 quadam
649 2012 762 2064 decretali
773 2013 820 2078 (i).

85 2088 140 2147 buia
158 2087 215 2140 derb
234 2088 344 2140 admixtio
365 2101 429 2153 aque
452 2089 481 2139 nd
495 2088 591 2137 farinam
611 2089 646 2137 est
666 2086 694 2136 de
716 2084 856 2136 necessitate

61 2159 121 2223 hujus
138 2159 289 2223 sacramenti,
310 2164 388 2225 utpote
411 2160 551 2210 constituens
572 2156 722 2209 substantiam
735 2157 818 2219 panis,
835 2152 856 2204 ei

63 2230 132 2283 adda
145 2232 309 2283 admisceretur
320 2244 378 2295 aqna
391 2244 497 2293 rosacea,
509 2230 548 2281 vei
558 2228 694 2293 quicumque
706 2228 764 2278 odins
779 2227 854 2291 liquor

64 2302 122 2365 quam
134 2316 188 2353 vera
200 2316 269 2367 aqna,
281 2316 328 2353 non
340 2306 417 2367 posset
428 2316 458 2353 ex
473 2315 502 2353 eo
515 2299 599 2354 eontici
612 2301 790 2362 sacramentum,
802 2294 857 2361 quia

65 2385 104 2424 uon
115 2379 174 2426 esset
186 2386 258 2425 verus
275 2374 350 2438 panis.

94 2526 124 2591 (1)
135 2532 213 2579 heere
227 2528 258 2575 de
269 2526 380 2575 celebret.
393 2528 542 2579 litatorem,
555 2538 608 2585 cap.
621 2524 651 2575 lo
663 2524 777 2585 quadam.
