1942 3284
116 151 162 202 est
247 159 449 207 snermrrrnrr,
466 159 560 203 unm.
576 159 677 207 mser,
692 157 752 196 m.
769 158 797 194 rr.

116 236 233 297 divides,
251 239 277 286 ut
290 235 413 300 Dionysius
430 233 484 284 dicit
501 233 549 297 (de
566 233 660 284 Eecles.
677 235 778 284 hieran
794 245 855 298 cap.
873 232 934 296 llL)

148 307 183 360 nd
198 307 296 372 primunr
312 319 366 370 ergo
384 305 505 356 dicendum
516 341 524 366 ,
537 304 598 368 quod
616 305 660 355 alia
676 308 828 356 saenmeuta
849 304 937 354 &ntur

116 381 145 432 ad
157 379 252 430 erectus
263 377 352 441 aliquos
366 376 540 440 percipiendus,
552 375 593 426 sed
608 377 654 427 hoo
670 379 852 426 sacramentum
867 375 936 426 datur

115 449 270 516 principaliter
284 448 388 498 adactus
408 447 497 511 aliquos
511 448 612 509 agendos
626 461 633 496 s
647 451 671 498 et
683 446 737 497 ideo
747 445 891 498 wcundnm
903 446 936 496 di·

115 519 246 572 versitatem
262 523 353 570 actuum
370 521 463 582 oporiet
479 517 540 582 quod
555 519 642 570 udiuis
655 521 834 571 sacamentum
850 516 935 568 distin

115 595 207 656 untur,
222 591 283 642 sicut
295 589 403 654 potentiae
414 589 587 653 distinguuntur
597 603 639 655 per
655 594 730 640 aetus.

148 662 315 714 Adseeuuduue
327 659 464 722 dicendum,
476 661 537 724 quod
547 660 630 712 divisio
641 661 729 712 ordinis
743 673 795 711 uon
807 664 851 710 est
864 660 935 713 toties

114 733 233 797 ntegrnris
243 733 267 782 in
281 744 335 782 suas
350 736 436 794 partes,
451 746 527 796 neque
539 731 611 784 totius
625 732 781 794 uniuersalis3
801 732 850 782 sed
864 732 935 783 redu

116 805 260 870 potestativi,
272 805 338 868 cujus
351 803 399 854 hec
412 807 447 856 est
461 809 551 864 natura,
563 803 624 868 quod
634 808 710 857 totum
718 803 857 854 seeundum
871 815 932 854 oon-

114 877 199 942 plelanr
212 877 323 927 rationem
332 882 367 930 est
380 878 405 928 in
419 889 465 928 uno
472 913 481 940 ‚
495 876 521 926 in
533 876 585 926 aliis
599 878 676 926 autern
686 879 724 926 est
737 873 818 937 aliqua
834 873 932 938 pertici

115 945 179 1010 patio
194 947 276 1012 ipsius.
290 951 319 999 lit
335 951 367 1000 ita
380 952 416 1000 est
431 948 486 1000 laic:
502 952 551 998 tota
564 947 628 998 eninr
645 947 768 1012 plenitudo
789 945 933 998 sammeuti

116 1019 187 1082 liujus
202 1023 239 1070 est
252 1019 278 1072 in
296 1035 342 1072 uno
353 1019 446 1079 ordine,
461 1019 550 1070 scilicet
569 1017 712 1079 sacerdotio,
725 1022 769 1068 sed
783 1017 809 1066 in
824 1015 884 1067 aliis
899 1018 933 1066 est

117 1091 220 1154 quaedam
234 1092 377 1157 participatio
393 1091 489 1142 ordinis.
506 1092 535 1142 Et
551 1092 596 1142 luoe
613 1089 767 1154 significatum
788 1092 829 1139 est
847 1089 875 1140 in
890 1090 930 1140 lrot

117 1161 179 1224 quod
193 1163 300 1214 Dominus
317 1163 384 1226 dixit,
394 1165 514 1226 Numen,
522 1163 569 1227 ill,
584 1161 657 1227 Moysi
668 1178 674 1211 :
687 1179 701 1210 ιι
713 1161 827 1212 autenm
842 1163 873 1212 de
886 1159 931 1224 ιμ’·

116 1231 163 1283 ritu
175 1236 231 1297 tuo,
250 1235 382 1298 tradamque
395 1234 443 1296 eis,
458 1238 485 1284 ut
502 1235 631 1284 sustineant
640 1237 717 1285 tecum
734 1246 798 1283 onus
812 1232 928 1297 populi.»

117 1303 147 1356 Et
165 1303 217 1355 ideo
231 1317 309 1355 omnes
324 1305 416 1356 ordines
427 1309 481 1356 suut
493 1318 566 1355 uuurn
577 1308 756 1355 sacramentum.

148 1375 184 1426 lid
205 1375 297 1425 tertium
311 1375 447 1439 dicendum,
458 1376 521 1440 quod
535 1376 560 1426 in
579 1389 650 1439 reguo
665 1374 774 1438 quamvis
788 1378 842 1426 tota
853 1377 928 1439 poter·

119 1446 175 1496 latis
184 1446 303 1510 plenitudo
316 1447 416 1498 resideat
427 1461 498 1512 penes
513 1460 608 1510 regern,
622 1459 668 1496 non
682 1451 760 1496 tamen
774 1447 927 1499 exeluduutu
967 1478 968 1499 ι

117 1515 275 1567 ministrorum
285 1521 480 1582 potestatesque
489 1522 543 1568 sunt
549 1516 737 1582 participationes
743 1517 855 1580 quedam
863 1517 925 1580 repis

117 1589 255 1650 potestatis:
273 1596 297 1639 et
312 1589 417 1640 similiter
436 1593 470 1640 est
491 1589 516 1638 iu
534 1589 623 1639 ordine.
637 1591 666 1638 ln
684 1587 831 1640 aristocratia
853 1593 921 1641 ultr!

118 1660 179 1722 apud
193 1660 281 1709 nullum
294 1659 378 1710 residet
390 1659 509 1724 plenitudo
519 1659 654 1723 potestatis,
668 1659 709 1710 sed
727 1661 792 1723 apud
804 1672 895 1711 ornnes.

412 1837 578 1889 terrendos
597 1837 627 1888 ll.

338 1964 425 2008 Utrrim
439 1965 489 2008 siut
505 1967 593 2021 septem
602 1963 708 2008 ordines.

150 2093 184 2141 Ad
198 2091 323 2142 secuudum
336 2091 370 2142 sie
382 2089 521 2154 proceditur.
532 2089 626 2139 Videtur
638 2087 699 2150 qudd
711 2101 759 2140 reon
775 2089 824 2140 sint
836 2095 918 2156 septen

119 2161 225 2214 ordines:
242 2163 339 2214 Ordines
356 2161 417 2212 euim
433 2161 543 2212 Ecclesiae
554 2160 689 2210 ordinantur
705 2161 735 2210 ad
757 2164 825 2212 aetus
840 2161 920 2212 hieru·

10 2201 13 2290 ι
118 2232 204 2284 enices.
219 2233 263 2282 Sed
278 2235 324 2282 tres
338 2230 426 2282 tantiam
443 2235 496 2281 sunt
509 2234 574 2280 actus
586 2229 741 2291 hierarchici,
757 2231 846 2285 seilicet
860 2247 920 2293 ριν-

118 2317 194 2367 pare,
210 2302 375 2362 illuminare,
392 2305 418 2351 et
430 2302 564 2366 perficere,
576 2300 704 2352 secundium
722 2314 783 2365 quos
802 2303 918 2367 dionysius

118 2372 237 2436 distinguit
254 2376 301 2422 tres
319 2373 410 2422 ordines
430 2373 456 2424 iu
476 2375 505 2422 ll.
520 2386 570 2437 cap.
593 2371 686 2425 Eccles.
708 2373 782 2422 Hier.
801 2374 860 2437 Ergo
874 2385 917 2428 nes

14 2457 17 2522 ’γ
117 2449 173 2496 sant
186 2448 282 2508 septem.

150 2519 174 2566 e.
191 2516 301 2566 Praeterea
310 2553 317 2578 ‚
327 2515 404 2566 omnia
415 2519 557 2566 sacramenta
569 2515 655 2566 liabent
667 2515 796 2567 efficaciam
809 2518 832 2568 et
841 2519 915 2568 aucto-
967 2562 968 2565 ,

16 2597 18 2656 ἢ
115 2587 208 2640 ritatem
223 2601 251 2638 ex
269 2587 411 2638 institutione
423 2587 525 2651 curisti,
540 2587 577 2640 vel
591 2589 672 2640 saltem
690 2589 843 2651 apostolorum
857 2590 911 2652 ep'us.

17 2659 20 2682 ¹*
116 2659 163 2710 Sed
173 2659 198 2710 iu
210 2659 311 2710 doctriua
327 2657 414 2718 Christi
426 2663 449 2710 et
463 2661 618 2724 apostolorum
634 2672 681 2710 nou
697 2660 723 2710 tit
735 2659 821 2712 mentio
834 2659 877 2711 uisi
886 2661 912 2714 de
967 2660 968 2689 r

19 2743 20 2748 ¹
114 2731 257 2853 ffissyoeris
270 2736 294 2782 et
310 2729 419 2782 diaconis.
438 2733 499 2796 Ergo
516 2731 606 2783 videtur
621 2731 681 2796 quid
697 2744 746 2782 uon
761 2731 809 2786 siut
825 2732 862 2784 alii
873 2744 910 2786 os*

151 2877 174 2923 ³.
190 2875 316 2938 Praeterea,
331 2885 372 2937 per
393 2877 560 2928 uelamentum
574 2875 662 2928 ordinis
674 2874 820 2929 constituitur
835 2875 908 2941 alsa&
