1942 3284
189 136 205 166 1

185 206 216 242 nu
229 205 396 244 teramnensis
413 199 489 245 notos
506 208 667 249 secunlum«.
777 208 824 254 8⁶⁵

16 280 112 342 tentia,
124 279 292 330 matrimonium
305 285 329 331 et
338 282 477 345 hujusmodi.
487 284 531 336 Sed
543 285 596 349 quia
605 289 732 350 potestates
741 290 824 344 intuse

16 353 74 402 sunt
84 350 172 415 priores
185 351 280 413 actibus,
293 351 350 402 sicut
362 355 521 416 etnaturaies,
531 357 636 420 quamvis
646 359 765 422 acquisitae
777 363 825 414 sint

16 422 171 488 posteriores,
187 426 272 472 remoto
290 427 366 474 autem
382 426 503 488 posteriori
516 441 562 477 non
578 428 666 478 totlitur
679 430 757 495 prius,
770 433 822 485 ideo

16 494 98 546 omnia
112 497 261 557 sacramenta,
273 493 390 558 inquibus
402 509 448 549 non
460 499 583 560 requiritur
593 503 657 550 actus
672 502 819 566 suscipientis

16 568 43 618 ie
57 564 197 616 necessitate
210 567 352 630 sacramenti,
364 569 403 618 sed
417 572 519 632 potestas
533 570 608 634 aliqua
623 572 747 636 spiritualis
761 575 820 625 diri·

16 637 84 688 nitris
94 636 169 698 datur,
181 641 278 700 possunt
293 638 358 701 pueri
375 639 508 703 suscipere,
524 645 547 691 et
558 641 597 690 aiii
612 643 709 706 quiusa
723 645 818 698 rationis

16 711 114 772 >arent3
129 707 171 758 hic
191 713 268 760 tamen
287 709 432 761 distinctione
452 709 547 773 habiti,
564 712 626 776 qnod
646 715 670 764 iu
692 715 818 769 minonhns

16 779 139 832 ordinibus
151 779 271 844 requiritur
282 779 426 832 discretionis
436 785 527 845 tempus
538 783 571 832 de
579 783 716 848 tmarestnte,
725 791 817 852 propter

16 850 156 914 dignitatem
176 851 323 912 sacramenti,
342 852 383 901 sed
401 853 494 902 nonde
511 854 657 905 necessitate
680 859 816 924 praerepti,

16 935 92 986 reque
107 921 139 970 de
150 923 293 971 necessitate
305 925 466 974 sacramenti.
482 925 547 975 Unde
561 924 646 988 aliqui,
659 927 679 976 si
690 930 817 982 necessitas

16 993 78 1044 adsit
87 994 112 1042 et
123 1005 175 1057 spes
186 992 308 1057 protectis,
318 994 347 1044 ad
362 995 460 1046 minores
469 995 559 1046 ordines
568 1001 665 1060 possunt
676 1002 730 1050 ante
742 1014 815 1054 annos

16 1063 159 1118 iiscretionis
178 1065 306 1129 promoveri
323 1066 372 1116 sine
389 1069 497 1131 peccato,
512 1069 537 1117 et
552 1066 681 1130 suscipiunt
698 1070 811 1135 ordinem,

16 1138 69 1203 qnia
84 1136 190 1200 quamuis
203 1141 256 1187 tunc
269 1137 369 1190 nonsint
383 1137 458 1188 idonei
471 1139 501 1188 ad
509 1136 585 1188 officia
596 1151 647 1202 qum
659 1139 684 1188 in
698 1140 732 1190 eis
749 1154 815 1192 com·

16 1211 153 1270 mittuntur,
165 1212 294 1273 temenper
302 1208 491 1260 assuefactionem
502 1209 580 1260 idonei
589 1210 721 1261 reddentur.
731 1212 777 1262 Sed
785 1213 814 1263 ad

16 1281 118 1345 majores
135 1279 224 1330 ordines
234 1279 356 1344 requiritur
367 1294 423 1330 usus
432 1280 535 1342 rationis,
547 1281 609 1331 etde
622 1282 739 1333 honestute
751 1283 814 1334 etde

16 1349 155 1404 recessitate
165 1351 289 1414 praecepti,
304 1353 328 1401 et
338 1355 431 1416 propter
442 1355 519 1402 votnm
531 1351 684 1416 continentias,
698 1355 757 1417 quod
771 1356 813 1405 ha·

16 1426 71 1478 rent
86 1433 216 1486 annexum,
231 1425 253 1472 et
267 1421 321 1487 quia
330 1423 401 1473 etiam
418 1423 453 1474 eis
465 1427 606 1474 sacramenta
618 1427 737 1476 tractanda
750 1439 813 1477 come

16 1496 147 1548 mittuntur.
162 1492 206 1543 Sed
215 1494 244 1543 ad
254 1493 420 1558 episcopatum,
432 1495 471 1544 uhi
482 1494 551 1544 etiam
564 1494 589 1544 in
598 1508 679 1559 corpus
689 1497 813 1560 mysticum

16 1565 130 1630 recipitur
145 1568 259 1628 potestas,
281 1564 404 1628 requiritur
422 1569 485 1615 actus
504 1565 649 1628 suscipientis
667 1578 742 1615 curam
761 1567 813 1616 ani-

16 1650 105 1690 uarnm
118 1637 269 1699 pastoralem3
284 1639 308 1686 et
316 1637 368 1686 ideo
378 1639 413 1686 est
424 1635 493 1686 etiam
504 1637 533 1686 de
547 1637 684 1687 necessitate
693 1649 813 1688 consecra-

16 1710 84 1764 ionis
93 1707 237 1772 episcopatis,
251 1708 312 1772 quod
330 1721 397 1758 usum
415 1707 510 1758 rationis
522 1709 611 1759 habeat.
628 1707 723 1767 Quidam
736 1711 813 1759 autem

16 1784 93 1835 ticunt
107 1777 166 1842 qudd
180 1779 208 1829 ad
222 1792 301 1830 omnes
313 1779 404 1830 ordines
416 1779 538 1844 requiritur
554 1792 611 1829 usus
624 1778 721 1829 rationis
732 1779 760 1830 da
770 1791 813 1830 ne·

20 1851 125 1907 essitate
135 1850 279 1912 sacramenti,
292 1852 329 1901 sed
344 1863 421 1901 eorum
434 1850 519 1900 dictum
530 1850 617 1900 ratione
630 1850 668 1900 rei
680 1849 812 1900 auctoritate

16 1939 57 1978 ron
71 1920 225 1972 confirmatur.

38 1995 80 2048 Ad
99 1991 198 2055 primum
218 2005 271 2056 ergo
287 1993 423 2053 dicendum,
440 1990 500 2055 quid
513 2004 559 2040 non
575 2005 643 2042 omne
656 1992 716 2055 quod
737 1995 772 2041 est
783 1991 813 2042 de

16 2062 149 2120 recessitate
165 2063 282 2128 precepti,
298 2067 333 2114 est
347 2063 374 2114 de
384 2063 520 2114 necessitate
530 2063 675 2125 sacramenti,
689 2065 715 2111 ut
727 2062 811 2112 dictum

16 2146 54 2194 st.

39 2209 80 2262 Ad
95 2206 219 2258 secunorm
230 2204 362 2267 dicendum,
373 2205 433 2268 qudd
447 2205 614 2255 matrimonium
627 2207 707 2254 causat
713 2218 812 2256 consen·

17 2297 65 2344 us,
78 2279 119 2343 qui
129 2277 177 2328 siue
186 2291 229 2326 usu
246 2276 339 2326 rationis
354 2289 407 2326 esse
424 2289 470 2327 non
485 2279 571 2340 potest.
584 2275 629 2326 Sed
639 2275 662 2324 in
676 2275 811 2339 receptione

16 2350 101 2407 rdinis
110 2361 155 2398 non
163 2347 283 2412 requiritur
293 2347 375 2410 atiquis
384 2350 450 2396 actus
461 2349 563 2410 exparte
573 2346 738 2411 recipientium
749 2347 811 2410 quod

16 2426 77 2478 atet
94 2433 126 2470 ex
135 2421 178 2470 troc
189 2418 249 2482 quod
263 2417 338 2468 nutius
350 2423 413 2468 actus
427 2430 455 2468 ex
466 2421 532 2481 parte
540 2430 619 2469 eorum
632 2417 768 2482 exprimitur
785 2415 811 2466 in

16 2505 94 2550 erum
108 2491 284 2541 consecratione.
302 2488 330 2539 ut
350 2488 401 2540 ideo
415 2503 461 2540 non
473 2493 511 2540 est
523 2488 605 2541 simite.

36 2565 78 2619 Ad
89 2561 181 2613 tertium
195 2561 330 2621 dicendum,
344 2560 404 2624 quod
418 2561 522 2622 ejusdem
531 2562 566 2610 est
575 2564 640 2610 actus
653 2564 678 2610 et
688 2555 809 2622 potentia3

16 2642 48 2694 ed
73 2640 152 2686 tamen
165 2633 285 2698 aliquando
305 2633 407 2697 potentia
428 2631 550 2697 praecedit,
564 2631 623 2682 sicut
638 2630 734 2682 liberum
750 2627 811 2680 arbi·

16 2715 77 2764 ium
93 2718 159 2756 usum
178 2718 252 2759 sunm.
270 2707 298 2756 ot
314 2705 347 2756 sic
360 2703 433 2756 estin
454 2703 577 2768 proposito.
