1942 3284
115 165 161 210 titi
303 177 363 214 anns
381 177 423 226 ιιι,
439 176 530 221 ourasr.
548 177 608 222 ιιι,
625 173 680 211 nnn.
696 175 724 210 ιι.
938 1 950 217 1

145 251 178 300 nd
192 251 315 300 secuudum
327 251 463 312 dicendum,
477 250 539 314 quod
550 249 661 314 protectio
674 250 787 316 columna
801 252 884 313 nubo,
897 255 916 300 ct
947 254 950 267 '

113 323 221 372 transitus
235 323 304 372 maris
317 323 396 383 Rubri,
406 324 498 373 fuorunt
510 323 612 385 quadam
622 321 700 384 figura
713 323 787 372 nostri
798 322 915 387 baptismi,

112 405 158 456 quo
175 393 313 444 renascimur
326 407 354 444 ex
364 407 423 458 aqua
437 393 564 457 significata
576 407 618 458 per
629 407 690 443 mare
701 393 820 457 Rubrum,
830 399 856 444 ct
869 394 917 457 Spi-

114 464 159 512 ritu
177 467 255 514 sancto
274 465 400 528 significato
415 478 456 528 per
470 465 599 515 columnam
616 464 695 514 nutris.
709 466 761 515 Nou
776 470 865 515 tamon
882 479 918 528 per

113 535 166 584 lraeo
183 535 251 586 fiebat
260 535 335 600 aliqua
343 537 455 600 professio
470 537 531 599 fidoi,
545 537 604 586 sicit
613 549 655 600 per
663 535 880 586 circumcisionem.
893 534 917 585 Et

114 606 166 656 idoo
184 608 292 670 prodicta
313 610 357 659 duo
377 613 441 658 erant
452 607 542 658 tannim
557 608 648 671 figura,
661 612 685 658 ct
702 615 750 658 nou
764 612 916 659 sacramenta.
951 630 953 655 ι

115 677 262 728 Circumcisio
276 683 352 728 auteur
367 684 415 730 erat
432 683 597 730 sacromentum
612 679 801 742 praparatorium
824 680 857 729 ad
870 681 919 740 bap
951 692 953 747 t

114 748 224 809 tismunr,
239 749 314 801 minis
326 755 405 802 tumen
415 750 521 814 'expressis
534 751 634 813 figurans
643 751 783 814 baptismum
792 789 800 810 ,
809 750 918 814 ouantium
951 752 953 817 ξ

116 820 145 868 ad
161 820 287 884 exteriora,
302 822 368 884 quim
390 821 506 886 praedicta.
523 823 551 870 itt
563 821 615 871 ideo
635 821 756 885 Apostolus
769 820 855 885 potiirs
870 819 920 870 iooit
951 841 953 878 r

116 893 255 944 mentionem
272 891 299 944 do
316 894 430 956 prodistis
446 893 515 957 quium
531 890 560 944 dc
575 893 758 943 circumcisions.
951 882 953 941 ἶ

149 965 183 1012 nd
197 965 288 1016 tortium
303 965 432 1028 dicandum,
444 964 504 1028 qaid
518 965 644 1030 baptismus
656 964 752 1014 ioannis
770 966 819 1016 tuit
834 977 919 1030 prapa·
951 946 953 994 1

117 1036 213 1086 rutorius
226 1037 254 1086 sd
270 1038 406 1102 baptismum
420 1037 506 1088 Christi
515 1072 523 1098 ‚
532 1041 642 1102 quantum
656 1035 685 1085 ad
693 1036 837 1087 exercitium
850 1037 919 1094 sotiis
951 995 953 1099 1

118 1107 156 1155 sed
168 1107 312 1158 circumcisio
322 1109 431 1172 quantum
444 1109 471 1158 r'd
483 1109 646 1172 professionem
656 1107 719 1169 titini,
730 1121 781 1172 quc
795 1108 921 1172 requiritur

117 1177 141 1226 in
153 1179 274 1244 baptismo,
286 1180 346 1231 sicut
360 1181 498 1231 dictumest.

127 1321 141 1360 ⁸
415 1349 621 1418 surruuuusri

205 1485 289 1529 Uirium
299 1484 532 1538 circuorcisiosuerit
546 1485 710 1528 convenienter
718 1485 844 1530 instituta.

152 1613 184 1660 nrt
202 1611 325 1661 secuudum
340 1609 373 1660 sic
386 1610 515 1674 procuditur
522 1609 567 1673 (1).
586 1610 681 1660 Videtur
697 1608 759 1674 quta
777 1609 918 1660 circumcisio

119 1683 189 1732 inerit
201 1682 389 1732 inconvenienter
399 1681 511 1732 instituta.
521 1683 583 1731 Sicut
597 1682 659 1731 enim
672 1682 757 1731 dictum
766 1685 804 1732 ost
816 1684 873 1740 (art
887 1680 916 1742 t),

119 1754 143 1802 iu
157 1754 330 1805 circumcisione
343 1753 410 1804 fiebat
420 1754 524 1817 quadam
536 1751 590 1802 fidei
602 1752 721 1816 professio.
734 1753 789 1815 Sed,
804 1752 918 1817 ipoccato
951 1762 953 1780 ¹

120 1825 188 1888 primi
207 1825 323 1888 hominis,
334 1825 409 1874 nutius
425 1837 526 1887 unquam
540 1823 622 1873 saivari
642 1824 730 1886 potuit,
741 1824 787 1875 uisi
799 1839 844 1889 por
856 1824 918 1873 nom

119 1896 231 1959 passionis
247 1896 340 1957 Christi,
354 1893 478 1946 secundino
495 1894 551 1944 iliud
565 1897 645 1951 Rom„
657 1895 704 1944 ili:
721 1897 820 1955 «Quem
839 1904 917 1960 propn-

120 1968 167 2017 suit
181 1969 241 2017 Deus
259 1966 431 2030 propitiatorem
442 1966 489 2030 (2),
503 1979 544 2031 per
556 1966 625 2016 fidem
638 1966 663 2016 in
680 1967 793 2031 sanguiue
810 1968 917 2032 ipsius.»

120 2041 179 2102 Ergo
199 2039 275 2088 statim
293 2041 343 2100 post
354 2041 473 2101 peccatum
486 2037 556 2102 primi
565 2037 666 2088 hominis
677 2038 820 2089 circumcisio
830 2032 918 2088 institui

121 2110 242 2173 debuit,ot
254 2123 301 2160 non
316 2113 418 2173 tempore
433 2110 537 2161 noraha.

120 2249 155 2292 Do
169 2248 359 2296 circumcisions
373 2247 504 2292 Bernartius
518 2254 600 2298 vocati
618 2248 659 2292 ubi
670 2253 694 2291 ct
712 2246 775 2292 artdit
786 2247 850 2303 quod
862 2242 918 2302 quis

120 2311 277 2368 simpuiorrsm
287 2309 449 2354 membrorum
463 2309 632 2354 abscissionem
644 2310 758 2354 rumoso
770 2313 856 2355 corsss's
869 2308 917 2365 {rs-

121 2374 220 2430 pilitos,
230 2378 251 2417 st
259 2373 387 2432 infantilis
397 2373 473 2417 oetotts
484 2373 618 2429 infirmitas
629 2373 771 2416 nuliatenus
779 2371 917 2417 susstimrt

119 2437 164 2493 pio
177 2435 342 2480 moderamine
356 2434 484 2492 dispositio
495 2445 604 2491 superno
616 2434 743 2490 providit,
758 2439 786 2480 ssi
800 2437 868 2478 isses
878 2443 917 2488 ρο·

122 2499 243 2544 tissimum
255 2501 326 2555 porto
345 2498 543 2554 coucupiscentia
555 2499 729 2552 rusticaretur,
738 2497 768 2540 iss
788 2509 837 2554 orso
853 2493 915 2541 octo

122 2561 227 2606 montiis
238 2573 290 2605 eam
300 2561 386 2604 sconico
399 2558 533 2607 constabat,
543 2563 565 2604 et
572 2559 705 2604 violentiis
716 2559 868 2616 motionum,
875 2559 914 2600 otr-

157 2629 187 2691 (i)
203 2633 235 2676 De
255 2633 289 2676 his
308 2632 377 2676 etiarn
394 2631 477 2688 sopri,
491 2629 514 2684 1,
531 2630 556 2681 i,
567 2643 608 2686 qu.
627 2630 687 2687 102,
699 2635 743 2676 art.
759 2629 785 2685 5,
805 2631 834 2675 ad
854 2627 882 2678 12
896 2629 917 2666 tl

122 2707 162 2749 qu.
174 2693 229 2750 toa,
242 2701 285 2740 ort.
296 2693 320 2753 1,
331 2693 399 2747 ad‘3;
414 2702 439 2738 ut
458 2693 690 2751 et1v‚Scrt.‚dtss.
708 2693 732 2750 1,
748 2705 790 2748 qu.
805 2693 828 2749 1,
840 2695 882 2737 art.
893 2687 912 2735 1.

122 2758 258 2812 quoestiuno.
268 2757 282 2802 i
294 2775 299 2808 ;
316 2763 340 2802 et
353 2769 393 2813 qu.
405 2757 430 2812 2,
445 2761 489 2802 art.
501 2755 525 2812 t,
538 2757 674 2811 quastione.
686 2758 710 2800 3.

156 2826 189 2888 (a)
207 2833 232 2874 ln
259 2832 357 2887 Vutgata
378 2829 461 2886 tegitur
482 2828 703 2886 propitiationem,
725 2828 749 2870 in
772 2837 846 2882 greco
866 2817 915 2866 soro

126 2890 264 2963 inscriptos.
