1942 3284
240 173 272 210 na
287 171 453 210 nrsrruorroun
469 173 593 225 onerant,
610 173 664 212 nro.
807 164 853 212 ets

12 246 158 312 proximi3
175 246 234 298 siout
246 247 329 307 bomo,
340 251 363 298 et
377 247 455 298 asinus
470 252 525 297 sunt
542 250 608 312 plura
623 248 731 299 animalia
746 253 770 300 et
787 251 853 314 plura

16 329 145 382 corpora
166 316 272 368 animata.
288 319 347 382 Ergo
371 322 394 369 et
411 319 561 370 sacerdotium
580 325 604 372 et
623 321 770 382 diaconatus,
793 321 854 372 sieut

18 393 88 440 sunt
98 388 188 453 plures
201 389 300 452 ordines,
312 390 344 438 ita
359 393 412 439 sunt
422 389 486 453 plura
502 390 713 454 sacramentarium
725 405 854 442 sacramen·

20 464 85 510 tum
105 461 148 509 sit
162 461 228 524 quasi
239 473 310 522 genos
324 461 352 510 ad
370 461 468 511 ordines.
503 478 506 484 ·

61 533 94 582 3.
115 532 245 594 Praeterea,
259 531 384 582 seeundum
398 531 578 596 Philosophum,
593 534 616 584 in
630 536 680 585 Vlll
694 533 735 585 lib,
751 536 855 585 Etbieo·

25 618 102 653 rum
122 619 130 653 :
146 602 277 667 «Regimen
287 603 312 652 in
322 617 367 668 quo
380 617 441 654 uuus
450 605 538 654 tantum
552 607 700 672 principatur,
713 610 748 658 est
754 607 854 658 nobilius

24 675 154 739 regimen
168 675 351 740 communitatis,
363 677 430 740 qnam
449 676 606 739 aristocratia,
622 693 666 742 qua
680 678 765 730 diversi
783 677 807 727 in
819 677 854 728 di·

27 748 120 797 uersis
143 746 227 797 oilieiis
243 746 421 799 constituuntur.
438 764 452 796 r>
471 749 516 799 Sed
537 750 638 812 regimen
657 750 766 802 Ecclesia
787 749 854 800 debet

30 831 92 870 esse
106 819 357 882 nobilissimumdrgo
371 833 417 870 non
429 820 522 870 deberet
532 833 582 871 esse
591 821 616 870 iu
625 822 726 873 lteelesia
735 820 853 874 distinctio

29 891 154 940 ordinum
170 893 196 941 ad
210 892 312 942 diversos
332 894 415 950 aetus,
436 892 476 943 sed
495 895 543 942 tota
560 896 663 956 potestas
680 895 773 944 deberet
792 893 852 958 apud

30 975 118 1012 unum
132 963 246 1022 residere,
259 961 325 1014 etsie
339 962 432 1014 deberet
443 976 494 1013 esse
505 963 594 1013 taurum
605 977 667 1014 uuus
680 966 744 1015 ordo.

70 1033 127 1082 Sed
142 1037 229 1094 eontra,
237 1034 339 1084 Ecclesia
351 1038 386 1084 est
395 1046 476 1098 eorpus
488 1034 573 1084 Christi
584 1036 706 1099 mysticum
720 1035 794 1086 simile
802 1048 854 1086 eor·

34 1104 96 1167 pori
111 1104 229 1166 naturali,
240 1104 364 1154 seeunddm
379 1105 521 1168 Apostolum.
541 1106 585 1156 Sed
596 1106 620 1155 in
640 1119 736 1170 corpore
756 1107 854 1157 naturali

36 1177 100 1224 suut
120 1174 212 1225 diversa
227 1175 378 1226 membrorum
396 1175 480 1226 oldeia.
496 1177 555 1240 Ergo
571 1181 595 1227 et
607 1177 634 1226 in
652 1176 751 1227 Ecclesia
770 1177 854 1227 debent

37 1259 98 1298 esse
115 1246 202 1298 diversi
214 1248 314 1298 ordines.

76 1319 212 1381 Praeterea,
228 1319 380 1370 ministerium
398 1321 452 1370 nori
470 1319 611 1371 Testamenti
623 1324 659 1372 est
674 1321 765 1385 dignius
784 1320 853 1384 quim

37 1389 146 1449 veteris,
168 1395 193 1440 ut
206 1394 269 1455 patet
283 1392 312 1441 ll.
332 1392 403 1451 Gor„
416 1393 446 1442 ll.
462 1393 506 1442 Sed
522 1392 546 1441 in
557 1393 630 1443 reteri
647 1394 793 1442 testamento
808 1405 854 1442 non

40 1461 124 1512 solium
137 1463 279 1526 sacerdotes,
293 1463 333 1514 sed
355 1464 425 1514 atiani
438 1463 538 1513 ruioistri
556 1477 635 1514 eorum
648 1464 733 1514 Levitae
748 1464 854 1514 sanetid-
875 1471 877 1477 ·

41 1534 165 1584 eabautur,
182 1535 242 1598 Ergo
255 1540 278 1586 et
296 1535 319 1584 io
332 1548 392 1586 novo
405 1537 553 1586 'testamento
568 1537 653 1587 debent
669 1537 797 1586 consecrari
813 1550 855 1600 per

43 1605 143 1656 Ordinis
156 1611 322 1659 sacramentum
335 1619 380 1656 non
397 1607 470 1656 solium
486 1607 629 1667 sacerdotes,
643 1607 683 1657 sed
702 1604 802 1657 ministri
815 1620 856 1659 eo-

43 1690 118 1739 rum3
134 1681 158 1726 et
170 1679 202 1727 ita
216 1682 304 1742 oportet
319 1677 379 1742 qubd
393 1679 439 1728 siut
449 1678 526 1742 plures
539 1677 645 1728 Ordines.

85 1749 293 1814 (Coucnusro.-
306 1751 335 1800 Ut
348 1749 388 1801 oei
405 1750 519 1814 sapientia
533 1750 644 1800 illustrior
658 1755 788 1814 appareret,
803 1765 854 1814 que

47 1820 74 1870 in
93 1818 240 1872 distinetione
258 1834 332 1872 rerum
354 1821 456 1870 ordinata
470 1819 568 1871 manime
582 1822 682 1884 relucet3
701 1835 747 1871 nou
763 1835 852 1887 unum,

48 1892 93 1944 sed
107 1891 185 1956 plures
199 1892 299 1956 oportuit
309 1892 334 1942 in
346 1891 447 1942 Ecclesia
463 1905 539 1942 sacros
552 1892 644 1942 ordines
660 1905 719 1943 esse.

84 1964 222 2026 Respondeo
236 1963 370 2027 dicendum,
385 1965 444 2027 qudd
460 1965 566 2015 ordinum
580 1964 699 2015 multitudo
710 1966 746 2014 est
761 1963 855 2014 indocta

48 2034 76 2086 in
94 2035 195 2086 Ecclesia
208 2039 301 2099 propter
318 2037 368 2087 tria.
387 2035 463 2088 Primb
476 2037 583 2100 quidem,
594 2039 687 2100 propter
703 2036 743 2086 bei
763 2035 854 2098 sapien-

50 2107 108 2157 tiam
130 2107 344 2170 oommendandam,
364 2121 414 2171 que
431 2108 454 2156 iu
479 2107 627 2158 distinetione
652 2120 727 2156 rerum
751 2106 855 2156 ordinata

53 2177 153 2230 maxime
167 2179 263 2242 relucet,
276 2179 359 2228 tamin
373 2177 528 2238 naturalibus,
546 2177 613 2241 quarn
630 2177 654 2227 in
669 2177 825 2241 spiritualibus
846 2193 852 2227 z

54 2249 116 2313 quod
133 2249 271 2312 significatur
282 2249 307 2298 iu
320 2251 364 2300 boo
380 2249 442 2312 qudd
456 2265 471 2296 u
484 2249 563 2312 regina
579 2249 638 2298 Saba
652 2249 733 2299 ridens
752 2248 855 2298 ordinem

54 2319 230 2370 ministrantium
242 2319 355 2370 Salomoni
367 2333 412 2369 non
423 2319 521 2370 babebat
531 2320 589 2368 ultra
601 2319 715 2384 spiritum,
727 2335 741 2366 »
748 2318 859 2368 delicians

55 2390 82 2442 iu
102 2391 245 2442 admiratione
264 2391 383 2454 sapientiae
399 2391 467 2442 illius.
489 2390 610 2453 Secundi,
631 2391 659 2440 ad
677 2388 856 2440 subveniendum

57 2465 159 2514 hnmanae
173 2462 312 2525 infirmitati,
327 2463 382 2526 quia
399 2476 441 2528 per
455 2475 525 2512 noum
540 2476 585 2513 non
599 2465 706 2526 poterant
717 2459 795 2511 omnia
805 2473 856 2524 quae

61 2536 89 2586 ad
97 2534 169 2586 diviua
179 2534 285 2598 mysteria
294 2533 449 2598 pertinebant,
457 2534 546 2598 expleri
555 2535 606 2584 sine
616 2545 698 2594 magno
705 2531 853 2594 gravamine:

63 2608 87 2656 et
99 2603 148 2654 ideo
166 2604 336 2668 distinguuntur
354 2604 449 2654 Ordines
471 2603 555 2654 diversi
569 2604 598 2654 ad
616 2603 707 2653 diversa
725 2600 818 2651 oldeia:
833 2603 857 2650 et

63 2678 105 2728 boe
117 2679 179 2739 patet
187 2689 227 2740 per
237 2679 280 2727 boo
292 2675 351 2740 qudd
364 2675 482 2736 Dominus,
492 2677 582 2731 Nem„
592 2675 632 2736 lll,
644 2673 706 2724 dedit
717 2673 790 2736 ldopsi
804 2685 858 2736 sep-

63 2747 161 2809 tuaginta
173 2760 238 2799 serres
249 2747 330 2812 populi
343 2746 367 2796 iu
377 2747 523 2810 adjuterium.
538 2745 626 2807 Tertid,
636 2750 662 2794 ut
674 2744 712 2793 ria
724 2743 858 2807 proficiendi

63 2816 185 2869 bominibus
201 2819 297 2883 amplior
309 2820 390 2878 detur,
404 2817 456 2867 dum
468 2818 546 2882 plures
558 2817 583 2867 iu
599 2815 695 2866 diversis
715 2814 795 2865 oitieiis
811 2813 860 2864 dis·

66 2889 197 2953 tribuuntur,
212 2893 238 2941 ut
254 2903 335 2943 omnes
358 2889 405 2940 siut
418 2890 459 2942 liei
478 2893 637 2954 cooperatores
655 2904 661 2938 a
677 2900 722 2952 quo
743 2886 801 2937 nibil
822 2889 859 2937 est
