1942 3284
412 152 476 189 nn
504 151 599 190 usn
627 152 962 192 nucnnnrsrm
997 155 1044 191 in
1078 143 1312 193 connum.
1433 138 1438 149 ’
1571 151 1659 195 tur

5 227 173 278 nullo
220 228 357 279 modo
380 241 548 291 corpus
575 229 751 280 Christi
776 230 876 281 sine
908 230 1129 293 sanguine
1157 244 1338 283 sumere
1369 233 1531 295 dehet,
1563 235 1659 287 aliis

4 300 152 350 vero
212 303 401 365 propter
442 300 746 353 irreverentioe
801 302 1052 366 periculum
1093 302 1238 353 solum
1286 304 1455 355 Christi
1503 323 1659 371 corpus

5 372 271 423 Ecclesiae
302 373 510 433 quaedam
536 372 751 424 exhibere
783 374 1027 437 prudenter
1053 376 1437 436 consueverunt.)

87 444 389 506 Respondeo
411 443 668 503 dicendum,
682 444 803 508 qnod
826 444 946 494 circa
962 458 1097 495 usum
1120 445 1258 508 hujus
1277 447 1547 495 sacramenti
1571 451 1659 499 *iun

6 518 247 578 possunt
272 514 587 565 considerari:
617 529 759 565 unum
788 529 844 567 ex
872 520 999 579 parte
1027 516 1174 580 ipsius
1209 519 1507 579 sacramenti;
1539 519 1655 571 siim!

7 600 84 635 ex
110 590 263 649 parte
282 587 579 637 sumentium.
615 588 685 635 Ex
706 590 835 651 parte
864 587 1046 650 quidem
1073 587 1220 651 ipsius
1240 591 1508 639 sacramenti
1543 607 1659 639 mn-

9 658 179 707 venit
208 657 330 721 quod
360 661 602 721 utrumque
630 663 857 718 sumatur,
888 658 1064 709 scilicet
1093 662 1138 709 et
1179 671 1343 722 corpus
1362 663 1413 711 >et
1443 663 1655 723 sangui-5,

13 730 151 791 quia
183 728 234 778 in
260 732 457 792 utroque
500 728 712 780 consistit
736 729 961 793 perfectio
989 729 1289 792 sacramenti;
1319 734 1365 781 et
1389 730 1519 787 iden,
1551 735 1652 795 quin

12 802 84 849 ad
127 802 419 851 sacerdotem
443 800 642 863 pertinet
674 801 761 851 hoc
798 804 1131 851 sacramentum
1159 814 1422 852 consecrare
1451 807 1495 851 et
1527 804 1659 867 perth

13 884 150 922 cere
172 909 186 931 ,
213 873 340 922 nullo
369 872 503 921 modo
534 872 671 922 debet
697 885 862 935 corpus
893 871 1065 921 Christi
1088 884 1265 923 sumere
1288 871 1388 923 sine
1415 879 1655 935 sangnine,

19 946 106 993 Ex
147 948 283 1009 parte
318 947 470 994 autem
499 944 776 994 sumentium
815 944 1062 1008 requiritur
1098 958 1272 995 summa
1303 947 1547 995 reveren-tiu
1575 987 1583 1007 ,
1613 951 1659 995 et

18 1016 250 1078 cautela,
268 1029 327 1066 ne
356 1014 527 1079 aliquid
554 1015 731 1065 accidat
753 1018 872 1079 quod
886 1019 1050 1079 vergat
1077 1015 1134 1065 ad
1155 1015 1366 1079 injuriam
1387 1019 1499 1067 tanti
1532 1035 1655 1079 11:325.-

15 1088 167 1138 terii.
198 1089 329 1147 Quod
350 1086 582 1152 praecipue
606 1091 763 1151 posset
793 1088 998 1137 accidere
1031 1087 1078 1136 in
1107 1087 1339 1149 sanguinis
1367 1091 1619 1151 sumptione
1643 1127 1651 1147 ,

22 1160 120 1222 qui
151 1160 339 1223 quidem
374 1159 413 1209 si
446 1159 624 1209 incaute
654 1163 935 1220 sumeretur,
959 1160 1017 1209 de
1040 1159 1165 1209 facili
1198 1162 1350 1223 posset
1385 1159 1571 1209 effundi.
1603 1163 1659 1207 Et

19 1233 151 1295 quia
184 1230 331 1281 crevit
369 1231 611 1281 multitudo
638 1230 807 1295 ‘populi
847 1230 1113 1291 christiani,
1155 1230 1204 1280 in
1238 1244 1326 1295 qua
1372 1231 1656 1281 continentur

24 1318 183 1354 senes
215 1308 261 1352 et
284 1303 479 1366 juvenes
509 1307 556 1352 et
584 1303 792 1366 parvuli,
824 1315 1015 1367 quorum
1039 1301 1224 1365 quidam
1261 1315 1353 1353 non
1388 1307 1495 1351 sunt
1523 1307 1655 1351 tanta:

28 1374 341 1426 discretionis
357 1413 369 1435 ,
391 1380 440 1425 ut
467 1374 685 1423 cautelam
714 1372 907 1424 debitam
933 1373 1051 1423 circa
1081 1386 1212 1423 usum
1232 1373 1370 1437 hujus
1387 1375 1653 1423 sacramenti

30 1446 316 1508 adhibeant,
346 1446 451 1496 ideo
474 1444 660 1509 provide
683 1445 732 1493 in
758 1445 1028 1507 quibusdam
1056 1443 1268 1495 Ecclesiis
1291 1444 1579 1503 observatur,
1611 1451 1655 1491 ui.

33 1518 223 1582 populo
261 1516 447 1581 sanguis
475 1517 721 1567 sumendus
749 1529 843 1566 non
879 1516 1037 1577 detur,
1066 1515 1144 1564 sed
1183 1513 1328 1564 solum
1358 1513 1385 1563 a
1423 1519 1655 1567 sacerrime

33 1592 275 1639 sumatur.

110 1661 181 1711 Ad
218 1660 416 1723 primum
446 1672 554 1723 ergo
590 1659 859 1720 dicendum,
890 1656 1012 1721 quod
1043 1657 1255 1707 Gelasius
1284 1656 1479 1719 loquitur
1507 1675 1651 1723 *nquam

37 1731 144 1782 tum
175 1733 233 1782 ad
266 1732 550 1793 sacerdotes,
586 1730 665 1793 qui
692 1731 811 1781 sicut
832 1733 983 1780 totum
1009 1731 1277 1780 consecrant
1303 1735 1651 1791 sacramentum,

37 1801 113 1852 ita
149 1803 289 1854 etiam
311 1802 395 1852 toti
438 1801 771 1852 communicare
799 1801 998 1864 debent3
1028 1804 1083 1850 ut
1117 1799 1239 1851 enim
1268 1798 1434 1863 legitur
1459 1803 1507 1851 in
1535 1803 1655 1851 [ῑῡη-

39 1874 157 1923 cilio
169 1875 389 1925 Toletano
409 1876 527 1937 (cap.
545 1878 592 1934 5,
613 1878 660 1923 et
673 1887 772 1938 cap.
797 1873 1049 1929 Relatum,
1067 1872 1174 1923 dist.
1194 1875 1242 1933 2,
1257 1872 1330 1920 De
1341 1879 1607 1923 conseri-ur,
1619 1875 1651 1935 31,

48 1962 79 1991 «
107 1945 243 2007 quale
270 1944 359 1993 erit
386 1943 652 1994 sacrificium
673 1982 686 2006 ,
704 1944 780 1993 cui
808 1956 893 1994 nec
913 1943 1013 2008 ipse
1034 1942 1292 1994 sacrificans
1311 1940 1539 2007 particeps.
1555 1959 1655 1991 esst!

44 2016 354 2079 dignoscitur.
370 2031 397 2061 n

114 2088 182 2138 Ad
210 2088 463 2139 secundum
497 2086 734 2138 dicendum
758 2125 772 2147 ,
806 2086 926 2150 quod
966 2086 1189 2151 perfectio
1216 2085 1355 2149 hujus
1389 2087 1659 2135 sacramenti

48 2172 145 2209 non
185 2158 333 2209 estin
370 2172 459 2208 usu
499 2157 721 2219 fidelium,
754 2158 833 2208 sed
876 2158 926 2208 in
965 2156 1304 2209 consecratione
1339 2159 1559 2208 materiai.
1603 2159 1659 2207 Et

49 2230 154 2280 ideo
191 2228 312 2278 nihil
348 2230 532 2292 derogat
574 2228 839 2293 perfectioni
876 2229 1018 2294 hujus
1059 2228 1360 2292 sacramenti,
1389 2228 1429 2279 si
1459 2231 1655 2295 portunus

51 2303 203 2351 sumat
240 2314 407 2365 corpus
440 2300 541 2351 sinc
580 2300 823 2364 sanguine,
852 2301 1094 2351 dummodo
1136 2301 1346 2351 sacerdos
1385 2312 1655 2351 consueram-‚-

52 2376 203 2421 sumat
229 2375 492 2435 utrumque.

118 2444 183 2493 Ad
214 2444 399 2493 tertium
437 2444 711 2506 dicendum,
738 2442 859 2507 quod
896 2442 1244 2507 repraesentatio
1267 2442 1511 2493 Dominicffi
1547 2459 1651 2503 'Jus-

56 2515 197 2565 sionis
234 2513 382 2578 agitur
416 2516 467 2565 in
499 2515 600 2578 ipsa
629 2514 969 2572 consecratione
993 2516 1132 2579 hujus
1168 2513 1463 2575 sacramenti,
1487 2515 1531 2563 iu
1567 2531 1651 2575 qua

56 2599 140 2637 non
173 2587 313 2641 debet
338 2600 507 2650 corpus
544 2586 644 2637 sine
676 2586 896 2650 sanguine
934 2586 1218 2649 consecrari3
1250 2588 1404 2650 potest
1443 2591 1591 2635 aut-etr]
1627 2591 1651 2631 ἡ

55 2659 223 2722 populo
243 2672 411 2721 corpus
431 2658 531 2711 sine
550 2658 771 2721 sanguine
788 2658 928 2708 sumi.
951 2659 1046 2709 Nec
1060 2657 1229 2710 exinde
1247 2656 1451 2721 sequitur
1471 2655 1651 2715 ath-tum!

56 2730 403 2791 detrimentum,
429 2730 536 2793 quia
572 2730 787 2781 sacerdos
828 2730 876 2779 in
916 2742 1109 2794 persona
1142 2731 1346 2781 omnium
1388 2727 1655 2791 sanguinem

59 2801 185 2852 offert
198 2803 247 2851 et
269 2800 425 2862 sumit,
450 2803 499 2851 et
519 2802 603 2851 sub
619 2804 808 2865 utraque
830 2801 982 2865 specie
1001 2804 1125 2854 totus
1143 2801 1363 2868 Cinistus⁴
1377 2799 1655 2869 continetur,

59 2875 107 2921 ut
128 2870 266 2936 supra
292 2869 497 2922 habitum
519 2875 589 2923 est
617 2873 710 2935 (qu.
737 2877 812 2935 ve,
842 2876 929 2926 art.
960 2871 1043 2935 2).-
