1942 3284
259 243 291 281 bn
308 243 469 282 SACRAUENTO
483 245 589 283 onblltls.
709 277 712 282 .
780 239 827 290 821

8 321 125 389 puaedam
144 320 285 372 consecratio
306 321 393 372 homini
413 322 549 373 exhibeatur
565 336 607 387 por
622 322 723 376 visibilia
744 325 827 392 signa,

8 396 110 447 constat
122 391 226 444 ordinem
238 404 290 442 csse
302 396 481 444 sacramentum.

39 465 82 516 nd
94 465 197 528 primum
211 474 266 526 ergo
277 463 416 528 dicendum,
430 464 492 528 qudd
505 466 610 529 quamvis
623 468 679 519 ordo
690 467 715 517 in
730 482 772 520 suo
785 484 828 522 no-

8 536 79 586 mine
92 547 144 585 non
158 533 271 600 exprimat
284 533 374 597 aliquod
386 535 503 586 materiale
513 535 653 587 clementum
663 576 670 600 ,
681 541 759 590 tammr
771 541 827 593 ordo

8 621 62 659 uon
75 606 198 658 confertur
211 604 260 656 sine
274 605 351 669 aliquo
368 605 481 658 elemento
494 608 614 658 materiali.

42 679 83 729 Ad
99 677 228 728 secundum
239 677 376 739 dicendum,
389 677 450 741 quod
465 682 592 742 potestates
605 680 770 744 proportionari
783 683 824 734 de·

8 754 73 802 berit
87 748 137 800 illis
151 748 243 811 adquae
263 751 318 798 sunt
335 763 342 799 ε
357 749 533 800 communicatio
547 754 623 800 numm
636 750 783 814 divinorum,
798 753 825 804 ad

8 833 86 887 puarn
102 820 171 870 datur
183 817 306 882 spiritualis
320 821 437 882 potestas,
452 833 500 871 uon
513 820 538 870 fit
552 821 576 869 in
592 821 680 884 anguis
693 836 735 886 per
749 823 825 888 aliquo

8 890 139 944 sensibilia
151 890 230 954 signa,
239 889 298 940 sient
306 889 331 940 in
342 891 472 942 hominibus
482 892 595 954 contingit
606 908 612 942 ι
625 896 649 942 et
662 893 825 958 ideopotestas

8 960 159 1027 spiritualis,
172 973 224 1024 quo
239 965 274 1010 cst
290 963 353 1026 ordo,
364 975 411 1013 non
425 962 545 1012 adbibetm
553 963 640 1027 angelis
650 967 823 1030 cumaliquibus

8 1033 92 1096 signis
105 1029 244 1095 visibilibus,
255 1033 313 1082 sicot
325 1033 457 1083 hominibus
468 1049 474 1084 :
485 1038 509 1085 et
518 1033 571 1085 ideo
584 1034 610 1083 in
626 1035 758 1086 bominibus
767 1039 824 1090 ordo

8 1108 47 1155 est
61 1105 247 1164 sacromentum,
261 1102 301 1153 sod
313 1115 359 1153 non
369 1102 393 1152 irr
407 1103 505 1168 augelis.

42 1175 83 1226 nd
96 1173 193 1224 temtum
207 1173 327 1226 dicendum
333 1211 341 1239 ,
355 1174 417 1239 qubd
430 1189 477 1226 non
491 1174 566 1226 omnis
577 1175 707 1228 benedictio
718 1192 769 1242 quae
782 1179 826 1229 bo·

8 1245 123 1298 minibus
136 1243 266 1304 adhibetur,
277 1246 314 1296 vel
325 1247 482 1309 consecratio,
494 1251 532 1298 est
543 1251 723 1309 sacramentum,
737 1248 790 1313 qnia
800 1253 824 1302 et

8 1315 127 1372 monachi
137 1319 162 1365 et
169 1316 263 1367 abbates
270 1317 444 1380 benedicuntur,
454 1322 531 1369 tamen
540 1319 586 1370 illae
598 1319 768 1371 benedictiones
777 1334 825 1372 nou

8 1392 73 1440 munt
86 1392 227 1438 sacramenta
243 1404 249 1436 :
266 1392 289 1438 et
305 1388 412 1440 similiter
429 1403 472 1441 nec
484 1390 571 1453 maelis
583 1391 701 1452 inunctio;
715 1391 769 1455 quia
782 1405 825 1457 per

8 1459 151 1525 hujusmodi
162 1458 333 1512 benedictiones
340 1473 386 1512 non
398 1461 533 1512 ordinantur
545 1462 616 1525 aliqui
630 1463 658 1511 ad
669 1463 821 1526 dispensatio-

8 1545 71 1585 nem
86 1529 216 1582 divinorum
231 1537 434 1594 sacramentomm,
449 1533 510 1584 sicut
520 1547 561 1597 per
576 1533 749 1586 benedictiones
763 1535 823 1585 ordi·

8 1604 61 1655 nis.
79 1602 110 1652 [lt
124 1601 176 1653 ideo
187 1615 234 1652 non
250 1607 286 1654 eet
298 1603 380 1654 simile.

305 1781 469 1834 narremus
489 1783 529 1833 lv.

10 1907 110 1957 Utricm
125 1906 208 1962 forma
225 1905 299 1962 tofus
315 1907 461 1952 sacramenti
476 1907 643 1952 convenienter
660 1907 821 1963 exprimatur.
907 1890 910 1896 ¹

45 2033 86 2084 Ad
105 2034 210 2095 quartum
225 2031 258 2081 sic
269 2032 408 2096 proceditur.
425 2032 519 2084 Videtur
532 2032 595 2097 quon
607 2032 681 2084 torma
694 2032 765 2098 hujus
783 2047 823 2085 m·

10 2101 132 2158 crementi
151 2103 338 2155 inconvenienter
358 2104 382 2154 in
402 2104 477 2155 littera
496 2104 636 2168 exprimatur
654 2104 727 2167 :quia
746 2117 822 2155 saera·

10 2179 97 2231 menta
108 2174 234 2226 efficaciam
242 2177 363 2228 habentor
371 2177 451 2227 torma.
462 2177 506 2228 Sed
515 2176 618 2227 eldcacia
626 2180 822 2228 sacramentomm

10 2254 52 2303 est
68 2261 99 2298 ex
112 2246 194 2296 virtute
208 2247 286 2296 divina
294 2283 304 2309 ‚
318 2261 368 2311 qum
381 2247 406 2298 in
420 2247 454 2298 eis
467 2247 580 2298 secretius
594 2250 702 2311 operatur
712 2248 819 2298 salutem.

10 2325 81 2383 Ergo
91 2317 116 2367 in
133 2317 203 2367 forma
217 2319 286 2381 hujus
299 2319 437 2369 sacramenti
452 2319 521 2370 debet
532 2319 582 2368 lieri
593 2318 680 2369 mentm
694 2308 722 2369 de
733 2319 818 2370 virtuto

10 2391 99 2447 divina
112 2401 152 2452 per
162 2388 332 2439 invocationem
345 2388 479 2452 Trinitatis,
492 2389 553 2441 sicut
565 2389 589 2439 in
599 2388 649 2439 aliis
663 2390 821 2440 sacramentis.

11 2484 15 2492 ·
49 2466 78 2514 2.
93 2461 217 2521 Praeterea,
229 2459 342 2523 imperare
353 2465 389 2512 est
401 2461 451 2525 ejus
465 2461 504 2524 qui
517 2460 587 2511 habet
600 2462 766 2512 auctoritatem.
777 2461 821 2511 Sed

11 2531 145 2588 auctoritas
162 2545 208 2582 non
222 2532 306 2582 residet
317 2545 389 2596 penes
405 2545 456 2583 cum
473 2532 514 2596 qni
527 2535 670 2582 sacramenta
690 2533 819 2595 dispensat,

11 2606 60 2660 sed
79 2602 229 2653 ministerium
249 2603 348 2654 tantum.
369 2605 429 2669 Ergo
450 2615 498 2654 non
522 2605 615 2654 deberet
632 2603 667 2652 uti
686 2601 821 2667 imperativo

11 2675 99 2734 modo,
112 2678 136 2722 ut
148 2674 243 2738 diceret,
253 2676 339 2740 Aptte,
351 2676 389 2727 vel
400 2677 507 2738 occipito
520 2676 563 2724 troc
577 2677 624 2724 unt
635 2673 718 2729 ettad,
728 2674 766 2724 vel
779 2673 821 2724 ali·

11 2747 77 2815 quid
91 2743 150 2795 aliud
163 2745 304 2808 hujusmodi.

52 2823 79 2868 3.
93 2818 220 2880 Proterea,
234 2818 259 2866 in
272 2817 345 2868 torma
365 2817 503 2870 sacramenti
523 2831 571 2868 non
588 2816 655 2868 debet
673 2815 723 2866 lieri
736 2814 822 2866 mentio

12 2891 67 2946 nisi
85 2888 113 2938 de
126 2885 169 2936 ms
178 2901 229 2951 qua
242 2893 295 2938 sunt
308 2889 337 2940 de
346 2889 447 2940 essentia
462 2890 608 2940 sacramenti.
623 2887 668 2938 Sed
678 2900 733 2936 usus
745 2890 826 2951 potos·

12 2961 77 3016 eatis
90 2962 187 3022 acceptu
204 2971 250 3010 non
264 2964 301 3011 cst
314 2959 342 3010 de
356 2962 455 3014 essentia
469 2962 540 3022 butus
554 2958 703 3022 cammunti,
714 2960 756 3010 sod
765 2971 823 3010 con·
