1942 3284
267 201 297 237 nn
311 199 452 242 memmius
468 199 586 239 omrem.
783 190 827 238 irc

329 385 489 438 cuneolos
501 387 529 436 ll.

43 509 116 554 lltrrim
125 522 169 566 per
177 510 319 566 baptismum
330 509 444 556 liberetur
457 511 526 555 lrorrw
535 512 565 556 od
574 512 640 556 omni
650 516 721 558 reatu
726 514 827 570 uoeati.

66 639 93 688 dd
107 639 233 688 secundnm
252 637 285 687 sic
298 637 425 701 proceditur
435 638 481 702 (l).
495 638 589 688 Videtur
606 638 666 702 qudd
688 653 729 704 per
745 641 830 706 baptis·

40 723 94 758 mun
110 723 153 760 non
173 709 281 759 liberetur
299 710 368 759 homo
381 709 409 758 ab
428 709 490 759 omni
502 714 566 759 reatu
581 711 678 774 peccati.
696 711 755 761 Dicit
766 713 828 762 enim

40 781 153 845 Apostolus,
173 783 254 840 idom„
268 781 320 830 Xlll
335 795 342 830 t
360 781 437 838 «Quae
451 779 464 829 a
478 781 603 840 becconi,
618 781 720 832 ordinata
732 787 794 833 suut.
811 799 826 830 u

37 852 76 901 Sed
86 851 147 916 culpa
167 865 217 902 non
228 852 344 901 ordinatur
357 850 400 900 nisi
416 863 458 914 por
471 863 576 914 umnam,
590 856 616 901 ul
634 853 775 916 Augustinus
791 853 829 904 di·

36 923 61 971 cit
70 923 109 985 (t).
123 924 187 987 Ergo
201 937 241 986 per
253 923 391 986 baptismum
407 935 453 972 non
463 922 550 972 tollitur
564 927 640 974 matus
654 937 727 987 pmnae
741 938 828 989 prece·

37 995 124 1044 dentium
138 999 294 1058 peccatorum.

59 1071 79 1116 2.
99 1069 234 1127 Praetcrea,
255 1066 351 1117 effectus
370 1066 508 1116 sacramenti
526 1065 626 1129 aliquam
650 1067 825 1118 similitudinem

34 1139 159 1189 debetcum
171 1139 222 1201 ipso
239 1141 391 1198 sacramento,
406 1137 460 1202 quia
474 1141 616 1189 sacramenta
628 1152 693 1190 novae
706 1139 763 1203 legis
776 1139 827 1189 eitt-

34 1210 89 1259 ciunt
98 1211 161 1273 quod
175 1212 281 1273 figurant,
292 1213 317 1258 ut
330 1209 398 1274 ouprd
409 1210 494 1259 dietum
504 1210 593 1274 csthu.
604 1215 644 1269 62,
657 1214 701 1261 art.
716 1214 739 1272 1,
752 1212 780 1261 ad
792 1209 827 1274 l).

33 1280 67 1329 Sed
80 1281 170 1332 ablutio
187 1281 327 1345 baptismalis
346 1281 414 1330 habet
427 1281 517 1344 quidem
532 1281 630 1344 aliquam
653 1281 826 1332 similitudinem

34 1365 75 1401 cun
93 1352 211 1403 ablutione
230 1351 336 1411 rnaculn,
351 1351 437 1401 nullam
458 1354 534 1401 autem
548 1351 722 1404 similitudinem
744 1353 829 1404 habere

35 1422 111 1474 ridetur
123 1437 179 1474 cum
195 1422 349 1474 subtractione
362 1423 438 1474 mattis
454 1436 536 1488 poenae.
551 1424 602 1474 Non
616 1436 669 1488 ergo
683 1437 725 1488 per
744 1423 830 1489 baptis·

37 1507 90 1544 mum
102 1496 194 1546 tollitur
207 1499 283 1545 reatus
293 1508 375 1558 poeuae.

60 1569 79 1614 t.
99 1567 235 1631 Praeterea,
258 1567 347 1617 sublato
367 1569 430 1617 reatu
451 1579 541 1630 ucenae,
560 1566 643 1631 aliquis
664 1581 710 1617 non
729 1571 833 1620 remanet

35 1635 104 1698 dignm
118 1637 206 1704 poend3
220 1643 244 1688 ct
260 1638 291 1688 ita
303 1638 412 1701 injustum
428 1640 490 1688 esset
503 1651 555 1687 eum
570 1637 654 1701 puniri.
669 1638 694 1687 Si
709 1638 780 1702 igitur
789 1652 831 1702 per

35 1707 163 1770 baptismum
178 1709 265 1760 tollitur
277 1713 354 1760 rectus
368 1722 441 1774 poenae
449 1746 457 1772 ,
472 1710 583 1774 injustum
597 1715 660 1759 esset
674 1714 727 1774 post
740 1709 831 1773 baptis-

36 1791 86 1828 nnm
100 1781 244 1846 adscendere
262 1782 370 1832 latronem
392 1780 431 1844 qui
449 1784 515 1829 antea
530 1779 678 1830 homicidium
697 1780 828 1843 commisit3

37 1853 55 1896 ct
67 1851 95 1900 ita
114 1865 159 1917 per
177 1851 311 1916 baptismum
335 1853 453 1902 tolleretur
474 1851 535 1914 rigor
558 1853 664 1903 humane
685 1851 829 1918 discipilum

36 1923 84 1980 quud
93 1927 129 1974 est
140 1923 318 1974 inconveniens.
328 1923 378 1973 Non
390 1935 444 1986 crgo
455 1935 497 1987 per
507 1921 644 1986 baptismum
650 1925 739 1974 tollitur
752 1928 830 1974 reatus

39 2004 109 2052 pono.

61 2065 99 2115 Sed
112 2070 194 2118 contro
205 2069 253 2130 cel,
266 2066 327 2130 qudd
343 2067 476 2116 Ambrosius
489 2079 558 2131 super
567 2066 622 2116 illud
636 2069 717 2124 liom„
730 2067 761 2119 xi
772 2067 827 2132 (titt

41 2135 106 2189 «Sine
115 2138 254 2203 omnitentia
265 2143 320 2188 cunt
330 2139 388 2189 dona
399 2139 441 2189 Dei
450 2143 473 2188 et
480 2138 571 2189 vocatio
581 2154 588 2187 ι
599 2155 613 2185 u
622 2139 720 2189 «Gratia
732 2139 829 2204 (iuquit)

41 2204 70 2256 id
80 2209 102 2259 in
120 2210 239 2274 baptismo
249 2209 320 2273 gratis
332 2211 408 2260 omnia
418 2211 542 2260 condonat.
556 2227 571 2256 o

63 2279 70 2343 l
77 2282 223 2334 Coumusro.
233 2283 325 2332 -Cirm
340 2295 381 2346 per
393 2281 531 2346 baptismum
543 2282 723 2333 communicetur
737 2282 828 2334 homini

66 2415 93 2478 ll)
104 2421 137 2464 Dc
150 2419 187 2463 his
199 2420 270 2464 etiam
279 2418 356 2476 supet,
368 2429 408 2474 qu.
420 2418 459 2475 68,
471 2418 538 2471 art5;
546 2425 571 2464 et
579 2420 626 2476 ΙΙΙ,
636 2418 714 2469 stuc,
723 2419 778 2466 diet.
788 2419 830 2478 le,

44 2483 75 2521 att.
90 2480 118 2537 3,
133 2481 273 2537 quaestione.
292 2481 319 2534 Ις
335 2483 418 2538 cclv,
433 2480 512 2530 Senot„
524 2482 579 2526 diet.
601 2481 626 2542 l,
640 2495 681 2538 qu,
692 2481 721 2538 Ι,
736 2489 781 2527 art.
793 2482 826 2542 1,

44 2545 165 2594 onustiuuc.
188 2544 219 2600 Ι,
235 2549 258 2588 et
275 2550 319 2588 art.
341 2543 372 2600 ³,
387 2544 523 2600 questione.
542 2543 570 2597 l;
586 2549 609 2589 et
634 2543 724 2590 Contra
743 2545 829 2595 Gaul..

43 2599 73 2648 lib.
81 2609 120 2658 lv.
136 2619 191 2662 cap.
204 2605 235 2649 59
247 2612 272 2652 et
283 2605 328 2658 'lt;
344 2614 368 2651 et
384 2606 416 2650 ud
426 2607 507 2656 llum„
517 2607 562 2664 xi,
574 2607 629 2652 lect.
640 2606 665 2666 t,
677 2609 724 2652 ool.
735 2606 749 2652 l
762 2613 786 2653 ot
797 2605 821 2661 ὃς

45 2670 95 2712 etad
108 2669 194 2716 lledr„
205 2670 254 2727 Vl,
269 2670 324 2714 lect.
337 2668 360 2714 1.

69 2735 96 2796 ti)
113 2739 146 2785 lte
158 2738 235 2785 litero
245 2737 330 2788 ertit„
343 2740 389 2794 ΙΙΙ,
405 2738 450 2794 18;
466 2741 583 2789 lletructu
595 2741 619 2796 1,
634 2739 660 2785 9.

70 2809 97 2866 (³)
110 2815 161 2858 tem
176 2816 281 2856 notatum
296 2816 332 2856 ost
344 2811 399 2856 illud
410 2823 457 2856 non
477 2823 529 2857 esec
542 2810 673 2863 Ambrosii,
687 2811 728 2855 ced
744 2822 832 2867 suppo·

45 2869 98 2916 cititii
109 2875 133 2918 in
148 2874 266 2931 Epistoiae
279 2875 343 2920 Pauli
360 2875 562 2928 commentatorio,
573 2873 711 2928 quindecim
725 2872 826 2917 Hilarius

46 2931 263 2984 diaconueromonne
276 2936 386 2999 creditur,
399 2937 440 2984 sed
452 2935 610 2984 Lucileriunue
627 2933 749 2982 Matiene
762 2932 805 2978 luit
