1942 3284
88 156 135 203 ‘tte
233 163 435 214 mensuum,
449 162 544 208 ounsr.
563 162 627 211 xxu,
640 161 698 199 nar.
717 162 744 199 u.

385 343 548 395 sanccitis
564 344 598 393 lt..

175 473 261 519 nerum
275 482 325 517 nen
335 468 470 515 incomta
486 468 694 515 &ammonium
710 469 815 527 pmsint.

121 602 154 653 nd
170 599 294 651 secundum
311 596 345 647 sic
362 594 499 659 proceditur.
514 593 610 644 Videtur
623 593 685 658 quod
702 608 751 646 non
766 596 905 649 sacerdotes

89 669 289 725 excommunicare
306 680 352 719 non
371 666 471 732 possint.
489 666 547 725 Quia
560 666 772 718 excommunicatio
786 670 826 718 est
838 672 903 719 actus

89 743 201 799 danum
213 743 239 790 ut
251 741 277 789 in
289 738 329 789 tv.
344 739 456 788 sentent.
469 736 561 787 dicitur.
579 736 623 787 Sed
637 750 685 787 non
701 738 842 789 sacerdotes
856 750 901 791 non

92 814 178 865 habent
188 812 275 862 claves.
290 812 349 874 Ergo
366 808 562 861 excommunicare
580 820 626 857 non
637 811 747 872 possunt.

121 889 145 935 ι.
160 884 286 946 Praeterea,
300 881 352 947 pius
362 879 485 944 requiritur
498 878 526 928 ad
535 878 819 941 excommunicationem,
834 878 901 945 puin

92 956 121 1007 ad
134 954 301 1007 ahsolutionem
313 953 338 1002 iu
351 953 401 1002 toro
412 948 564 1016 punitentia.
578 949 621 1001 Sed
633 951 809 1002 consacerdos
822 950 850 1001 in
858 952 904 1002 inno
958 998 959 1013 ,

90 1025 235 1093 penitentie
251 1024 369 1076 absoluere
382 1034 430 1072 non
446 1025 532 1086 potest.
547 1021 606 1085 Erpo
620 1033 664 1071 nec
677 1023 904 1075 exccmmuuicaue-
958 1048 959 1071 t

91 1113 146 1151 nem
159 1099 253 1151 interne.

122 1172 168 1223 Sed
179 1173 262 1222 contra
277 1171 326 1231 est,
339 1165 400 1231 quod
413 1163 580 1225 archidiaconi,
594 1163 664 1227 legati
677 1168 702 1215 et
717 1165 793 1217 electi
810 1180 903 1218 excon-

93 1244 224 1304 munieant;
237 1239 276 1304 apri
294 1238 430 1302 quandoque
445 1249 492 1287 non
507 1239 562 1287 sunt
573 1236 712 1299 sacerdotes,
722 1241 750 1287 ut
765 1238 861 1289 dictum
871 1241 903 1289 est

94 1313 163 1378 suprd
175 1314 226 1376 (qu.
240 1314 278 1371 te,
291 1313 334 1359 ert.
352 1308 385 1371 3).
396 1308 455 1370 Ergo
468 1320 515 1359 uon
528 1305 602 1357 sotium
616 1306 750 1359 sacerdotes
768 1320 903 1359 excommu-

92 1385 171 1437 nicare
188 1384 294 1447 possunt.

124 1450 386 1521 (enimuero-cun
400 1447 607 1501 excommunicatio
623 1460 670 1499 non
685 1448 776 1503 directe
793 1452 903 1517 respiciat

97 1528 210 1594 gratiam,
224 1527 295 1577 etiem
307 1538 355 1575 non
369 1522 510 1584 sacerdotes,
526 1520 593 1572 modo
611 1520 802 1585 jurisdictionem
817 1523 844 1573 in
856 1522 903 1575 toro

97 1600 241 1653 contentioso
255 1597 363 1659 habeant,
377 1591 575 1645 excommunicare
586 1592 703 1655 possunt.)

127 1671 265 1735 despondeo
283 1667 418 1728 dicendum,
434 1664 495 1727 quod
516 1666 671 1726 sacramenta,
686 1663 815 1727 inquibus
834 1664 902 1728 preth

97 1742 222 1804 contortor,
233 1740 366 1804 dispensare
379 1736 407 1787 ad
419 1734 480 1785 solos
494 1734 623 1785 sacerdotes
634 1734 746 1798 pertinet;
758 1739 782 1785 et
796 1734 851 1787 ideo
859 1736 902 1801 ιμ’

95 1814 140 1866 scii
156 1814 252 1877 possunt
264 1810 380 1861 absolvere
393 1809 417 1857 et
429 1806 500 1868 ligare
513 1804 538 1854 in
554 1804 603 1855 foro
617 1802 780 1869 poenitentiali.
799 1806 847 1856 Sed
860 1820 901 1857 ex·

96 1881 273 1937 communicatio
282 1893 329 1930 nun
338 1877 422 1930 directe
433 1875 525 1940 respicit
534 1876 640 1939 gratian,
651 1874 692 1925 sed
700 1888 728 1925 ex
738 1875 902 1939 consequenti,

95 1954 245 2018 inquantum
262 1953 332 2002 homo
347 1948 461 2012 suffragiis
477 1946 585 1997 Ecclesia
607 1946 718 2011 privatur,
732 1960 786 2010 quae
800 1947 831 1996 ad
852 1959 903 2010 gra·

96 2028 152 2077 tiam
167 2026 306 2088 disponunt,
318 2022 356 2072 rel
366 2022 391 2072 iu
402 2021 473 2085 pratia
482 2022 631 2081 conservant,
642 2021 667 2068 ut
680 2030 711 2068 ex
722 2018 763 2068 tv.
774 2018 899 2077 Senteat„

95 2097 149 2149 dist.
169 2100 215 2157 tt,
228 2094 278 2157 iam
298 2096 400 2144 comtum
413 2096 457 2144 est.
479 2090 508 2140 Et
524 2090 576 2140 ideo
596 2089 667 2139 etiam
686 2101 734 2139 non
751 2090 900 2153 sacerdotes,

95 2167 218 2218 dummodo
227 2162 409 2228 jurisdictionem
419 2164 520 2213 habeant
530 2160 555 2210 in
565 2160 614 2211 soro
626 2159 784 2223 contentioso,
799 2164 899 2224 possunt

94 2236 301 2289 excommunicare.

126 2308 161 2360 Ad
181 2307 280 2372 primum
300 2320 354 2371 ergo
371 2305 506 2366 dicendum,
524 2302 586 2368 qudd
604 2302 709 2367 quamtis
731 2315 778 2353 nou
798 2302 900 2353 habeant

94 2379 183 2431 clarem
191 2378 287 2441 ordinis,
302 2380 386 2429 habeut
399 2380 476 2429 tamen
488 2377 573 2427 clavem
584 2371 763 2438 jurisdictionis.

125 2450 159 2500 td
183 2450 308 2501 secuudum
326 2448 463 2511 dicendum,
478 2446 539 2511 quod
559 2444 603 2496 ista
621 2446 665 2497 duo
684 2456 709 2495 se
731 2444 817 2495 natent
839 2444 898 2495 sicut

94 2520 229 2573 excedentia
237 2525 261 2571 et
269 2530 381 2583 excessa3
395 2520 479 2571 etidec
493 2516 563 2569 alicui
573 2514 683 2581 conpetit
699 2528 788 2581 unum,
799 2516 837 2566 uui
850 2529 896 2568 non

94 2593 203 2658 competit
218 2594 289 2645 eliud.
