1942 3284
90 166 138 215 sto
256 174 317 211 rsus
330 173 372 221 111,
388 172 481 216 onnes.
497 172 580 223 nutv,
596 170 652 211 Ans.
671 170 726 209 vni.

927 141 932 182 Ι

365 354 525 405 le'lCULUS
542 354 603 403 Vill.
926 205 934 432 ἒ

103 488 106 493 ’
163 481 250 528 {lirim
259 492 324 536 equo
340 479 421 524 debeat
430 480 457 524 ies
472 491 563 535 mnpoo
579 458 715 535 parnotiiate
729 479 833 537 opponi.
927 451 935 480 ἱ

122 609 157 660 ln
168 611 271 659 ootavusn
283 607 316 656 sie
325 605 455 669 proceditur
464 602 511 669 (l).
520 604 614 655 Videtur
624 603 684 669 qunti
698 608 804 669 oporteat
815 615 904 668 aquarn

91 680 117 734 in
132 692 213 742 magna
233 678 359 742 quontitate
380 677 475 742 apponi.
493 675 558 726 Siout
580 676 641 726 enim
658 676 751 739 sangnis
767 676 796 727 le
824 676 904 726 latere

91 751 176 805 Christi
193 749 333 801 sensibiliter
350 750 434 812 fluxit,
449 750 482 799 ita
499 751 522 799 et
539 760 613 811 aqua;
628 749 689 799 unde
705 748 788 799 dieitur
809 750 903 804 loon„

90 824 165 875 lllil:
179 822 251 882 «Qui
272 820 343 883 vidit,
359 820 517 871 testinnonium
534 819 658 883 perhibuit.
679 835 693 867 u
710 820 755 869 Sel
769 832 835 883 aqna
859 830 906 868 non

91 898 171 959 posset
193 893 331 944 sensibiliter
349 905 401 943 esse
419 891 445 941 in
464 892 509 942 boo
525 893 682 953 sacramento,
703 890 749 940 nisi
769 891 793 939 in
816 873 941 956 magne'

92 966 221 1032 quantitate
234 967 364 1029 poneretur.
380 965 439 1027 Ergo
452 962 544 1012 videtur
560 962 620 1026 quod
640 974 700 1025 aqna
713 962 795 1013 debeat
809 958 942 1028 apponi
935 961 941 992 ²

91 1037 117 1087 in
130 1050 213 1101 magne
226 1037 363 1100 quantitate.

124 1110 149 1159 Ξ.
163 1109 285 1171 preterea,
300 1118 369 1171 parua
387 1119 446 1171 aqua
459 1104 532 1156 multo
547 1103 602 1155 uiuo
620 1105 720 1157 admixta
736 1106 904 1170 corrumpitur.

93 1175 158 1241 onon
182 1183 259 1229 antem
281 1181 483 1243 corruptumst,
504 1176 615 1241 jamnon
636 1180 682 1226 est.
704 1178 765 1241 Ergo
783 1177 850 1229 idem
869 1178 905 1228 esi

93 1264 210 1317 apponere
229 1264 308 1315 perum
326 1251 354 1301 de
366 1263 425 1313 aqua
437 1249 462 1299 iu
480 1251 525 1299 lroe
540 1253 697 1311 sacramento,
712 1254 735 1299 et
748 1250 808 1299 nibil
821 1260 903 1314 appo-

92 1324 218 1376 sereser
237 1335 284 1372 non
301 1320 356 1371 lieet
376 1321 434 1371 nibil
450 1332 575 1386 apponere.
595 1320 655 1383 Ergo
679 1334 726 1371 non
743 1320 799 1373 lieet
816 1332 902 1387 parnis

93 1407 218 1459 apponere.

123 1470 148 1515 8.
165 1468 293 1526 Preterea,
307 1464 453 1517 sisuffieeret
465 1477 545 1529 parurn
560 1476 684 1528 apponere,
695 1476 737 1526 per
750 1474 899 1528 consequens

90 1540 153 1589 esset
163 1538 280 1588 sufficiens
294 1536 355 1601 qnod
369 1540 512 1601 guttasque
529 1536 554 1585 in
570 1538 644 1586 toturn
669 1534 754 1585 dolium
768 1536 899 1600 projicere-

91 1612 138 1659 tur.
157 1610 202 1661 Sed
222 1611 267 1661 boo
276 1608 366 1660 uidetur
377 1608 508 1660 ridiculum.
520 1608 579 1671 Ergo
593 1620 640 1659 non
653 1607 737 1658 suliioit
755 1606 817 1671 quoe
828 1615 901 1672 parva

93 1682 208 1744 quantitas
224 1684 363 1745 apponatur.

125 1754 171 1805 Sed
187 1757 265 1806 eontra
280 1759 330 1817 est,
350 1753 410 1817 qnod
422 1753 510 1804 listro
520 1752 552 1803 de
567 1752 732 1803 celebratione
745 1754 895 1811 missurum,

95 1824 179 1875 dieitur
197 1842 204 1875 ι
218 1844 232 1874 «
245 1826 391 1876 Pernieiosus
404 1825 430 1874 in
443 1825 490 1875 tuis
506 1824 607 1889 partibus
620 1823 715 1875 inolevit
727 1825 821 1889 abusus,
834 1822 899 1873 ride·
955 1834 956 1841 ¹

94 1894 148 1945 lieet
161 1896 222 1959 qubd
234 1896 258 1945 in
269 1896 351 1959 majori
370 1895 498 1958 quantitate
512 1896 540 1947 de
560 1908 618 1960 aqna
632 1896 657 1947 in
671 1896 781 1947 sacrificio
796 1894 896 1960 ponitur,

94 1965 163 2028 quin
176 1967 205 2016 de
224 1966 293 2028 uino;
309 1966 376 2030 eum,
394 1965 521 2018 seeunlium
537 1968 693 2019 rationabilem
708 1966 897 2021 consuetudinem
955 1976 956 2039 3

93 2036 202 2158 sueres?
215 2037 345 2103 generalis,
359 2040 413 2104 plns
431 2038 457 2089 in
478 2039 530 2105 ipso
544 2039 575 2092 sit
593 2040 621 2091 de
636 2039 690 2093 rino
707 2040 777 2105 qulrn
791 2039 819 2091 de
837 2045 896 2103 epita
955 2042 956 2049 ’

129 2122 175 2159 nen
191 2123 238 2160 um.
955 2146 956 2164 ,

96 2121 288 2245 po(Coruasnnsro.
308 2209 339 2220 -
357 2184 384 2233 ln
407 2184 552 2237 eucharistie
578 2186 719 2235 sacramento
741 2181 893 2240 conficiendo,

95 2250 212 2316 paululum
234 2265 298 2316 aquae
312 2253 367 2305 uino
389 2255 545 2318 miscendum,
562 2269 592 2307 ne
607 2256 655 2306 vini
669 2254 758 2320 speeies
772 2252 894 2312 soluatur.)

128 2324 264 2387 Respondeo
275 2325 412 2391 dicendum,
426 2327 489 2391 quon
503 2328 562 2378 eirea
575 2341 657 2392 aquarn
675 2328 810 2390 adjunetem
827 2324 892 2383 nno,
955 2315 956 2330 ¹

96 2393 155 2445 sieut
174 2395 320 2447 lnnoeentins
340 2399 381 2448 lll.
399 2398 455 2449 dieii
474 2398 500 2448 in
513 2400 610 2463 quedam
627 2398 782 2463 Decretaliffi)
795 2432 802 2459 ,
817 2393 894 2459 triplex

95 2468 133 2516 est
147 2466 225 2530 opinio
235 2482 242 2516 z
252 2469 348 2529 Quidam
362 2469 425 2521 enim
435 2470 513 2521 dieunt
524 2470 586 2534 quod
599 2483 658 2535 aqua
669 2470 779 2534 abiuneta
792 2469 846 2519 rino
855 2477 891 2531 per
955 2515 956 2532 ,

96 2549 123 2590 se
137 2542 232 2602 menet,
245 2540 300 2591 rino
311 2554 419 2593 converso
429 2541 455 2592 in
465 2540 610 2605 sanguinem.
624 2542 669 2593 Sel
681 2543 732 2593 beo
745 2540 823 2605 opinio
837 2541 890 2590 stass

129 2699 163 2765 (1)
177 2705 256 2750 liebus
270 2706 340 2752 etism
352 2706 488 2764 IVSeot..
502 2704 549 2753 (list
567 2705 709 2766 11,.‚qns
724 2704 794 2752 arti
801 2712 888 2766 ‚quse
955 2727 956 2742 r

97 2765 213 2820 tinno.;3
231 2739 540 2828 esl.cor.l'i1,leet.,6
556 2769 639 2815 colb.

97 2835 278 2959 §affixisti
280 2840 310 2885 de
330 2840 441 2887 celebrat.
461 2840 612 2892 literarum,
626 2852 679 2899 esp.
706 2838 768 2886 Cium
787 2836 890 2887 osorton

197 2902 287 2948 siout.

15 2953 24 3104 i
