1942 3284
174 227 204 264 nu
219 225 387 264 mrunruunars
403 227 478 265 nurus
494 226 652 265 sacuarmurr.
764 213 811 260 867

25 306 96 362 itate,
110 301 161 353 licet
177 301 207 354 sit
224 302 251 352 de
273 301 409 353 necessitate
428 302 549 366 precepti,
565 301 617 352 cium
636 313 684 352 uon
701 299 812 362 impediat

25 377 149 428 totestatem
158 410 165 436 ,
175 371 214 424 sed
224 375 299 423 actum
308 371 407 424 mutium.
418 375 448 427 Et
459 373 541 425 similis
551 373 609 424 ratio
622 376 657 423 cst
667 373 695 423 de
703 371 809 422 omnibns

25 448 57 513 pui
72 449 123 496 sunt
138 443 187 494 ali'n
206 443 315 508 obligati,
335 447 361 495 ut
377 445 504 497 ratiociniis
522 444 624 508 detenti,
639 448 663 495 et
679 442 811 507 hujusmodi

25 529 130 570 ursone.

46 588 81 638 nd
97 586 192 651 primurn
206 583 408 647 praedicendum,
422 585 483 648 quod
498 586 522 636 iu
532 588 676 652 susceptione
686 583 812 650 spiritualis

25 657 133 709 intestatis
155 660 189 706 est
211 655 286 719 aliqua
302 655 408 719 obligatio
429 656 458 706 ad
478 656 554 720 aliqua
576 659 646 709 etiarn
664 654 810 721 corporaliter

25 729 113 794 genda.
126 727 155 777 lit
167 727 220 778 ideo
232 740 274 790 per
284 727 423 790 corporalem
438 727 604 792 subjectionem
619 729 750 793 impeditur.

48 799 82 850 ild
92 799 213 850 secundum
223 796 352 859 dicendum,
365 796 425 860 qnod
435 811 463 848 ex
475 797 553 848 multis
562 799 612 850 aliis
623 813 674 862 quae
685 813 731 850 non
741 810 813 863 prus-

25 875 66 922 ant
86 869 270 934 impedimentum
286 867 417 920 executioni
429 870 548 932 ordinum,
562 873 640 934 potest
653 871 735 934 aliquis
745 882 814 921 occa·

24 945 104 996 ionem
114 939 248 991 humilitatis
262 939 372 1003 accipere.
388 939 417 988 lit
427 939 479 990 ideo
492 940 550 991 ratio
565 941 733 1004 consequitur.

48 1015 83 1065 Ad
93 1012 183 1064 tertium
192 1011 328 1072 dicendum,
337 1010 396 1074 quod
408 1011 435 1062 Β.
448 1013 558 1063 Paulinus
569 1011 749 1063 exabundantia
759 1013 814 1064 olra-

25 1084 90 1135 itatis
103 1081 183 1146 spiritu
197 1081 237 1131 lici
248 1082 329 1131 ductus
341 1081 386 1131 hoc
396 1081 466 1146 iccit3
479 1083 539 1145 quod
548 1084 582 1134 rei
593 1085 689 1134 euentus
698 1083 812 1147 probauit,

25 1157 69 1220 nia
82 1167 123 1218 per
136 1153 187 1216 ejus
200 1151 335 1204 servitutem
347 1151 412 1201 mnlti
428 1153 455 1202 de
469 1165 537 1219 grege
555 1167 597 1205 suo
611 1157 668 1204 sunt
680 1152 694 1202 d
704 1154 814 1204 seruitute

25 1225 104 1277 ¹lucrati
119 1225 160 1288 (ut
172 1222 205 1272 ihi
218 1221 339 1284 retertur),
360 1222 389 1272 Et
405 1221 457 1272 ideo
474 1236 520 1274 uon
537 1225 614 1275 estad
628 1223 816 1287 consequentiam

25 1295 165 1357 radendum,
188 1291 240 1357 quia
265 1309 279 1341 a
303 1292 342 1344 ulei
373 1292 466 1358 spiritus
488 1295 591 1359 Domini,
616 1295 649 1346 ibi
668 1295 778 1354 libertas,
797 1310 814 1342 u

25 1371 41 1420 i.
68 1367 136 1420 Com,
152 1365 190 1414 111.

44 1438 193 1500 adquorum
206 1434 334 1498 dicendum,
346 1434 406 1498 quod
415 1433 480 1498 signa
492 1437 666 1488 sacramentalia
673 1451 703 1488 ex
715 1436 814 1487 naturali

25 1507 166 1561 imilitudiue
176 1509 352 1570 repraesentant3
364 1505 446 1556 mulier
459 1509 536 1555 anum
545 1519 575 1557 ex
586 1510 668 1557 natura
677 1507 747 1558 hallei
760 1507 816 1558 sni-

25 1577 152 1639 uodonem,
166 1577 205 1627 sed
219 1589 266 1626 non
276 1588 365 1626 servus.
379 1575 408 1624 Et
420 1575 472 1626 ideo
485 1588 531 1626 non
547 1580 583 1626 est
596 1577 679 1627 simile.

45 1649 83 1700 ad
94 1647 196 1712 quintum
207 1645 338 1708 dicendum,
347 1644 407 1708 quiid
419 1644 439 1694 si
450 1649 485 1696 ost
494 1650 611 1711 promotus
625 1646 712 1697 sciente
723 1646 819 1698 donnino

25 1734 73 1782 uo,
89 1720 112 1767 et
130 1729 175 1768 non
191 1717 341 1779 reclamante,
356 1729 385 1766 ex
405 1715 448 1766 hoc
468 1715 521 1780 ipso
537 1717 634 1768 efficitur
652 1718 781 1782 ingenuns3
796 1718 817 1768 si

25 1798 92 1845 utem
107 1802 134 1840 en
147 1789 270 1848 nesciente,
285 1792 339 1837 tunc
352 1786 473 1852 opiscopus
486 1791 510 1838 et
518 1787 557 1837 ille
567 1789 605 1852 qui
613 1789 770 1852 praesentarit,
780 1793 816 1840 te·

26 1865 100 1917 entur
116 1861 205 1910 domino
218 1859 242 1908 in
252 1858 361 1922 duplum,
374 1857 442 1920 quam
457 1858 489 1908 sit
501 1857 600 1922 pretinm
618 1859 693 1922 serui,
709 1859 729 1910 si
742 1858 818 1910 scive-

25 1938 68 1986 nnt
82 1931 159 1996 ipsum
174 1943 225 1982 esse
240 1943 348 1993 servum3
364 1928 437 1990 alias,
452 1927 472 1979 si
487 1941 567 1979 seruus
579 1930 662 1980 ualeat
683 1929 820 1994 peculium,

25 2007 83 2058 eluet
104 2001 205 2066 seipsum
218 2001 329 2052 redimere
344 2015 350 2050 z
367 1999 469 2064 alioquin
482 1999 622 2064 redigeretur
637 2001 661 2050 in
681 2001 817 2052 seruitutem

25 2073 105 2130 omini
123 2072 174 2136 sui,
192 2072 362 2123 nonobstante
380 2070 440 2135 quod
462 2071 563 2122 ordinem
578 2086 645 2122 suum
667 2071 751 2136 exequi
770 2084 817 2123 non

25 2149 102 2200 otest.

308 2249 469 2301 audiendus
484 2250 524 2300 IV.

44 2375 137 2425 Utrum
149 2378 248 2432 propter
258 2375 414 2484 hommidiuulul
420 2377 509 2484 'gom
522 2377 610 2434 ottonis
620 2375 651 2420 ab
667 2374 791 2420 ordinibus

354 2450 397 2495 pro
415 2451 425 2483 a
452 2451 484 2484 rc.

45 2565 84 2618 ad
100 2565 208 2628 quartum
227 2563 260 2614 sic
274 2562 411 2626 proceditur.
424 2563 521 2614 Videtur
531 2563 591 2628 qudd
605 2566 698 2628 propter
715 2559 817 2611 lrornici·

25 2641 77 2690 ium
93 2647 143 2685 non
152 2634 233 2684 debeat
247 2631 329 2697 aliquia
342 2631 434 2682 isauris
447 2633 565 2684 ordinibus
575 2631 699 2697 prohiberi.
715 2631 771 2690 Quia
780 2643 819 2682 or-

25 2712 81 2760 incs
105 2703 179 2755 nostri
199 2707 347 2768 sumpserunt
366 2702 457 2753 initium
470 2701 485 2752 dr
498 2703 628 2754 levitarum
648 2702 736 2766 olido,
751 2706 777 2753 ut
793 2701 819 2751 in

25 2775 161 2832 raecedenti
172 2773 318 2826 distinctione
328 2775 412 2826 dictum
422 2779 467 2824 est.
478 2773 523 2825 Sed
535 2775 622 2825 Levitae
631 2776 820 2825 consecrauemnt

25 2862 97 2902 nauus
114 2859 169 2898 suas
185 2845 210 2894 in
226 2845 344 2910 sauguinis
356 2843 467 2896 effusione
486 2844 579 2894 tratruru
597 2857 702 2908 suorum,
714 2847 740 2894 nt
754 2848 823 2908 patet

25 2921 114 2978 laud„
126 2917 220 2971 lllllill.
232 2919 291 2981 Ergo
305 2921 328 2968 et
338 2917 431 2970 iunoro
444 2916 587 2968 destruendo
600 2929 645 2967 uon
655 2916 739 2968 debent
748 2913 822 2979 adqui
