1942 3284
129 190 159 238 ot
312 200 372 237 rans
388 199 429 248 ιιι,
447 198 540 244 ριιιει.
557 198 623 248 cxiv,
640 200 695 237 rar.
713 198 749 237 ιιι.

128 275 228 328 toritatis
237 275 263 325 in
277 275 423 326 sacramentis
435 275 529 338 habuit,
539 274 565 325 in
576 278 687 339 quantum
696 276 752 326 uerit
763 272 934 337 homo‚hahnit
953 302 954 305 =

129 346 250 397 ministerii
271 347 402 411 principalis
420 348 571 411 potestatem,
589 362 630 398 seu
642 346 805 409 excellentiae,
819 350 933 413 qnatenus

130 418 181 483 ipse
195 423 230 469 εει
245 420 283 483 qui
300 433 340 483 ρει
350 420 482 483 passionem
497 432 566 469 snam
579 419 695 471 meritorie
713 424 737 470 et
748 420 854 471 effective
876 433 931 485 ope·
953 476 954 479 ,

132 494 195 541 ratus
206 490 362 541 tricennium
375 491 513 551 salutemet
524 490 849 541 meruitutiniliinsnomine
862 505 928 542 sanc-

133 561 281 621 tificarentur,
297 566 321 613 et
337 562 512 613 instituerentur
525 568 677 628 sacramenta,
696 563 735 627 qui
756 564 841 627 absque
860 576 933 615 sacra·

133 634 218 684 mentis
229 635 305 699 potuit
317 636 380 685 soins
389 636 497 686 homines
510 634 656 699 justificare.)
953 644 954 693 j

165 706 302 771 Respondeo
310 707 439 771 dicendum,
447 706 508 771 qnid
521 706 652 757 interiorem
661 710 856 757 sacramentorum
869 707 936 757 eiiec-
953 722 954 727 ¹

136 779 184 826 tum
199 782 304 841 operatur
317 778 433 840 Christus,
448 783 471 829 ει
484 778 608 829 secundum
629 778 690 842 quid
706 782 742 829 εει
763 780 838 843 Deus,
854 782 877 829 ει
901 791 937 829 se·

135 848 234 898 ennium
249 849 310 914 qu‘oi
325 853 363 900 εει
376 851 462 914 homo;
476 850 542 900 aliter
560 852 636 901 tamen
652 854 675 900 et
688 850 761 899 aliter.
772 852 839 913 Nam,
854 863 937 900 secun·
953 870 954 883 ι

136 919 190 970 dim
201 920 307 985 quidest
318 922 393 985 Deus,
405 925 512 986 operatur
526 922 549 970 in
559 922 705 971 sacramentis
718 935 759 986 ρει
770 920 936 983 anctoritatem
953 932 954 937 ’

134 992 258 1042 sennanim
270 997 347 1043 autem
355 993 416 1057 qnod
425 998 460 1044 εει
468 995 546 1055 homo,
557 997 664 1055 operatur
674 994 702 1042 ad
713 993 833 1043 interiores
843 992 937 1043 effectus

136 1067 326 1115 sacramentorum
343 1064 458 1115 meritorie
474 1067 499 1114 ει
519 1062 653 1126 efficienter,
667 1065 707 1114 sed
725 1063 936 1115 instrumentaliter.
953 1078 954 1087 ¹

134 1132 225 1182 Dictum
239 1139 274 1186 est
293 1135 354 1185 enim
367 1136 419 1199 (qu.
437 1139 466 1185 tit
478 1138 498 1197 ι,
512 1134 571 1199 quid
589 1136 666 1199 passio
689 1134 789 1197 Christi,
804 1149 856 1199 quae
874 1148 938 1185 com-

134 1204 193 1269 petit
206 1205 226 1254 ei
242 1206 366 1256 secundnm
378 1208 502 1255 humanam
518 1209 639 1267 naturam,
659 1219 728 1256 cansa
742 1209 778 1256 εει
787 1210 870 1256 nostra
883 1206 939 1270 jus-
953 1212 954 1233 ³

135 1274 282 1339 titicatiunis,
298 1283 322 1329 ει
333 1277 457 1340 meritorie,
470 1281 494 1327 et
504 1278 619 1340 effective,
633 1292 680 1328 non
691 1277 782 1341 quidem
792 1292 833 1342 ρει
847 1279 940 1329 medum
953 1282 954 1301 ³

135 1348 268 1412 principalis
285 1350 387 1413 agentis,
402 1348 451 1400 sire
470 1363 511 1413 ρει
533 1350 690 1400 auctoritatem
698 1386 707 1412 ,
725 1350 766 1399 sed
785 1362 828 1413 ρει
847 1348 954 1415 ιιιοιιιιιιιῨ

135 1420 289 1484 instrumenti,
297 1420 319 1469 in
330 1421 576 1484 quantimhumanitas
585 1426 620 1471 est
628 1422 805 1471 instmmentum
813 1420 940 1471 diuinitatis
953 1430 954 1441 ¹

137 1494 197 1553 ejus,
207 1497 232 1542 ut
243 1492 401 1556 supridictnm
410 1496 446 1543 εει
455 1492 501 1557 (ι).
515 1494 560 1543 Sed
567 1498 645 1543 tamen
654 1493 707 1557 quia
717 1494 752 1541 εει
761 1491 939 1543 instrumentum
953 1556 954 1559 Ἴ

137 1564 284 1628 conjunctum
297 1565 412 1615 diuinitati
422 1566 448 1614 in
459 1578 571 1629 persona,
584 1566 652 1615 habet
666 1564 786 1627 qnamdam
804 1564 939 1627 principaii·
953 1570 954 1633 t

135 1638 206 1686 tatem
221 1640 245 1687 ει
258 1638 412 1688 causalitatem
421 1641 527 1701 respectu
537 1638 739 1688 instrumentorum
748 1634 939 1697 extrinsecorum,
953 1670 954 1685 2

137 1706 177 1769 mii
187 1711 241 1757 sunt
257 1708 354 1759 ministri
365 1709 486 1771 Ecclesiae,
499 1712 524 1758 ut
543 1724 571 1759 ex
585 1722 652 1771 supra
667 1708 735 1758 dictis
749 1708 815 1770 patet
827 1707 883 1771 (art.
900 1710 939 1769 t).
953 1716 954 1751 ι

136 1777 166 1827 Ει
179 1777 246 1839 ideo,
261 1779 321 1829 sicut
334 1778 450 1843 Christus,
465 1781 490 1829 in
504 1784 614 1843 quantum
631 1782 706 1842 Dens,
721 1779 790 1829 lrabet
802 1784 941 1842 potestatem
953 1782 954 1847 i

137 1850 280 1900 auctoritatis
293 1852 318 1900 in
330 1850 486 1913 sacramentis,
498 1852 537 1914 ita,
553 1852 577 1899 in
591 1854 699 1913 quantum
714 1851 800 1911 home,
814 1851 882 1901 habet
896 1857 954 1915 po*

136 1923 242 1971 testatem
258 1922 380 1971 ministerii
394 1920 540 1986 principalis,
557 1922 605 1972 sire
624 1925 760 1985 potestatem
780 1923 954 1989 excellentias

136 2005 188 2055 qun
201 1994 292 2056 quidem
302 1993 405 2043 consistit
418 1994 442 2043 in
452 1997 549 2056 quatuor
562 2009 569 2042 t
581 1992 653 2057 primi
668 1994 769 2057 quidem,
782 1994 806 2042 in
822 1996 866 2045 iroc
879 1990 954 2058 quirit

136 2064 243 2112 meritum
257 2068 280 2115 ει
293 2066 366 2113 virtus
378 2064 429 2127 ejus
441 2067 547 2127 operatur
560 2064 585 2113 in
600 2064 757 2124 sacramentis,
771 2064 877 2131 utsupra
891 2058 954 2117 dic-³

135 2136 185 2183 tum
197 2138 232 2183 εει
244 2136 252 2198 (
263 2150 303 2197 ιρι.
318 2139 358 2184 62.
372 2138 415 2184 art.
432 2134 477 2196 5).
492 2132 587 2197 Etonia
606 2134 679 2185 virtus
692 2134 808 2199 passionis
822 2138 943 2201 copulatur

137 2205 204 2255 nobis
215 2219 257 2269 ρει
273 2206 357 2265 fidem,
371 2203 496 2255 secundum
512 2204 568 2254 iilud
582 2206 663 2264 Rom„
682 2206 713 2255 iii
730 2222 735 2254 :
750 2222 763 2253 u
778 2206 850 2265 Quem
864 2209 944 2271 posuit

136 2278 197 2327 Deus
217 2276 385 2341 propitiatorem
404 2289 445 2341 ρει
463 2274 530 2326 tidem
551 2276 704 2341 insanguine
723 2278 814 2342 ipsius3
838 2294 852 2325 n
873 2272 954 2343 qnam]

138 2349 204 2399 tidem
217 2362 258 2413 ρει
270 2349 438 2399 invocationem
450 2348 551 2398 nominis
563 2349 647 2400 Christi
656 2354 817 2414 protestamur,
832 2352 894 2415 idco,
906 2344 954 2404 sta-³

137 2420 221 2485 cnudo,
238 2422 264 2471 ad
279 2424 416 2485 potestatem
432 2420 580 2485 excelientia,
595 2420 661 2484 quim
672 2423 773 2473 Christus
787 2422 857 2473 habet
868 2425 893 2474 in
908 2432 954 2475 sar-¹

139 2492 267 2556 mamantis,
281 2492 390 2557 pertinet,
403 2491 463 2555 quod
477 2492 502 2542 in
511 2492 562 2556 ejus
575 2494 666 2543 nomine
679 2498 823 2543 sacramenta
837 2484 954 2545 nuccii-i

170 2607 204 2671 (l)
220 2611 283 2664 Quod
294 2624 335 2667 per
344 2612 437 2657 modurn
448 2610 524 2657 meriti
534 2612 627 2668 quidem
636 2646 641 2673 ‚
651 2613 700 2657 sive
709 2611 837 2667 meritorie,
849 2625 892 2669 qu.
903 2601 954 2674 oss

137 2676 181 2717 art.
201 2673 230 2727 ις
247 2674 309 2731 qnod
324 2673 430 2720 effective
446 2680 541 2731 antem,
558 2676 608 2721 siva
626 2686 668 2732 per
687 2674 782 2719 modum
801 2664 954 2731 efficientium

136 2736 192 2791 quia
209 2736 340 2782 hnmanitas
354 2740 404 2781 erat
414 2737 542 2783 dlvinitatis
556 2736 744 2793 instrumentum,
755 2736 837 2783 cadem
847 2728 954 2795 quaest-,3

138 2803 182 2844 art.
195 2796 218 2842 6.
235 2800 279 2845 sed
290 2800 352 2856 qnod
369 2800 439 2845 etiam
454 2812 510 2845 caro
527 2800 563 2845 vei
575 2799 708 2845 humanitas
719 2800 901 2847 instrumentum
915 2801 954 2889 sitp

138 2858 281 2920 divinitatis,
298 2875 339 2919 qu.
364 2862 407 2919 18,
423 2869 468 2908 art.
489 2863 517 2919 2,
534 2862 564 2905 ad
583 2862 614 2921 2,
633 2866 657 2907 ει
678 2866 722 2908 art.
739 2860 768 2923 3,
783 2862 807 2906 in
827 2874 908 2925 corp,
921 2868 954 2908 ει

138 2934 179 2979 ιρι.
189 2921 228 2984 43,
246 2932 292 2972 art.
300 2925 325 2986 θ,
340 2927 363 2971 ει
374 2937 415 2981 qu.
423 2923 465 2980 aa,
481 2928 526 2969 art.
536 2922 560 2981 i,
571 2923 601 2968 ad
611 2924 636 2969 ἢ.
953 2912 954 2971 ι
