1942 3284
190 183 220 222 uo
237 185 392 222 sannionum
406 187 524 223 aarum
538 186 675 222 uncrrours.
760 218 763 222 Δ
789 177 834 225 tto

16 261 126 326 propter
142 257 233 310 onorem
249 258 351 322 pertinet
362 259 390 310 ad
407 259 534 312 bonitatem
548 261 632 321 tame,
646 273 690 324 qua
704 261 734 311 te
754 266 834 313 caetero

17 345 75 383 non
88 328 194 392 indigent
208 333 337 394 propterea
354 335 478 392 exeuntes,
490 332 530 382 set
543 331 648 395 indigent
658 331 747 381 tantiam
759 333 834 384 nitore

15 400 195 464 conscientiae,
213 401 253 465 qui
272 414 313 464 per
326 402 402 452 oteum
414 401 564 466 significatur.

55 473 97 524 nd
118 472 242 522 seeundum
260 472 396 534 dicendum,
412 473 472 536 quot
492 473 572 524 uinum
589 478 656 526 sanat
670 475 834 538 mordicando,

15 545 67 596 sed
86 543 164 593 oleum
180 543 285 595 leniendo
301 549 343 594 :et
352 543 405 595 ideo
415 545 504 596 curatio
513 558 555 609 per
564 546 644 597 uinum
653 547 727 613 magis
735 545 835 609 pertinet

15 617 52 667 ad
74 613 252 679 poenitentiam,
267 613 336 680 quam
348 615 377 666 ad
389 618 434 666 troo
450 621 626 668 sacramentum.

56 685 99 738 Ad
122 684 213 736 tertium
234 684 369 748 dicentum,
385 685 447 750 quod
466 688 543 737 oleum
563 688 646 753 olium,
665 688 771 753 quamuis
790 702 836 739 uon

15 759 117 822 urbique
134 761 233 820 crescat,
254 761 331 808 tamen
348 759 376 808 te
394 758 456 810 sarili
476 762 554 823 potest
576 761 603 810 at
620 761 744 824 quemlibet
760 761 835 811 lotum

14 827 156 880 transferri.
169 829 197 878 Et
210 831 319 893 praterea
329 828 373 879 hoo
385 834 554 881 sacramentum
564 843 611 880 non
623 835 658 881 est
669 835 741 882 tante
756 843 835 882 neces-

14 900 123 962 sitatis,
135 898 197 965 quod
209 903 319 950 exeuntes
334 899 385 952 sine
397 901 442 952 hoe
457 906 598 953 sacramento
612 914 659 952 non
671 902 763 965 possint
774 902 834 954 salu·

13 980 76 1026 tum
91 971 216 1036 consequi.

329 1079 491 1131 turicutus
509 1079 539 1131 V.

169 1204 254 1250 tltriem
264 1207 371 1261 oporteat
386 1205 466 1252 oleum
480 1218 530 1250 esee
539 1209 710 1251 omueeratm

54 1329 98 1383 nd
108 1325 212 1392 quintum
225 1328 258 1380 sio
267 1329 403 1394 proceditur.
415 1329 581 1395 videturquoti
589 1345 635 1382 non
649 1333 837 1396 oporteatoieum

13 1417 79 1456 esse
96 1403 261 1451 consecratum.
277 1399 334 1460 Quia
344 1401 389 1450 hoo
403 1406 570 1452 sacramentum
588 1403 658 1454 habet
668 1416 737 1452 unam
748 1403 833 1454 saneti

14 1473 163 1526 ficationem
177 1470 201 1520 in
218 1485 262 1522 usu
274 1485 315 1536 per
328 1471 422 1522 sormam
437 1473 569 1524 uerborum.
587 1475 647 1538 Ergo
659 1475 778 1539 superfluit
790 1475 837 1526 alia

13 1541 197 1604 sanctificatio,
207 1542 227 1594 si
241 1543 269 1594 ati
287 1542 405 1593 materiam
418 1543 493 1608 ipsius
506 1544 556 1594 fiat.

54 1621 87 1667 2.
104 1615 229 1676 Praeterea,
249 1619 390 1664 sacramenta
403 1615 489 1664 habeut
499 1616 622 1666 etimciam
635 1620 659 1668 et
672 1616 837 1668 sanetifieatio-

15 1701 83 1742 nem
98 1685 125 1734 in
138 1683 188 1750 ipsa
197 1685 302 1736 materia.
313 1685 359 1736 seo
371 1684 507 1748 significatio
517 1685 614 1738 effectis
621 1686 690 1750 hujus
700 1689 838 1738 sacramenti

14 1755 145 1822 competit
164 1756 214 1808 oleo
229 1769 257 1806 ex
271 1756 368 1808 natumii
388 1757 527 1822 proprietate
544 1758 633 1821 ipsius,
646 1758 746 1808 efficacia
759 1762 838 1808 autem

14 1846 52 1885 ex
66 1826 219 1879 institutione
227 1827 315 1878 diuina.
329 1827 388 1890 Ergo
401 1841 448 1878 non
457 1832 494 1879 est
507 1827 636 1880 necessaria
648 1828 724 1894 aliqua
737 1830 838 1880 sanctiti-
917 1858 921 1868 ›

13 1901 92 1954 catio
105 1896 215 1948 materia.

56 1977 86 2022 3.
105 1970 238 2033 Praeterea,
251 1969 376 2034 baptismus
391 1975 426 2021 est
443 1970 569 2036 perfectius
581 1974 749 2022 sacramentum
768 1971 837 2035 qu‘am

10 2050 137 2097 extrema
155 2042 240 2092 unctio.
261 2043 307 2092 Sed
325 2043 349 2091 in
369 2041 482 2106 baptismo
502 2055 548 2093 non
570 2043 716 2106 praeerigitur
733 2043 839 2094 materiae

12 2110 198 2171 sanctificatio,
216 2112 328 2175 quantum
345 2117 380 2163 est
400 2111 428 2164 de
451 2113 590 2164 necessitate
607 2113 752 2164 sacramenti.
775 2114 837 2177 Ergo

15 2201 70 2239 nec
88 2182 115 2233 in
129 2185 229 2232 extrema
241 2185 358 2234 unctione.

53 2255 110 2307 Sed
121 2258 201 2304 eontra
216 2258 267 2316 est,
282 2253 343 2318 quoti
356 2254 380 2304 io
397 2255 505 2306 omnihus
517 2254 568 2304 aliis
579 2255 724 2306 unctionibus
739 2259 776 2306 est
787 2270 836 2305 ma-

12 2329 89 2382 teria
109 2327 243 2376 consecrata
256 2323 328 2388 priirs.
349 2325 408 2387 Ergo
422 2325 475 2376 eirm
488 2327 534 2376 troo·
545 2331 712 2378 sacramentum
729 2327 761 2377 sit
773 2341 838 2391 que-

12 2403 81 2453 dam
94 2395 189 2456 unetio,
199 2395 295 2460 requirit
308 2396 424 2446 materiam
440 2400 605 2447 consecratam.

56 2467 231 2532 (Coroneam.
241 2493 272 2504 -
280 2467 361 2517 Oleum
372 2467 432 2531 quod
446 2467 469 2516 in
481 2471 583 2518 extrema
596 2468 703 2519 unctione
714 2467 838 2519 assumitur

10 2557 66 2610 pro
88 2538 204 2602 materia,
217 2541 374 2589 consecratum
387 2551 437 2590 esse
451 2538 526 2590 debet.
542 2537 551 2603 )

52 2611 201 2676 Respondeo
218 2610 352 2672 dicendum,
369 2609 431 2674 quid
452 2609 545 2674 quidam
567 2610 661 2674 dierunt,
676 2611 738 2675 quod
763 2611 838 2662 oleum

13 2684 134 2750 simplex
148 2685 185 2732 est
198 2682 292 2732 materia
306 2683 376 2747 hujus
390 2681 541 2742 sacramenti,
556 2686 580 2732 et
594 2682 621 2731 in
638 2681 690 2746 ipsa
708 2681 840 2734 sanctitica-

11 2763 93 2812 tiono
106 2753 155 2806 olei
169 2765 221 2817 qua
232 2752 259 2802 iit
270 2765 313 2816 per
322 2753 454 2818 episcopum
463 2791 470 2817 ,
480 2753 597 2818 perficitur
609 2755 784 2804 sacramentum.
794 2740 839 2802 Sed

12 2836 69 2882 hoo
85 2828 156 2893 patet
174 2836 227 2876 esse
247 2824 332 2876 iatsum
348 2838 377 2878 ex
393 2825 430 2876 tris
443 2839 495 2888 qum
509 2825 538 2875 te
551 2824 695 2874 Eucharistia
706 2823 768 2875 dieta
786 2828 840 2874 sunt

15 2901 87 2968 (tlt.
109 2901 173 2962 part.
189 2909 228 2958 qu.
249 2899 293 2959 73,
310 2900 352 2948 art.
373 2901 403 2959 1,
418 2897 445 2948 ai
463 2895 508 2959 3),
523 2896 562 2949 ubi
580 2902 699 2947 ostensum
712 2900 760 2956 est,
779 2894 838 2958 quur
