1942 3284
119 179 166 244 iit
297 189 356 243 aris
372 198 414 253 nt,
431 187 685 253 oobsr.nir1,rni.
702 190 747 241 vir.

409 387 568 439 santonus
583 386 634 438 vll.

172 513 258 558 Utrum
270 497 392 558 ammoneo
405 513 433 557 io
442 525 507 570 aquo
519 511 551 557 sit
564 512 593 557 tte
603 511 741 557 necessitate
756 511 884 569 baptismi.

152 639 187 692 tt
201 640 324 705 septimum
341 639 375 689 sio
392 639 522 703 proceditur
528 637 574 704 (b).
584 638 681 689 Videtur
698 637 759 703 qubti
773 637 898 692 immersio
911 639 932 688 in

120 727 180 779 uque
197 714 228 764 sit
240 713 269 764 de
282 711 421 765 necessitate¹
430 710 547 777 baptismi.
560 711 590 761 Ut
598 710 660 762 enim
670 711 755 762 dieitur
763 711 878 777 Epiros„
890 713 931 763 lt:

123 787 197 836 «Una
214 784 285 847 tides,
301 798 372 834 nuum
390 783 513 848 baptisma.
530 799 544 831 n
558 784 604 834 Sed
620 783 681 848 apud
696 783 781 834 multos
802 783 934 836 eommunis

122 858 204 908 modus
216 855 347 922 baptizanti
355 859 390 906 est
399 867 440 920 per
448 855 626 906 immersionem.
637 855 696 920 Ergo
707 855 798 906 ridetur
810 856 880 920 quod
890 869 932 907 non

122 928 198 994 possit
211 941 263 980 esse
275 928 403 993 baptismus
413 927 464 977 siue
482 925 640 978 immersione.

156 1005 180 1050 a.
200 1003 330 1062 amares,
347 1000 469 1064 Apostolus
491 999 561 1062 dioit,
580 999 663 1060 Rom„
679 998 730 1048 vt:
751 1015 765 1047 u
784 999 930 1064 Quicumque

123 1073 233 1138 baptizati
245 1085 324 1124 sumus
337 1071 361 1122 iu
375 1071 543 1133 christetem,
559 1069 666 1122 inmorte
680 1069 752 1134 ipsius
764 1069 884 1134 baptizati
897 1083 932 1120 su-

124 1158 190 1209 mus3
206 1143 333 1209 consepuiti
347 1143 409 1195 enim
422 1157 502 1194 sumus
516 1156 568 1192 oum
577 1141 616 1192 illo
628 1156 669 1206 per
680 1141 822 1206 baptismum
834 1143 862 1194 iu
875 1156 932 1193 mor·

125 1222 182 1268 tem
197 1231 213 1265 u
229 1217 273 1267 Set
286 1217 331 1265 hoo
349 1215 375 1266 bt
389 1227 429 1280 per
439 1214 627 1278 immersionem
641 1214 697 1265 dieii
711 1214 773 1265 enim
788 1215 932 1281 beososto-

126 1303 186 1353 mus,
200 1289 286 1340 iiomil.
295 1287 376 1338 xxiv,
387 1299 457 1351 super
468 1286 524 1337 iliud
534 1288 618 1344 toan„
629 1287 659 1336 111
670 1302 675 1336 :
689 1285 763 1337 «Nisi
776 1288 831 1350 quis
843 1291 932 1339 renatus

125 1361 196 1412 tuerit
209 1375 239 1412 ex
252 1373 311 1424 equa
324 1362 347 1410 et
355 1360 441 1424 Spiritu
450 1362 538 1421 saneto,
547 1373 561 1414 p
569 1362 615 1408 eto.
626 1375 632 1408 :
645 1357 731 1410 «Siout
744 1357 769 1408 in
780 1362 884 1422 quodam
900 1373 932 1409 se·

124 1434 221 1499 pulchro
233 1433 259 1483 in
269 1445 328 1496 aqua
340 1429 537 1495 submergantibus
548 1430 614 1481 nobis
628 1429 719 1495 eapite,
731 1432 800 1482 vetus
814 1433 888 1483 bomo
901 1445 932 1481 se
953 1435 954 1494 ξ

124 1505 224 1570 petitur,
236 1507 260 1556 et
269 1503 402 1555 submersus
417 1503 523 1552 deorsum
536 1500 669 1565 oecultatur,
678 1501 759 1552 deinde
769 1515 847 1554 nouus
858 1516 932 1553 rursus
953 1515 954 1522 ¹

126 1576 238 1629 ascendit.
251 1591 266 1624 u
279 1575 339 1640 Ergo
352 1571 512 1637 videturqubd
521 1573 636 1624 immersio
650 1573 682 1624 sit
691 1573 718 1626 de
732 1575 871 1626 necessitate
881 1577 932 1638 bap·
953 1571 954 1576 ’

124 1648 199 1700 tisim.

159 1726 183 1776 a.
198 1723 326 1783 Pretorio,
340 1718 360 1770 si
374 1719 425 1770 sine
435 1716 581 1770 immersione
596 1717 665 1768 totius
676 1717 777 1784 eorporis
790 1722 873 1782 posset
887 1717 931 1769 fieri

125 1792 270 1858 baptismus,
288 1791 421 1855 'sequeretur
433 1788 493 1853 quod
509 1789 558 1853 pari
573 1789 661 1840 ratione
678 1789 793 1840 sufficeret
808 1791 931 1855 quamlibet

126 1867 217 1929 partem
236 1859 296 1926 aqui
318 1860 433 1925 perfundi.
450 1861 496 1910 Sed
513 1861 557 1910 boo
576 1861 665 1911 ridetur
684 1860 868 1926 inconveniens,
884 1861 931 1925 quia

125 1933 238 1999 omptume
247 1935 375 1997 promtum,
384 1933 463 1982 contra
471 1929 532 1994 quod
541 1929 656 1994 precipui
666 1931 731 1982 datur
741 1931 880 1995 baptismus,
890 1945 931 1982 uon

128 2010 165 2058 est
173 2007 198 2056 in
210 2017 258 2055 unu
268 2002 359 2055 tautirm
367 2002 469 2068 eorporis
477 2006 550 2066 parte.
563 2004 622 2066 Ergo
632 2003 725 2056 uidetur
733 2002 791 2066 qubd
806 2001 931 2070 requiratur

125 2076 244 2128 immersio
253 2077 282 2126 ad
290 2075 437 2140 baptismum,
451 2077 475 2124 et
489 2087 535 2125 non
549 2073 647 2125 sufficiat
661 2075 709 2126 solu
721 2075 832 2140 aspersio.

159 2147 204 2200 Sed
219 2151 299 2198 contra
312 2149 362 2210 est,
377 2145 438 2210 quod
447 2145 536 2207 aeta,
545 2147 573 2209 X,
589 2145 670 2196 dieitur
685 2162 691 2195 :
709 2162 723 2194 n
733 2147 929 2199 Accedamuscum

128 2233 184 2272 vero
200 2219 268 2270 corde
283 2219 308 2268 in
325 2215 469 2282 plenitudine
484 2217 553 2278 fidei,
568 2217 654 2282 aspersi
673 2217 741 2270 eorda
757 2215 770 2268 b
790 2215 930 2270 eonscientit

125 2289 201 2352 matt,
217 2289 290 2341 obtati
302 2301 383 2354 corpus
397 2287 456 2353 aqut
467 2288 584 2340 munti.»

163 2359 426 2428 (concursio-tum
439 2360 465 2410 in
479 2360 595 2426 baptismo
613 2364 742 2412 assumatur
758 2372 816 2423 apua
834 2363 864 2414 ad
879 2374 928 2413 eor·
952 2369 953 2412 ἑ

127 2433 190 2500 poris
207 2431 362 2493 ablutionem,
378 2444 425 2483 non
435 2432 503 2483 morib
517 2446 558 2503 per
571 2432 739 2490 immersionem
749 2469 757 2494 ,
768 2430 849 2483 verbm
864 2433 928 2483 etiam

124 2517 168 2571 per
184 2504 339 2570 aspersionem
352 2506 389 2556 vet
408 2503 543 2556 effusionem
557 2517 621 2568 aquae
635 2503 760 2569 baptismus
776 2503 826 2554 dari
845 2505 928 2570 potest,

123 2576 199 2629 tutius
213 2580 290 2627 tamen
305 2580 341 2628 est
353 2579 362 2643 (
370 2577 424 2641 quia
434 2578 479 2628 troo
492 2573 561 2626 babet
575 2575 717 2627 communior
731 2573 811 2639 usus),
826 2589 871 2642 per
884 2587 927 2625 mo

125 2651 180 2702 dnm
194 2648 345 2700 immersionis
356 2648 480 2716 baptizare.
491 2647 500 2712 )

156 2720 293 2785 Respondm
312 2720 448 2782 tironium,
463 2719 524 2784 quod
539 2731 599 2784 aqua
612 2720 737 2771 assumitur
749 2719 774 2770 iu
789 2722 927 2772 sacramento

124 2791 232 2858 baptismi
245 2793 274 2844 ad
287 2806 354 2844 usum
365 2791 489 2843 ubintionis
498 2791 637 2858 corporalis,
655 2805 696 2858 per
706 2806 775 2857 quam
792 2791 927 2856 significatur

156 2937 193 3012 p)
209 2940 368 2990 murreum
378 2941 422 3005 su,
434 2939 514 2992 sao„
526 2930 618 3002 asub,
629 2941 674 2999 ou.
685 2939 707 3002 r,
724 2937 802 2987 ms.
