<?xml version="1.0" encoding="UTF-8"?>
<!DOCTYPE html PUBLIC "-//W3C//DTD XHTML 1.0 Transitional//EN"
    "http://www.w3.org/TR/xhtml1/DTD/xhtml1-transitional.dtd">
<html xmlns="http://www.w3.org/1999/xhtml" xml:lang="en" lang="en">
 <head>
  <title>
</title>
<meta http-equiv="Content-Type" content="text/html;charset=utf-8" />
  <meta name='ocr-system' content='tesseract 3.04.00' />
  <meta name='ocr-capabilities' content='ocr_page ocr_carea ocr_par ocr_line ocrx_word'/>
</head>
<body>
  <div class='ocr_page' id='page_1' title='image "./summatheologica01nicogoog_0165.png"; bbox 0 0 1942 3284; ppageno 0'>
   <div class='ocr_carea' id='block_1_1' title="bbox 281 197 879 262">
    <p class='ocr_par' dir='ltr' id='par_1_1' title="bbox 281 197 879 262">
     <span class='ocr_line' id='line_1_1' title="bbox 281 197 879 262; baseline 0.007 -6"><span class='ocrx_word' id='word_1_1' title='bbox 281 221 312 257; x_wconf 87' lang='lat' dir='ltr'><strong>os</strong></span> <span class='ocrx_word' id='word_1_2' title='bbox 329 197 522 262; x_wconf 76' lang='lat' dir='ltr'><strong>amacurmmnus</strong></span> <span class='ocrx_word' id='word_1_3' title='bbox 537 223 679 262; x_wconf 74' lang='lat' dir='ltr'><strong>ammianum.</strong></span> <span class='ocrx_word' id='word_1_4' title='bbox 835 215 879 262; x_wconf 76' lang='lat' dir='ltr'><strong>tot</strong></span> 
     </span>
    </p>
   </div>
   <div class='ocr_carea' id='block_1_2' title="bbox 364 406 594 460">
    <p class='ocr_par' dir='ltr' id='par_1_2' title="bbox 364 406 594 460">
     <span class='ocr_line' id='line_1_2' title="bbox 364 406 594 460; baseline 0.013 -4"><span class='ocrx_word' id='word_1_5' title='bbox 364 406 520 458; x_wconf 76' lang='lat' dir='ltr'>ARTICULUS</span> <span class='ocrx_word' id='word_1_6' title='bbox 534 408 594 460; x_wconf 84' lang='lat' dir='ltr'><strong>Viti.</strong></span> 
     </span>
    </p>
   </div>
   <div class='ocr_carea' id='block_1_3' title="bbox 200 535 758 596">
    <p class='ocr_par' dir='ltr' id='par_1_3' title="bbox 200 535 758 596">
     <span class='ocr_line' id='line_1_3' title="bbox 200 535 758 596; baseline 0.005 -16"><span class='ocrx_word' id='word_1_7' title='bbox 200 535 353 595; x_wconf 76' lang='lat' dir='ltr'><strong>Utrbmstdea</strong></span> <span class='ocrx_word' id='word_1_8' title='bbox 364 537 505 594; x_wconf 76' lang='lat' dir='ltr'><strong><em>requiratur</em></strong></span> <span class='ocrx_word' id='word_1_9' title='bbox 518 551 547 583; x_wconf 75' lang='lat' dir='ltr'><strong>ea</strong></span> <span class='ocrx_word' id='word_1_10' title='bbox 553 541 624 595; x_wconf 83' lang='lat' dir='ltr'><strong>porte</strong></span> <span class='ocrx_word' id='word_1_11' title='bbox 636 539 758 596; x_wconf 82' lang='lat' dir='ltr'><strong>baptizoti.</strong></span> 
     </span>
    </p>
   </div>
   <div class='ocr_carea' id='block_1_4' title="bbox 74 667 883 2597">
    <p class='ocr_par' dir='ltr' id='par_1_4' title="bbox 75 667 883 1093">
     <span class='ocr_line' id='line_1_4' title="bbox 107 667 883 734; baseline 0.003 -16"><span class='ocrx_word' id='word_1_12' title='bbox 107 669 142 718; x_wconf 78' lang='lat' dir='ltr'><strong>nd</strong></span> <span class='ocrx_word' id='word_1_13' title='bbox 151 670 261 719; x_wconf 80' lang='lat' dir='ltr'><strong>octauum</strong></span> <span class='ocrx_word' id='word_1_14' title='bbox 275 668 309 718; x_wconf 88' lang='lat' dir='ltr'><strong>sic</strong></span> <span class='ocrx_word' id='word_1_15' title='bbox 317 667 447 733; x_wconf 79' lang='lat' dir='ltr'><strong>proceditur</strong></span> <span class='ocrx_word' id='word_1_16' title='bbox 455 671 499 734; x_wconf 81' lang='lat' dir='ltr'><strong>(t).</strong></span> <span class='ocrx_word' id='word_1_17' title='bbox 508 668 602 720; x_wconf 88' lang='lat' dir='ltr'><strong>Videtur</strong></span> <span class='ocrx_word' id='word_1_18' title='bbox 612 668 670 733; x_wconf 84' lang='lat' dir='ltr'><strong>qubd</strong></span> <span class='ocrx_word' id='word_1_19' title='bbox 685 667 741 720; x_wconf 84' lang='lat' dir='ltr'><strong>tides</strong></span> <span class='ocrx_word' id='word_1_20' title='bbox 752 669 883 732; x_wconf 78' lang='lat' dir='ltr'><strong>requiratur</strong></span> 
     </span>
     <span class='ocr_line' id='line_1_5' title="bbox 78 740 882 805; baseline 0.002 -15"><span class='ocrx_word' id='word_1_21' title='bbox 78 753 107 790; x_wconf 76' lang='lat' dir='ltr'><strong>ex</strong></span> <span class='ocrx_word' id='word_1_22' title='bbox 119 744 184 804; x_wconf 88' lang='lat' dir='ltr'><strong>parte</strong></span> <span class='ocrx_word' id='word_1_23' title='bbox 200 740 319 803; x_wconf 86' lang='lat' dir='ltr'><strong>baptizati.</strong></span> <span class='ocrx_word' id='word_1_24' title='bbox 334 742 504 790; x_wconf 78' lang='lat' dir='ltr'><strong>Sacramentum</strong></span> <span class='ocrx_word' id='word_1_25' title='bbox 517 741 577 790; x_wconf 88' lang='lat' dir='ltr'><strong>enim</strong></span> <span class='ocrx_word' id='word_1_26' title='bbox 594 741 702 805; x_wconf 81' lang='lat' dir='ltr'><strong>baptismi</strong></span> <span class='ocrx_word' id='word_1_27' title='bbox 717 741 729 791; x_wconf 81' lang='lat' dir='ltr'><strong>t</strong></span> <span class='ocrx_word' id='word_1_28' title='bbox 741 741 832 792; x_wconf 85' lang='lat' dir='ltr'><strong>Christo</strong></span> <span class='ocrx_word' id='word_1_29' title='bbox 846 753 882 798; x_wconf 81' lang='grc' dir='ltr'><strong>εει</strong></span> 
     </span>
     <span class='ocr_line' id='line_1_6' title="bbox 80 811 880 878; baseline 0.001 -17"><span class='ocrx_word' id='word_1_30' title='bbox 80 812 216 862; x_wconf 88' lang='lat' dir='ltr'><strong>institutum.</strong></span> <span class='ocrx_word' id='word_1_31' title='bbox 227 813 269 862; x_wconf 86' lang='lat' dir='ltr'><strong>Sed</strong></span> <span class='ocrx_word' id='word_1_32' title='bbox 281 811 384 862; x_wconf 80' lang='lat' dir='ltr'><strong>Christus</strong></span> <span class='ocrx_word' id='word_1_33' title='bbox 397 813 491 863; x_wconf 90' lang='lat' dir='ltr'><strong>tormam</strong></span> <span class='ocrx_word' id='word_1_34' title='bbox 506 813 614 877; x_wconf 80' lang='lat' dir='ltr'><strong>baptismi</strong></span> <span class='ocrx_word' id='word_1_35' title='bbox 626 815 731 874; x_wconf 88' lang='lat' dir='ltr'><strong>tradens,</strong></span> <span class='ocrx_word' id='word_1_36' title='bbox 742 814 810 863; x_wconf 83' lang='lat' dir='ltr'><strong>tidem</strong></span> <span class='ocrx_word' id='word_1_37' title='bbox 822 813 880 878; x_wconf 87' lang='lat' dir='ltr'><strong>bap-</strong></span> 
     </span>
     <span class='ocr_line' id='line_1_7' title="bbox 77 883 881 950; baseline 0.005 -18"><span class='ocrx_word' id='word_1_38' title='bbox 77 883 142 934; x_wconf 87' lang='lat' dir='ltr'><strong>tismo</strong></span> <span class='ocrx_word' id='word_1_39' title='bbox 156 883 286 948; x_wconf 78' lang='lat' dir='ltr'><strong>premittit,</strong></span> <span class='ocrx_word' id='word_1_40' title='bbox 301 884 389 948; x_wconf 85' lang='lat' dir='ltr'><strong>dicens,</strong></span> <span class='ocrx_word' id='word_1_41' title='bbox 403 887 493 945; x_wconf 65' lang='lat' dir='ltr'><strong>Marc„</strong></span> <span class='ocrx_word' id='word_1_42' title='bbox 507 886 563 936; x_wconf 76' lang='lat' dir='ltr'><strong>ult:</strong></span> <span class='ocrx_word' id='word_1_43' title='bbox 579 886 644 946; x_wconf 82' lang='lat' dir='ltr'><strong>«Qui</strong></span> <span class='ocrx_word' id='word_1_44' title='bbox 656 885 775 936; x_wconf 82' lang='lat' dir='ltr'><strong>crediderit</strong></span> <span class='ocrx_word' id='word_1_45' title='bbox 789 890 812 936; x_wconf 89' lang='lat' dir='ltr'><strong>et</strong></span> <span class='ocrx_word' id='word_1_46' title='bbox 824 887 881 950; x_wconf 86' lang='lat' dir='ltr'><strong>bap·</strong></span> 
     </span>
     <span class='ocr_line' id='line_1_8' title="bbox 75 954 878 1021; baseline 0.004 -17"><span class='ocrx_word' id='word_1_47' title='bbox 75 956 158 1006; x_wconf 84' lang='lat' dir='ltr'><strong>tizatus</strong></span> <span class='ocrx_word' id='word_1_48' title='bbox 174 954 260 1017; x_wconf 87' lang='lat' dir='ltr'><strong>tuerit,</strong></span> <span class='ocrx_word' id='word_1_49' title='bbox 271 957 348 1006; x_wconf 75' lang='lat' dir='ltr'><strong>satius</strong></span> <span class='ocrx_word' id='word_1_50' title='bbox 363 957 414 1008; x_wconf 89' lang='lat' dir='ltr'><strong>erit.</strong></span> <span class='ocrx_word' id='word_1_51' title='bbox 426 958 512 1021; x_wconf 82' lang='lat' dir='ltr'><strong>»Ergo</strong></span> <span class='ocrx_word' id='word_1_52' title='bbox 530 956 697 1021; x_wconf 83' lang='lat' dir='ltr'><strong>videturqobd,</strong></span> <span class='ocrx_word' id='word_1_53' title='bbox 711 957 757 1007; x_wconf 90' lang='lat' dir='ltr'><strong>nisi</strong></span> <span class='ocrx_word' id='word_1_54' title='bbox 767 956 797 1006; x_wconf 88' lang='lat' dir='ltr'><strong>sit</strong></span> <span class='ocrx_word' id='word_1_55' title='bbox 810 957 878 1018; x_wconf 88' lang='lat' dir='ltr'><strong>tides,</strong></span> 
     </span>
     <span class='ocr_line' id='line_1_9' title="bbox 75 1027 587 1093; baseline 0.002 -17"><span class='ocrx_word' id='word_1_56' title='bbox 75 1040 121 1077; x_wconf 93' lang='lat' dir='ltr'><strong>non</strong></span> <span class='ocrx_word' id='word_1_57' title='bbox 135 1027 213 1091; x_wconf 90' lang='lat' dir='ltr'><strong>possit</strong></span> <span class='ocrx_word' id='word_1_58' title='bbox 229 1040 279 1077; x_wconf 90' lang='lat' dir='ltr'><strong>esse</strong></span> <span class='ocrx_word' id='word_1_59' title='bbox 293 1032 458 1078; x_wconf 89' lang='lat' dir='ltr'><strong>sacramentum</strong></span> <span class='ocrx_word' id='word_1_60' title='bbox 469 1028 587 1093; x_wconf 88' lang='lat' dir='ltr'><strong>baptismi.</strong></span> 
     </span>
    </p>

    <p class='ocr_par' dir='ltr' id='par_1_5' title="bbox 74 1099 881 1435">
     <span class='ocr_line' id='line_1_10' title="bbox 106 1099 876 1162; baseline 0.004 -14"><span class='ocrx_word' id='word_1_61' title='bbox 106 1104 132 1148; x_wconf 76' lang='lat'><strong>2.</strong></span> <span class='ocrx_word' id='word_1_62' title='bbox 148 1101 277 1161; x_wconf 70' lang='lat' dir='ltr'><strong>treisma,</strong></span> <span class='ocrx_word' id='word_1_63' title='bbox 292 1099 349 1149; x_wconf 84' lang='lat' dir='ltr'><strong>nihil</strong></span> <span class='ocrx_word' id='word_1_64' title='bbox 363 1100 444 1150; x_wconf 81' lang='lat' dir='ltr'><strong>trustra</strong></span> <span class='ocrx_word' id='word_1_65' title='bbox 461 1101 485 1150; x_wconf 92' lang='lat' dir='ltr'><strong>in</strong></span> <span class='ocrx_word' id='word_1_66' title='bbox 505 1099 653 1150; x_wconf 84' lang='lat' dir='ltr'><strong>sacramentis</strong></span> <span class='ocrx_word' id='word_1_67' title='bbox 667 1100 775 1151; x_wconf 81' lang='lat' dir='ltr'><strong>Ecclesiae</strong></span> <span class='ocrx_word' id='word_1_68' title='bbox 794 1100 876 1162; x_wconf 81' lang='lat' dir='ltr'><strong>agitur.</strong></span> 
     </span>
     <span class='ocr_line' id='line_1_11' title="bbox 74 1169 877 1235; baseline 0 -14"><span class='ocrx_word' id='word_1_69' title='bbox 74 1172 131 1233; x_wconf 82' lang='lat' dir='ltr'><strong>sed,</strong></span> <span class='ocrx_word' id='word_1_70' title='bbox 145 1170 272 1220; x_wconf 83' lang='lat' dir='ltr'><strong>secundom</strong></span> <span class='ocrx_word' id='word_1_71' title='bbox 284 1171 354 1220; x_wconf 83' lang='lat' dir='ltr'><strong>mtum</strong></span> <span class='ocrx_word' id='word_1_72' title='bbox 367 1172 484 1234; x_wconf 74' lang='lat' dir='ltr'><strong>Ecclesiae,</strong></span> <span class='ocrx_word' id='word_1_73' title='bbox 496 1171 533 1220; x_wconf 89' lang='lat' dir='ltr'><strong>itte</strong></span> <span class='ocrx_word' id='word_1_74' title='bbox 543 1171 583 1234; x_wconf 85' lang='lat' dir='ltr'><strong>qui</strong></span> <span class='ocrx_word' id='word_1_75' title='bbox 593 1169 681 1220; x_wconf 86' lang='lat' dir='ltr'><strong>accedit</strong></span> <span class='ocrx_word' id='word_1_76' title='bbox 695 1170 723 1221; x_wconf 87' lang='lat' dir='ltr'><strong>ad</strong></span> <span class='ocrx_word' id='word_1_77' title='bbox 732 1171 877 1235; x_wconf 87' lang='lat' dir='ltr'><strong>baptismum,</strong></span> 
     </span>
     <span class='ocr_line' id='line_1_12' title="bbox 74 1240 881 1304; baseline 0 -12"><span class='ocrx_word' id='word_1_78' title='bbox 74 1244 104 1293; x_wconf 91' lang='lat' dir='ltr'><strong>de</strong></span> <span class='ocrx_word' id='word_1_79' title='bbox 123 1241 170 1292; x_wconf 90' lang='lat' dir='ltr'><strong>tide</strong></span> <span class='ocrx_word' id='word_1_80' title='bbox 189 1242 355 1304; x_wconf 79' lang='lat' dir='ltr'><strong>interrogatur,</strong></span> <span class='ocrx_word' id='word_1_81' title='bbox 379 1241 429 1292; x_wconf 86' lang='lat' dir='ltr'><strong>cbm</strong></span> <span class='ocrx_word' id='word_1_82' title='bbox 451 1240 586 1292; x_wconf 77' lang='lat' dir='ltr'><strong>dicitarzu</strong></span> <span class='ocrx_word' id='word_1_83' title='bbox 607 1243 687 1293; x_wconf 87' lang='lat' dir='ltr'><strong>Credis</strong></span> <span class='ocrx_word' id='word_1_84' title='bbox 705 1242 728 1292; x_wconf 90' lang='lat' dir='ltr'><strong>im</strong></span> <span class='ocrx_word' id='word_1_85' title='bbox 749 1244 820 1292; x_wconf 85' lang='lat' dir='ltr'><strong>iteum</strong></span> <span class='ocrx_word' id='word_1_86' title='bbox 835 1245 881 1292; x_wconf 86' lang='lat' dir='ltr'><strong>Pa-</strong></span> 
     </span>
     <span class='ocr_line' id='line_1_13' title="bbox 77 1314 881 1380; baseline 0.001 -16"><span class='ocrx_word' id='word_1_87' title='bbox 77 1314 150 1364; x_wconf 78' lang='lat' dir='ltr'><strong>trem?</strong></span> <span class='ocrx_word' id='word_1_88' title='bbox 166 1331 181 1360; x_wconf 84' lang='lat' dir='ltr'><strong>n</strong></span> <span class='ocrx_word' id='word_1_89' title='bbox 195 1317 240 1365; x_wconf 88' lang='lat' dir='ltr'><strong>etc.</strong></span> <span class='ocrx_word' id='word_1_90' title='bbox 255 1315 315 1379; x_wconf 73' lang='lat' dir='ltr'><strong>tingo</strong></span> <span class='ocrx_word' id='word_1_91' title='bbox 328 1314 419 1365; x_wconf 84' lang='lat' dir='ltr'><strong>videtur</strong></span> <span class='ocrx_word' id='word_1_92' title='bbox 432 1314 493 1378; x_wconf 86' lang='lat' dir='ltr'><strong>quod</strong></span> <span class='ocrx_word' id='word_1_93' title='bbox 512 1315 567 1365; x_wconf 90' lang='lat' dir='ltr'><strong>tides</strong></span> <span class='ocrx_word' id='word_1_94' title='bbox 581 1315 610 1364; x_wconf 91' lang='lat' dir='ltr'><strong>ad</strong></span> <span class='ocrx_word' id='word_1_95' title='bbox 624 1315 762 1380; x_wconf 89' lang='lat' dir='ltr'><strong>baptismum</strong></span> <span class='ocrx_word' id='word_1_96' title='bbox 776 1314 881 1378; x_wconf 84' lang='lat' dir='ltr'><strong>requira-</strong></span> 
     </span>
     <span class='ocr_line' id='line_1_14' title="bbox 76 1389 121 1435; baseline -0.067 0"><span class='ocrx_word' id='word_1_97' title='bbox 76 1389 121 1435; x_wconf 87' lang='lat' dir='ltr'><strong>tur.</strong></span> 
     </span>
    </p>

    <p class='ocr_par' dir='ltr' id='par_1_6' title="bbox 79 1458 883 2080">
     <span class='ocr_line' id='line_1_15' title="bbox 109 1458 880 1523; baseline 0.001 -16"><span class='ocrx_word' id='word_1_98' title='bbox 109 1463 131 1508; x_wconf 80' lang='lat'><strong>3.</strong></span> <span class='ocrx_word' id='word_1_99' title='bbox 146 1461 280 1519; x_wconf 73' lang='lat' dir='ltr'><strong>preterea,</strong></span> <span class='ocrx_word' id='word_1_100' title='bbox 295 1459 324 1508; x_wconf 84' lang='lat' dir='ltr'><strong>ad</strong></span> <span class='ocrx_word' id='word_1_101' title='bbox 337 1458 476 1523; x_wconf 89' lang='lat' dir='ltr'><strong>baptismum</strong></span> <span class='ocrx_word' id='word_1_102' title='bbox 490 1459 610 1522; x_wconf 86' lang='lat' dir='ltr'><strong>requiritur</strong></span> <span class='ocrx_word' id='word_1_103' title='bbox 629 1459 726 1510; x_wconf 89' lang='lat' dir='ltr'><strong>intentio</strong></span> <span class='ocrx_word' id='word_1_104' title='bbox 739 1458 880 1523; x_wconf 89' lang='lat' dir='ltr'><strong>suscipiendi</strong></span> 
     </span>
     <span class='ocr_line' id='line_1_16' title="bbox 79 1531 877 1594; baseline 0 -15"><span class='ocrx_word' id='word_1_105' title='bbox 79 1534 254 1580; x_wconf 88' lang='lat' dir='ltr'><strong>sacramentum.</strong></span> <span class='ocrx_word' id='word_1_106' title='bbox 271 1531 316 1581; x_wconf 85' lang='lat' dir='ltr'><strong>Sed</strong></span> <span class='ocrx_word' id='word_1_107' title='bbox 329 1532 373 1581; x_wconf 91' lang='lat' dir='ltr'><strong>boc</strong></span> <span class='ocrx_word' id='word_1_108' title='bbox 386 1544 433 1581; x_wconf 91' lang='lat' dir='ltr'><strong>non</strong></span> <span class='ocrx_word' id='word_1_109' title='bbox 452 1534 591 1594; x_wconf 89' lang='lat' dir='ltr'><strong>potestesse</strong></span> <span class='ocrx_word' id='word_1_110' title='bbox 605 1532 655 1582; x_wconf 88' lang='lat' dir='ltr'><strong>sine</strong></span> <span class='ocrx_word' id='word_1_111' title='bbox 674 1535 735 1582; x_wconf 85' lang='lat' dir='ltr'><strong>recta</strong></span> <span class='ocrx_word' id='word_1_112' title='bbox 752 1531 805 1592; x_wconf 83' lang='lat' dir='ltr'><strong>fide,</strong></span> <span class='ocrx_word' id='word_1_113' title='bbox 825 1531 877 1581; x_wconf 88' lang='lat' dir='ltr'><strong>cbm</strong></span> 
     </span>
     <span class='ocr_line' id='line_1_17' title="bbox 79 1601 883 1666; baseline 0 -15"><span class='ocrx_word' id='word_1_114' title='bbox 79 1601 205 1665; x_wconf 76' lang='lat' dir='ltr'><strong>baptismus</strong></span> <span class='ocrx_word' id='word_1_115' title='bbox 223 1602 331 1654; x_wconf 81' lang='lat' dir='ltr'><strong>sitrecte</strong></span> <span class='ocrx_word' id='word_1_116' title='bbox 344 1602 396 1653; x_wconf 87' lang='lat' dir='ltr'><strong>tidei</strong></span> <span class='ocrx_word' id='word_1_117' title='bbox 410 1607 591 1665; x_wconf 74' lang='lat' dir='ltr'><strong>sacramentum,</strong></span> <span class='ocrx_word' id='word_1_118' title='bbox 606 1616 647 1666; x_wconf 88' lang='lat' dir='ltr'><strong>per</strong></span> <span class='ocrx_word' id='word_1_119' title='bbox 659 1615 710 1654; x_wconf 86' lang='lat' dir='ltr'><strong>eum</strong></span> <span class='ocrx_word' id='word_1_120' title='bbox 726 1604 786 1653; x_wconf 88' lang='lat' dir='ltr'><strong>enim</strong></span> <span class='ocrx_word' id='word_1_121' title='bbox 804 1603 883 1653; x_wconf 90' lang='lat' dir='ltr'><strong>incor-</strong></span> 
     </span>
     <span class='ocr_line' id='line_1_18' title="bbox 83 1674 880 1738; baseline 0.001 -15"><span class='ocrx_word' id='word_1_122' title='bbox 83 1677 188 1736; x_wconf 86' lang='lat' dir='ltr'><strong>pomntnr</strong></span> <span class='ocrx_word' id='word_1_123' title='bbox 199 1674 306 1724; x_wconf 90' lang='lat' dir='ltr'><strong>homines</strong></span> <span class='ocrx_word' id='word_1_124' title='bbox 321 1675 418 1738; x_wconf 82' lang='lat' dir='ltr'><strong>Christo,</strong></span> <span class='ocrx_word' id='word_1_125' title='bbox 428 1678 454 1724; x_wconf 89' lang='lat' dir='ltr'><strong>ut</strong></span> <span class='ocrx_word' id='word_1_126' title='bbox 467 1674 607 1737; x_wconf 74' lang='lat' dir='ltr'><strong>augustinus</strong></span> <span class='ocrx_word' id='word_1_127' title='bbox 619 1675 675 1724; x_wconf 86' lang='lat' dir='ltr'><strong>dicit</strong></span> <span class='ocrx_word' id='word_1_128' title='bbox 688 1675 711 1724; x_wconf 92' lang='lat' dir='ltr'><strong>in</strong></span> <span class='ocrx_word' id='word_1_129' title='bbox 723 1674 763 1724; x_wconf 88' lang='lat' dir='ltr'><strong>tib.</strong></span> <span class='ocrx_word' id='word_1_130' title='bbox 776 1677 810 1724; x_wconf 85' lang='lat' dir='ltr'><strong>De</strong></span> <span class='ocrx_word' id='word_1_131' title='bbox 820 1675 880 1738; x_wconf 82' lang='lat' dir='ltr'><strong>oap-</strong></span> 
     </span>
     <span class='ocr_line' id='line_1_19' title="bbox 82 1744 882 1809; baseline 0.004 -17"><span class='ocrx_word' id='word_1_132' title='bbox 82 1745 154 1794; x_wconf 82' lang='lat' dir='ltr'><strong>ticmo</strong></span> <span class='ocrx_word' id='word_1_133' title='bbox 167 1745 338 1808; x_wconf 74' lang='lat' dir='ltr'><strong>paruulorum</strong></span> <span class='ocrx_word' id='word_1_134' title='bbox 351 1745 397 1809; x_wconf 71' lang='lat' dir='ltr'><strong>(a),</strong></span> <span class='ocrx_word' id='word_1_135' title='bbox 412 1745 460 1794; x_wconf 89' lang='lat' dir='ltr'><strong>tioc</strong></span> <span class='ocrx_word' id='word_1_136' title='bbox 472 1749 547 1794; x_wconf 90' lang='lat' dir='ltr'><strong>autern</strong></span> <span class='ocrx_word' id='word_1_137' title='bbox 560 1758 606 1794; x_wconf 89' lang='lat' dir='ltr'><strong>non</strong></span> <span class='ocrx_word' id='word_1_138' title='bbox 617 1747 751 1809; x_wconf 82' lang='lat' dir='ltr'><strong>potestesse</strong></span> <span class='ocrx_word' id='word_1_139' title='bbox 761 1744 882 1796; x_wconf 71' lang='lat' dir='ltr'><strong>mnerecta</strong></span> 
     </span>
     <span class='ocr_line' id='line_1_20' title="bbox 81 1816 880 1881; baseline 0.001 -17"><span class='ocrx_word' id='word_1_140' title='bbox 81 1816 129 1879; x_wconf 86' lang='lat' dir='ltr'><strong>tide,</strong></span> <span class='ocrx_word' id='word_1_141' title='bbox 147 1816 275 1867; x_wconf 84' lang='lat' dir='ltr'><strong>secundino</strong></span> <span class='ocrx_word' id='word_1_142' title='bbox 289 1817 344 1867; x_wconf 78' lang='lat' dir='ltr'><strong>titud</strong></span> <span class='ocrx_word' id='word_1_143' title='bbox 366 1817 470 1881; x_wconf 69' lang='lat' dir='ltr'><strong>Epttes„</strong></span> <span class='ocrx_word' id='word_1_144' title='bbox 491 1817 522 1866; x_wconf 86' lang='lat' dir='ltr'><strong>ili</strong></span> <span class='ocrx_word' id='word_1_145' title='bbox 537 1831 544 1866; x_wconf 76' lang='grc' dir='ltr'><strong>ε</strong></span> <span class='ocrx_word' id='word_1_146' title='bbox 565 1833 578 1863; x_wconf 79' lang='lat' dir='ltr'><strong>a</strong></span> <span class='ocrx_word' id='word_1_147' title='bbox 592 1816 697 1866; x_wconf 82' lang='lat' dir='ltr'><strong>Habitare</strong></span> <span class='ocrx_word' id='word_1_148' title='bbox 710 1817 825 1870; x_wconf 81' lang='lat' dir='ltr'><strong>Christum</strong></span> <span class='ocrx_word' id='word_1_149' title='bbox 838 1829 880 1881; x_wconf 92' lang='lat' dir='ltr'><strong>per</strong></span> 
     </span>
     <span class='ocr_line' id='line_1_21' title="bbox 82 1886 881 1952; baseline 0.005 -18"><span class='ocrx_word' id='word_1_150' title='bbox 82 1886 143 1938; x_wconf 81' lang='lat' dir='ltr'><strong>idem</strong></span> <span class='ocrx_word' id='word_1_151' title='bbox 164 1888 190 1936; x_wconf 92' lang='lat' dir='ltr'><strong>in</strong></span> <span class='ocrx_word' id='word_1_152' title='bbox 205 1887 311 1938; x_wconf 89' lang='lat' dir='ltr'><strong>cordibus</strong></span> <span class='ocrx_word' id='word_1_153' title='bbox 331 1888 420 1939; x_wconf 85' lang='lat' dir='ltr'><strong>vestris.</strong></span> <span class='ocrx_word' id='word_1_154' title='bbox 442 1905 456 1935; x_wconf 87' lang='lat' dir='ltr'><strong>n</strong></span> <span class='ocrx_word' id='word_1_155' title='bbox 471 1890 532 1952; x_wconf 79' lang='lat' dir='ltr'><strong>Ergo</strong></span> <span class='ocrx_word' id='word_1_156' title='bbox 545 1887 635 1938; x_wconf 84' lang='lat' dir='ltr'><strong>videtur</strong></span> <span class='ocrx_word' id='word_1_157' title='bbox 650 1887 761 1951; x_wconf 83' lang='lat' dir='ltr'><strong>quoditie</strong></span> <span class='ocrx_word' id='word_1_158' title='bbox 780 1889 881 1952; x_wconf 86' lang='lat' dir='ltr'><strong>quinon</strong></span> 
     </span>
     <span class='ocr_line' id='line_1_22' title="bbox 81 1958 879 2024; baseline 0.005 -18"><span class='ocrx_word' id='word_1_159' title='bbox 81 1958 145 2008; x_wconf 88' lang='lat' dir='ltr'><strong>babet</strong></span> <span class='ocrx_word' id='word_1_160' title='bbox 160 1963 247 2008; x_wconf 88' lang='lat' dir='ltr'><strong>rectam</strong></span> <span class='ocrx_word' id='word_1_161' title='bbox 267 1958 349 2022; x_wconf 84' lang='lat' dir='ltr'><strong>tidem,</strong></span> <span class='ocrx_word' id='word_1_162' title='bbox 363 1971 409 2009; x_wconf 92' lang='lat' dir='ltr'><strong>non</strong></span> <span class='ocrx_word' id='word_1_163' title='bbox 426 1959 499 2023; x_wconf 89' lang='lat' dir='ltr'><strong>possit</strong></span> <span class='ocrx_word' id='word_1_164' title='bbox 513 1959 627 2023; x_wconf 82' lang='lat' dir='ltr'><strong>suscipere</strong></span> <span class='ocrx_word' id='word_1_165' title='bbox 640 1962 806 2009; x_wconf 89' lang='lat' dir='ltr'><strong>sacramentum</strong></span> <span class='ocrx_word' id='word_1_166' title='bbox 820 1959 879 2024; x_wconf 91' lang='lat' dir='ltr'><strong>bap·</strong></span> 
     </span>
     <span class='ocr_line' id='line_1_23' title="bbox 80 2027 148 2080; baseline 0.029 -3"><span class='ocrx_word' id='word_1_167' title='bbox 80 2027 148 2080; x_wconf 86' lang='lat' dir='ltr'><strong>tismi.</strong></span> 
     </span>
    </p>

    <p class='ocr_par' dir='ltr' id='par_1_7' title="bbox 82 2101 883 2310">
     <span class='ocr_line' id='line_1_24' title="bbox 111 2101 879 2167; baseline 0.004 -18"><span class='ocrx_word' id='word_1_168' title='bbox 111 2105 133 2151; x_wconf 82' lang='lat' dir='ltr'><strong>t.</strong></span> <span class='ocrx_word' id='word_1_169' title='bbox 147 2105 273 2162; x_wconf 71' lang='lat' dir='ltr'><strong>Praeterea,</strong></span> <span class='ocrx_word' id='word_1_170' title='bbox 285 2103 405 2155; x_wconf 89' lang='lat' dir='ltr'><strong>inttdetitas</strong></span> <span class='ocrx_word' id='word_1_171' title='bbox 414 2107 449 2154; x_wconf 89' lang='lat' dir='ltr'><strong>est</strong></span> <span class='ocrx_word' id='word_1_172' title='bbox 463 2101 623 2165; x_wconf 84' lang='lat' dir='ltr'><strong>gravissimum</strong></span> <span class='ocrx_word' id='word_1_173' title='bbox 636 2105 763 2167; x_wconf 87' lang='lat' dir='ltr'><strong>peccatum,</strong></span> <span class='ocrx_word' id='word_1_174' title='bbox 776 2105 801 2151; x_wconf 89' lang='lat' dir='ltr'><strong>ut</strong></span> <span class='ocrx_word' id='word_1_175' title='bbox 814 2102 838 2151; x_wconf 88' lang='lat' dir='ltr'><strong>in</strong></span> <span class='ocrx_word' id='word_1_176' title='bbox 851 2103 879 2152; x_wconf 92' lang='lat' dir='ltr'><strong>tt.</strong></span> 
     </span>
     <span class='ocr_line' id='line_1_25' title="bbox 82 2174 879 2239; baseline 0 -15"><span class='ocrx_word' id='word_1_177' title='bbox 82 2178 135 2236; x_wconf 87' lang='lat' dir='ltr'><strong>part.</strong></span> <span class='ocrx_word' id='word_1_178' title='bbox 153 2175 258 2224; x_wconf 87' lang='lat' dir='ltr'><strong>habitum</strong></span> <span class='ocrx_word' id='word_1_179' title='bbox 272 2179 308 2225; x_wconf 91' lang='lat' dir='ltr'><strong>est</strong></span> <span class='ocrx_word' id='word_1_180' title='bbox 320 2179 350 2235; x_wconf 73' lang='lat' dir='ltr'><strong>tt,</strong></span> <span class='ocrx_word' id='word_1_181' title='bbox 360 2179 385 2235; x_wconf 67' lang='lat' dir='ltr'><strong>a,</strong></span> <span class='ocrx_word' id='word_1_182' title='bbox 397 2191 435 2239; x_wconf 91' lang='lat' dir='ltr'><strong>qu.</strong></span> <span class='ocrx_word' id='word_1_183' title='bbox 456 2179 495 2236; x_wconf 86' lang='lat' dir='ltr'><strong>to,</strong></span> <span class='ocrx_word' id='word_1_184' title='bbox 507 2177 551 2224; x_wconf 90' lang='lat' dir='ltr'><strong>art.</strong></span> <span class='ocrx_word' id='word_1_185' title='bbox 568 2176 605 2235; x_wconf 77' lang='grc' dir='ltr'><strong>ιι.</strong></span> <span class='ocrx_word' id='word_1_186' title='bbox 624 2174 668 2225; x_wconf 86' lang='lat' dir='ltr'><strong>Sed</strong></span> <span class='ocrx_word' id='word_1_187' title='bbox 682 2176 843 2238; x_wconf 87' lang='lat' dir='ltr'><strong>permanentes</strong></span> <span class='ocrx_word' id='word_1_188' title='bbox 857 2174 879 2224; x_wconf 88' lang='lat' dir='ltr'><strong>in</strong></span> 
     </span>
     <span class='ocr_line' id='line_1_26' title="bbox 82 2245 883 2310; baseline -0.002 -14"><span class='ocrx_word' id='word_1_189' title='bbox 82 2250 170 2306; x_wconf 71' lang='lat' dir='ltr'><strong>morato</strong></span> <span class='ocrx_word' id='word_1_190' title='bbox 184 2258 232 2296; x_wconf 87' lang='lat' dir='ltr'><strong>non</strong></span> <span class='ocrx_word' id='word_1_191' title='bbox 249 2249 304 2296; x_wconf 89' lang='lat' dir='ltr'><strong>sunt</strong></span> <span class='ocrx_word' id='word_1_192' title='bbox 316 2246 453 2310; x_wconf 80' lang='lat' dir='ltr'><strong>baptizandi.</strong></span> <span class='ocrx_word' id='word_1_193' title='bbox 470 2247 531 2308; x_wconf 77' lang='lat' dir='ltr'><strong>Ergo</strong></span> <span class='ocrx_word' id='word_1_194' title='bbox 549 2245 616 2296; x_wconf 88' lang='lat' dir='ltr'><strong>etiam</strong></span> <span class='ocrx_word' id='word_1_195' title='bbox 630 2257 672 2296; x_wconf 88' lang='lat' dir='ltr'><strong>nec</strong></span> <span class='ocrx_word' id='word_1_196' title='bbox 685 2247 844 2310; x_wconf 84' lang='lat' dir='ltr'><strong>permanentes</strong></span> <span class='ocrx_word' id='word_1_197' title='bbox 858 2246 883 2296; x_wconf 92' lang='lat' dir='ltr'><strong>in</strong></span> 
     </span>
    </p>

    <p class='ocr_par' dir='ltr' id='par_1_8' title="bbox 85 2313 224 2367">
     <span class='ocr_line' id='line_1_27' title="bbox 85 2313 224 2367; baseline 0 -3"><span class='ocrx_word' id='word_1_198' title='bbox 85 2313 224 2367; x_wconf 86' lang='lat' dir='ltr'><strong>inttdctitate.</strong></span> 
     </span>
    </p>

    <p class='ocr_par' dir='ltr' id='par_1_9' title="bbox 86 2387 882 2597">
     <span class='ocr_line' id='line_1_28' title="bbox 112 2387 880 2453; baseline 0.001 -15"><span class='ocrx_word' id='word_1_199' title='bbox 112 2389 156 2438; x_wconf 85' lang='lat' dir='ltr'><strong>sed</strong></span> <span class='ocrx_word' id='word_1_200' title='bbox 174 2391 254 2438; x_wconf 81' lang='lat' dir='ltr'><strong>contra</strong></span> <span class='ocrx_word' id='word_1_201' title='bbox 269 2391 313 2448; x_wconf 81' lang='lat' dir='ltr'><strong>est,</strong></span> <span class='ocrx_word' id='word_1_202' title='bbox 325 2388 385 2450; x_wconf 76' lang='lat' dir='ltr'><strong>qnod</strong></span> <span class='ocrx_word' id='word_1_203' title='bbox 399 2387 521 2452; x_wconf 81' lang='lat' dir='ltr'><strong>Gregorius</strong></span> <span class='ocrx_word' id='word_1_204' title='bbox 534 2388 635 2439; x_wconf 84' lang='lat' dir='ltr'><strong>scribens</strong></span> <span class='ocrx_word' id='word_1_205' title='bbox 647 2387 741 2447; x_wconf 79' lang='lat' dir='ltr'><strong>Quirino</strong></span> <span class='ocrx_word' id='word_1_206' title='bbox 756 2389 880 2453; x_wconf 87' lang='lat' dir='ltr'><strong>Episcopo,</strong></span> 
     </span>
     <span class='ocr_line' id='line_1_29' title="bbox 86 2457 881 2523; baseline 0.003 -17"><span class='ocrx_word' id='word_1_207' title='bbox 86 2457 136 2508; x_wconf 89' lang='lat' dir='ltr'><strong>dicit</strong></span> <span class='ocrx_word' id='word_1_208' title='bbox 155 2475 192 2509; x_wconf 81' lang='lat' dir='ltr'><strong>:a</strong></span> <span class='ocrx_word' id='word_1_209' title='bbox 213 2459 248 2509; x_wconf 73' lang='lat' dir='ltr'><strong>ab</strong></span> <span class='ocrx_word' id='word_1_210' title='bbox 263 2459 355 2520; x_wconf 84' lang='lat' dir='ltr'><strong>antiqua</strong></span> <span class='ocrx_word' id='word_1_211' title='bbox 376 2461 467 2511; x_wconf 83' lang='lat' dir='ltr'><strong>Petrum</strong></span> <span class='ocrx_word' id='word_1_212' title='bbox 488 2461 630 2510; x_wconf 88' lang='lat' dir='ltr'><strong>institutione</strong></span> <span class='ocrx_word' id='word_1_213' title='bbox 649 2459 783 2523; x_wconf 84' lang='lat' dir='ltr'><strong>didicimus,</strong></span> <span class='ocrx_word' id='word_1_214' title='bbox 798 2464 825 2510; x_wconf 94' lang='lat' dir='ltr'><strong>ut</strong></span> <span class='ocrx_word' id='word_1_215' title='bbox 841 2461 881 2523; x_wconf 86' lang='lat' dir='ltr'><strong>qui</strong></span> 
     </span>
     <span class='ocr_line' id='line_1_30' title="bbox 87 2530 882 2597; baseline 0.005 -21"><span class='ocrx_word' id='word_1_216' title='bbox 87 2531 139 2592; x_wconf 84' lang='lat' dir='ltr'><strong>apud</strong></span> <span class='ocrx_word' id='word_1_217' title='bbox 154 2530 259 2582; x_wconf 79' lang='lat' dir='ltr'><strong>berosino</strong></span> <span class='ocrx_word' id='word_1_218' title='bbox 274 2531 298 2580; x_wconf 91' lang='lat' dir='ltr'><strong>in</strong></span> <span class='ocrx_word' id='word_1_219' title='bbox 312 2530 429 2582; x_wconf 84' lang='lat' dir='ltr'><strong>Trinitatis</strong></span> <span class='ocrx_word' id='word_1_220' title='bbox 440 2532 532 2582; x_wconf 88' lang='lat' dir='ltr'><strong>momine</strong></span> <span class='ocrx_word' id='word_1_221' title='bbox 544 2532 694 2597; x_wconf 88' lang='lat' dir='ltr'><strong>baptizantur,</strong></span> <span class='ocrx_word' id='word_1_222' title='bbox 710 2531 763 2582; x_wconf 84' lang='lat' dir='ltr'><strong>obm</strong></span> <span class='ocrx_word' id='word_1_223' title='bbox 777 2532 806 2582; x_wconf 90' lang='lat' dir='ltr'><strong>ad</strong></span> <span class='ocrx_word' id='word_1_224' title='bbox 818 2543 882 2582; x_wconf 84' lang='lat' dir='ltr'><strong>sanc-</strong></span> 
     </span>
    </p>
   </div>
   <div class='ocr_carea' id='block_1_5' title="bbox 91 2700 883 3023">
    <p class='ocr_par' dir='ltr' id='par_1_10' title="bbox 91 2700 882 2891">
     <span class='ocr_line' id='line_1_31' title="bbox 117 2700 880 2764; baseline 0.003 -16"><span class='ocrx_word' id='word_1_225' title='bbox 117 2700 187 2764; x_wconf 83' lang='lat' dir='ltr'><strong>(t)lte</strong></span> <span class='ocrx_word' id='word_1_226' title='bbox 206 2704 243 2748; x_wconf 87' lang='lat' dir='ltr'><strong>bis</strong></span> <span class='ocrx_word' id='word_1_227' title='bbox 263 2704 334 2750; x_wconf 86' lang='lat' dir='ltr'><strong>etiam</strong></span> <span class='ocrx_word' id='word_1_228' title='bbox 345 2705 388 2762; x_wconf 81' lang='lat' dir='ltr'><strong>tv,</strong></span> <span class='ocrx_word' id='word_1_229' title='bbox 402 2703 481 2755; x_wconf 77' lang='lat' dir='ltr'><strong>Semt,</strong></span> <span class='ocrx_word' id='word_1_230' title='bbox 492 2706 546 2750; x_wconf 84' lang='lat' dir='ltr'><strong>dist.</strong></span> <span class='ocrx_word' id='word_1_231' title='bbox 567 2704 591 2763; x_wconf 77' lang='lat' dir='ltr'><strong>d,</strong></span> <span class='ocrx_word' id='word_1_232' title='bbox 604 2718 643 2761; x_wconf 88' lang='lat' dir='ltr'><strong>qu.</strong></span> <span class='ocrx_word' id='word_1_233' title='bbox 664 2703 688 2762; x_wconf 87' lang='lat'><strong>1,</strong></span> <span class='ocrx_word' id='word_1_234' title='bbox 703 2708 748 2750; x_wconf 86' lang='lat' dir='ltr'><strong>art.</strong></span> <span class='ocrx_word' id='word_1_235' title='bbox 769 2703 793 2762; x_wconf 85' lang='lat'><strong>3,</strong></span> <span class='ocrx_word' id='word_1_236' title='bbox 805 2717 880 2760; x_wconf 76' lang='lat' dir='ltr'><strong>qums-</strong></span> 
     </span>
     <span class='ocr_line' id='line_1_32' title="bbox 91 2765 882 2828; baseline 0 -18"><span class='ocrx_word' id='word_1_237' title='bbox 91 2765 153 2811; x_wconf 81' lang='lat' dir='ltr'><strong>tiunc.</strong></span> <span class='ocrx_word' id='word_1_238' title='bbox 166 2766 189 2823; x_wconf 85' lang='lat'><strong>1,</strong></span> <span class='ocrx_word' id='word_1_239' title='bbox 202 2772 226 2811; x_wconf 88' lang='lat' dir='ltr'><strong>et</strong></span> <span class='ocrx_word' id='word_1_240' title='bbox 236 2779 277 2823; x_wconf 84' lang='lat' dir='ltr'><strong>qu.</strong></span> <span class='ocrx_word' id='word_1_241' title='bbox 296 2767 320 2823; x_wconf 82' lang='lat'><strong>2,</strong></span> <span class='ocrx_word' id='word_1_242' title='bbox 338 2772 382 2814; x_wconf 88' lang='lat' dir='ltr'><strong>art.</strong></span> <span class='ocrx_word' id='word_1_243' title='bbox 399 2768 427 2828; x_wconf 67' lang='grc'><strong>9,</strong></span> <span class='ocrx_word' id='word_1_244' title='bbox 443 2771 580 2825; x_wconf 70' lang='grc' dir='ltr'><strong>ψιωειιιιιιε.</strong></span> <span class='ocrx_word' id='word_1_245' title='bbox 600 2767 623 2822; x_wconf 82' lang='lat'><strong>³;</strong></span> <span class='ocrx_word' id='word_1_246' title='bbox 641 2772 664 2813; x_wconf 84' lang='lat' dir='ltr'><strong>et</strong></span> <span class='ocrx_word' id='word_1_247' title='bbox 677 2766 731 2813; x_wconf 83' lang='lat' dir='ltr'><strong>disc.</strong></span> <span class='ocrx_word' id='word_1_248' title='bbox 748 2766 773 2825; x_wconf 82' lang='lat'><strong>9,</strong></span> <span class='ocrx_word' id='word_1_249' title='bbox 788 2772 832 2811; x_wconf 89' lang='lat' dir='ltr'><strong>art.</strong></span> <span class='ocrx_word' id='word_1_250' title='bbox 857 2767 882 2824; x_wconf 66' lang='grc' dir='ltr'><strong>Ξ,</strong></span> 
     </span>
     <span class='ocr_line' id='line_1_33' title="bbox 91 2829 331 2891; baseline 0.004 -17"><span class='ocrx_word' id='word_1_251' title='bbox 91 2829 216 2883; x_wconf 54' lang='lat' dir='ltr'><strong>vestimur.</strong></span> <span class='ocrx_word' id='word_1_252' title='bbox 227 2831 253 2891; x_wconf 67' lang='lat'><strong>2,</strong></span> <span class='ocrx_word' id='word_1_253' title='bbox 265 2829 294 2874; x_wconf 86' lang='lat' dir='ltr'><strong>ad</strong></span> <span class='ocrx_word' id='word_1_254' title='bbox 306 2830 331 2876; x_wconf 69' lang='grc' dir='ltr'><strong>Ξ.</strong></span> 
     </span>
    </p>

    <p class='ocr_par' dir='ltr' id='par_1_11' title="bbox 93 2896 883 3023">
     <span class='ocr_line' id='line_1_34' title="bbox 119 2896 883 2960; baseline -0.003 -18"><span class='ocrx_word' id='word_1_255' title='bbox 119 2896 149 2957; x_wconf 73' lang='lat' dir='ltr'><strong>tbi</strong></span> <span class='ocrx_word' id='word_1_256' title='bbox 163 2902 212 2946; x_wconf 79' lang='lat' dir='ltr'><strong>Siue</strong></span> <span class='ocrx_word' id='word_1_257' title='bbox 230 2905 264 2946; x_wconf 78' lang='lat' dir='ltr'><strong>tte</strong></span> <span class='ocrx_word' id='word_1_258' title='bbox 275 2905 427 2960; x_wconf 80' lang='lat' dir='ltr'><strong>peccatorum</strong></span> <span class='ocrx_word' id='word_1_259' title='bbox 448 2904 542 2948; x_wconf 77' lang='lat' dir='ltr'><strong>meritis</strong></span> <span class='ocrx_word' id='word_1_260' title='bbox 563 2907 584 2948; x_wconf 88' lang='lat' dir='ltr'><strong>et</strong></span> <span class='ocrx_word' id='word_1_261' title='bbox 597 2901 740 2948; x_wconf 74' lang='lat' dir='ltr'><strong>remissione</strong></span> <span class='ocrx_word' id='word_1_262' title='bbox 749 2903 796 2950; x_wconf 64' lang='lat' dir='ltr'><strong>aut</strong></span> <span class='ocrx_word' id='word_1_263' title='bbox 813 2898 883 2942; x_wconf 83' lang='lat' dir='ltr'><strong>etiam</strong></span> 
     </span>
     <span class='ocr_line' id='line_1_35' title="bbox 93 2962 486 3023; baseline 0.013 -19"><span class='ocrx_word' id='word_1_264' title='bbox 93 2970 145 3006; x_wconf 81' lang='lat' dir='ltr'><strong>auno</strong></span> <span class='ocrx_word' id='word_1_265' title='bbox 157 2963 297 3023; x_wconf 82' lang='lat' dir='ltr'><strong>inscribitur,</strong></span> <span class='ocrx_word' id='word_1_266' title='bbox 316 2975 369 3020; x_wconf 81' lang='lat' dir='ltr'><strong>cap.</strong></span> <span class='ocrx_word' id='word_1_267' title='bbox 386 2965 426 3008; x_wconf 71' lang='lat' dir='ltr'><strong>ab.</strong></span> <span class='ocrx_word' id='word_1_268' title='bbox 483 2962 486 2967; x_wconf 83' lang='grc'><em>“</em></span> 
     </span>
    </p>
   </div>
   <div class='ocr_carea' id='block_1_6' title="bbox 0 0 976 3284">
    <p class='ocr_par' dir='ltr' id='par_1_12' title="bbox 0 0 976 3284">
     <span class='ocr_line' id='line_1_36' title="bbox 0 0 976 3284; baseline 0 4"><span class='ocrx_word' id='word_1_269' title='bbox 0 0 976 3284; x_wconf 95' lang='lat' dir='ltr'><strong> </strong></span> 
     </span>
    </p>
   </div>
  </div>
 </body>
</html>
