1942 3284
279 163 339 207 mr
368 163 462 207 usu
492 162 822 208 sucmnrsrm
857 167 908 207 n«
940 164 1180 208 connum.
1441 152 1531 206 332³.

18 244 199 309 species
219 247 583 309 sacramentales,
606 249 815 311 utsupra
844 246 1010 296 dictum
1034 250 1107 296 est
1127 246 1226 309 (qu.
1250 247 1328 308 76,
1353 249 1440 296 art.
1461 247 1531 308 Ἧι,

0 316 23 364 1
57 316 127 366 ille
165 317 238 379 qui
268 319 533 376 manducat,
560 330 651 367 non
694 316 839 367 solum
884 318 1022 367 sumit
1058 318 1237 380 species
1279 329 1531 367 sacramen

0 401 83 447 eS‚
111 389 189 437 sed
221 388 358 438 etiarn
404 388 553 452 ipsum
589 389 822 439 Christum
842 427 855 451 ,
886 389 964 451 qui
1007 397 1079 439 est
1117 391 1201 440 sub
1230 390 1313 439 eis,
1347 390 1404 438 Et
1433 390 1531 439 iden

0 458 163 509 risione
191 459 391 523 corporis
418 459 592 509 Christi
618 459 768 510 nullus
786 460 1066 523 prohibetur,
1095 461 1174 524 qui
1195 461 1254 510 sit
1282 473 1535 509 sacramen-

0 544 33 578 n
72 530 237 581 Christi
280 536 552 581 consecutus
573 570 585 591 ,
633 530 807 581 scilicet
850 531 1144 594 baptismum.
1184 534 1283 583 Non
1319 532 1531 596 baptizati

0 606 91 651 tem
117 616 205 653 uon
238 607 343 653 sunt
372 603 639 653 admittendi
679 603 815 653 etiam
841 604 897 652 ad
944 603 1271 667 inspectionem
1301 604 1438 668 hujus
1462 619 1535 652 sa-

0 674 189 734 rmenti,
232 681 284 723 ut
310 678 436 740 patet
455 688 537 739 per
571 675 837 740 Dionysium
875 674 925 724 in
963 675 1076 725 libro
1107 675 1420 725 He‘eramlaeioe
1448 678 1539 725 Es·-

0 747 120 796 ÷sioe.
152 748 242 797 Sed
270 748 327 796 ad
352 748 746 797 manducationem
776 761 867 797 non
896 750 1003 797 sunt
1029 746 1315 809 admittendi,
1333 746 1419 797 nisi
1450 751 1531 796 soli

16 857 31 881 ‚
64 818 143 881 qui
183 832 274 869 non
313 819 459 868 solum
503 820 917 882 sacramentaliter,
948 819 1028 869 sed
1052 819 1187 869 etiam
1225 819 1404 869 realiter
1433 831 1531 869 sinn*¹

4 889 121 939 risto
141 890 394 954 conjuncti.

0 960 71 1010 Ad
102 962 308 1023 quintum
351 962 623 1025 dicendum,
648 962 766 1026 quod
806 965 891 1013 hoc
925 962 1044 1025 quod
1083 975 1176 1012 non
1214 962 1352 1011 habet
1378 961 1539 1024 aliqui-2

0 1032 268 1082 uscientiam
304 1033 378 1082 sui
420 1034 624 1097 peccati,
654 1037 808 1098 potest
842 1036 1112 1096 contingere
1147 1033 1404 1097 dupliciter.
1438 1034 1539 1083 lirin

0 1106 77 1156 ›do
106 1118 187 1169 per
212 1107 388 1170 culpam
423 1119 581 1168 suam3
604 1107 678 1156 vel
700 1106 806 1169 quia
836 1119 918 1169 per
938 1105 1240 1169 ignorantiam
1258 1105 1404 1167 juris,
1439 1119 1535 1168 qim·

0 1191 30 1225 n
59 1181 271 1240 excusat,
308 1181 487 1241 reputat
527 1190 621 1228 non
648 1190 751 1227 esse
789 1182 1022 1241 peccatum
1053 1177 1173 1239 quod
1210 1181 1282 1226 est
1307 1180 1539 1240 peccatum

0 1249 113 1308 nuta,
140 1251 179 1298 si
208 1248 372 1312 aliquis
393 1248 639 1299 fornicator
663 1253 893 1312 reputaret
921 1249 1178 1312 simplicem
1200 1246 1539 1297 fornicationem

0 1334 34 1368 n
63 1334 167 1370 esse
194 1325 426 1385 peccatum
459 1320 705 1383 mortale),
736 1322 807 1371 vel
840 1321 947 1384 quia
980 1320 1220 1383 negligens
1253 1323 1322 1368 est
1352 1318 1398 1367 in
1427 1332 1543 1367 exn—

0 1392 194 1442 natione
220 1393 292 1442 sui
325 1392 489 1457 ipsius,
508 1395 666 1443 contra
698 1392 747 1442 id
770 1394 887 1455 quod
914 1393 1154 1456 Apostolus
1175 1389 1302 1451 dicit,
1332 1390 1368 1439 1.
1403 1391 1539 1443 Cor..

0 1507 1 1510 ,
34 1479 47 1512 :
85 1480 115 1511 «
145 1464 310 1514 Probet
332 1469 482 1514 autem
510 1463 710 1527 seipsum
738 1465 891 1525 homo,
920 1469 966 1514 et
993 1464 1060 1513 sic
1084 1465 1138 1514 de
1168 1476 1288 1526 pane
1315 1463 1394 1512 illo
1422 1463 1544 1519 edat,

26 1535 83 1586 de
116 1536 259 1585 calice
286 1535 429 1585 bibat.
465 1554 493 1583 υ
524 1536 580 1585 Et
609 1538 680 1586 sic
721 1535 1022 1586 nihilominus
1055 1537 1214 1599 peccat
1234 1537 1443 1597 peccator
1471 1551 1547 1583 su-

0 1621 79 1657 ens
106 1621 271 1671 corpus
294 1608 498 1671 Christi,
529 1607 638 1658 licet
664 1621 757 1658 non
781 1608 945 1658 habeat
987 1606 1315 1658 conscientiam
1346 1603 1547 1668 peccati,

0 1681 53 1730 iia
78 1681 175 1744 ipsa
195 1681 450 1743 ignorantia
474 1686 547 1730 est
564 1680 608 1730 ei
635 1682 892 1743 peccatum.
913 1679 1016 1729 Alio
1038 1677 1174 1728 modo
1207 1679 1359 1739 potest
1377 1675 1547 1725 continx

0 1765 53 1801 =re
82 1753 185 1802 siue
208 1753 339 1816 culpa
367 1751 534 1816 ipsius3
561 1752 692 1816 puta,
728 1751 832 1800 cum
873 1750 1018 1801 doluit
1041 1750 1095 1799 de
1117 1752 1321 1811 peccato,
1354 1747 1434 1797 sed
1462 1759 1551 1795 nnn

3 1827 22 1871 t
44 1822 329 1873 sufficienter
363 1821 602 1874 contritus.
639 1826 698 1873 Et
725 1823 775 1873 in
796 1821 874 1872 tali
899 1836 1009 1871 casu
1036 1833 1128 1870 non
1155 1823 1316 1883 peccat
1337 1819 1555 1869 sumendi·

0 1908 114 1957 rpus
136 1896 310 1945 Christi
331 1913 346 1960 3
369 1897 471 1958 quia
510 1897 646 1946 homo
670 1908 751 1959 per
774 1894 1090 1946 certitudinem
1120 1892 1236 1941 scire
1265 1904 1358 1940 non
1384 1892 1551 1953 poteri,

0 1966 103 2015 rum
139 1968 200 2018 sit
233 1967 340 2018 vere
372 1970 609 2018 contritus.
631 1967 808 2018 Sufficit
835 1966 958 2016 euim
980 2004 993 2026 ,
1019 1966 1060 2015 si
1090 1964 1139 2013 in
1162 1977 1212 2014 se
1241 1963 1368 2026 signa
1389 1963 1555 2013 contri-

0 2038 89 2089 )uis
115 2039 349 2099 inveniat,
371 2039 483 2103 puta
507 2040 548 2088 si
572 2039 721 2089 doleat
746 2040 802 2088 de
826 2036 1070 2102 praeteritis
1091 2074 1103 2095 ,
1135 2038 1181 2086 et
1207 2037 1431 2099 proponat
1467 2047 1551 2079 csi-

0 2123 57 2160 =re
95 2111 152 2162 de
183 2111 370 2161 futuris.
408 2112 458 2162 Si
484 2112 592 2162 vero
619 2112 798 2175 ignorat
823 2111 911 2160 hoc
936 2109 1058 2173 quod
1087 2109 1198 2159 lecit
1217 2144 1235 2171 ,
1265 2119 1367 2157 esse
1403 2111 1555 2156 actm„

0 2183 129 2233 iccati
143 2220 160 2246 ,
186 2188 376 2247 propter
407 2184 712 2247 ignorantiam
740 2182 851 2232 iacti
877 2196 978 2245 quae
1005 2184 1222 2242 excusat,
1248 2177 1357 2242 puta
1379 2215 1392 2238 ,
1419 2177 1459 2226 si
1483 2191 1531 2223 ur

0 2254 89 2303 assit
120 2256 178 2304 ad
206 2270 299 2306 nou
327 2269 457 2305 suam
475 2294 488 2316 ‚
518 2268 653 2319 quam
689 2256 904 2305 credebat
937 2265 1043 2303 esse
1081 2264 1208 2302 suam
1227 2289 1239 2311 ,
1278 2262 1369 2299 non
1409 2255 1475 2297 est
1503 2263 1555 2295 rt

0 2336 45 2373 ic
81 2326 306 2377 dicendus
342 2331 569 2390 peccator.
599 2325 815 2375 Similiter
854 2327 992 2376 etiam
1036 2322 1074 2372 si
1115 2322 1316 2372 totaliter
1351 2323 1423 2369 est
1457 2331 1559 2380 pera

0 2400 105 2445 itum
134 2398 307 2447 oblitus
325 2434 339 2458 ‚
363 2397 531 2447 sufficit
563 2398 618 2447 ad
644 2398 743 2460 ejus
771 2396 1045 2447 deletionem
1075 2392 1300 2457 generalis
1328 2391 1563 2443 contritio,

0 2470 11 2513 t
37 2467 149 2518 iufra
174 2470 354 2520 dicetur
372 2470 444 2533 (in
461 2467 809 2533 supplement.
834 2483 911 2532 qu.
935 2472 985 2530 2,
1008 2470 1094 2516 art.
1117 2465 1184 2528 6);
1207 2464 1329 2514 unde
1349 2466 1449 2526 jam
1475 2471 1559 2507 nnn

0 2543 31 2587 it
55 2541 275 2592 dicendus
297 2545 529 2606 peccator.
