1942 3284
222 207 254 246 nn
269 207 380 246 numerio
395 207 472 248 nuens
490 209 649 251 secundnm.
793 204 838 255 tna

326 393 489 446 inurendus
504 395 543 446 IX.

32 515 120 560 Utrum
129 516 202 562 ticeni
212 517 242 561 ab
250 519 503 564 encomuenutcatirvel
512 520 838 579 hareticisceupeccotoeibus

98 580 294 625 communionem
312 582 424 638 recipere,
435 587 458 626 et
468 595 550 627 corum
560 586 657 630 missum
670 587 764 632 audire.

56 709 92 758 nd
115 721 204 760 nouum
229 708 262 758 sic
277 709 408 771 proceditur
424 709 468 773 (1),
489 709 583 760 Videtur
596 711 656 774 qnod
673 713 755 777 adonis
772 716 835 768 licite

26 781 97 844 possit
108 780 297 832 communionem
313 780 413 844 recipere
429 780 442 830 t
457 783 610 834 sacerdotibus
619 785 733 837 hereticis
742 788 780 839 rel
793 801 837 840 ox·

26 851 218 914 communicatis,
233 851 350 902 ueletiam
366 852 540 915 peccatoribus,
558 857 583 904 et
595 855 622 904 ab
637 855 671 906 eis
683 857 775 908 missam
793 872 833 908 an-

25 923 81 974 dire.
90 925 162 974 Sicut
170 925 232 974 enirn
242 923 381 986 Augustinus
388 925 484 974 Contra
493 925 651 975 Petr'tionum
659 927 726 990 dicit,
737 943 832 995 cneque

25 994 47 1044 in
57 997 154 1047 homine
162 997 233 1058 bono,
243 1008 316 1059 neque
327 995 351 1044 in
363 996 454 1047 nornine
470 997 528 1047 malo
538 997 622 1062 aliquis
628 999 669 1049 iiei
677 999 750 1062 fugiat
758 1015 831 1052 sacra

26 1072 111 1120 menta.
129 1070 201 1120 nSed
216 1068 359 1131 sacerdotes,
371 1069 476 1133 quamvis
490 1069 537 1120 siut
551 1075 683 1133 peccatores
697 1078 719 1122 et
731 1073 831 1124 haretici

24 1140 61 1190 rei
75 1139 285 1202 excorumnnicati,
304 1152 383 1191 uerum
396 1141 521 1192 conficiunt
536 1147 711 1194 monumentum.
724 1146 782 1208 Ergo
796 1144 832 1194 ri-

24 1211 89 1261 detur
99 1212 164 1276 qnod
185 1225 231 1261 uon
249 1210 279 1262 sit
292 1210 409 1261 uitandum
425 1213 453 1263 ab
469 1213 504 1262 eis
518 1214 702 1266 communionem
717 1215 829 1280 accipere,

24 1282 58 1330 rei
70 1296 154 1334 eornm
168 1282 263 1334 missam
273 1281 360 1332 andire.

54 1358 79 1404 2.
96 1358 222 1416 Praeterea,
233 1366 317 1417 corpus
332 1353 417 1404 Christi
433 1366 511 1404 verum
525 1355 667 1419 figurativum
681 1361 718 1408 est
728 1359 829 1423 corporis

27 1425 138 1487 mystici,
160 1425 219 1476 sicut
238 1424 402 1489 supradictum
416 1429 453 1476 est
466 1425 516 1488 (qn.
526 1430 566 1490 8⁰,
580 1432 622 1478 art.
636 1427 672 1492 t).
687 1429 731 1480 Sed
745 1429 828 1494 ipre-

26 1495 91 1546 diotis
109 1496 267 1547 sacerdotibus
279 1510 358 1546 uerum
367 1509 450 1560 corpus
461 1497 546 1547 Christi
556 1504 708 1550 consecratur.
723 1501 782 1564 Ergo
793 1499 828 1550 ri·

27 1565 89 1618 detur
107 1568 170 1632 qnod
185 1567 219 1618 ilii
236 1567 277 1632 qni
296 1572 349 1618 sunt
365 1568 391 1620 de
408 1581 501 1632 corpore
519 1571 631 1633 mystico,
644 1572 734 1636 possint
749 1584 827 1624 eornm

25 1639 141 1691 sacrificiis
154 1641 334 1692 communicare.

55 1717 78 1762 3.
94 1714 225 1775 ristona,
241 1713 312 1763 multa
329 1716 422 1776 peccata
434 1717 486 1762 sunt
496 1712 599 1776 grauiora
615 1714 683 1777 quam
696 1715 827 1766 fornicatio.

28 1782 65 1832 Sod
77 1797 127 1836 non
139 1789 174 1834 est
190 1783 329 1848 prohibitum
343 1784 420 1834 audire
438 1783 520 1834 missas
532 1786 674 1836 sacerdotum
691 1786 756 1836 aiiter
775 1800 827 1850 pec·

27 1856 135 1906 cantium.
145 1858 203 1920 Ergo
220 1856 289 1907 etiarn
303 1869 348 1906 nou
358 1855 426 1906 debet
436 1869 487 1906 esse
501 1856 641 1920 prohibitum
653 1857 732 1908 andire
743 1857 826 1908 missas

27 1931 166 1980 sacerdotum
178 1926 360 1979 iornicmiorum.

55 2000 100 2052 Sed
122 2005 201 2052 contra
214 2004 264 2063 est,
286 2001 346 2062 qnod
364 1999 443 2050 Canon
463 2001 533 2062 dicit,
550 2002 644 2052 xxxii.
658 2002 712 2052 dist.
726 2006 770 2065 (er
784 2003 826 2052 Ni-

28 2071 86 2124 colao
101 2073 126 2135 i)
139 2089 145 2121 :
158 2089 171 2119 ι(
183 2071 262 2121 Nullus
274 2072 368 2120 missam
376 2071 453 2121 audiat
461 2073 585 2122 sacerdotis
593 2086 661 2136 quem
672 2073 828 2123 indubitanter

31 2144 176 2194 concubinam
193 2142 387 2192 monthatere.»
400 2142 428 2191 Et
438 2143 560 2205 Gregorius
571 2144 628 2194 dicit
636 2143 661 2194 in
674 2145 715 2194 iii.
723 2144 826 2208 Dictoq.

32 2210 86 2278 tcap.
99 2213 222 2279 31),an
237 2231 251 2262 o
265 2217 329 2277 pater
343 2214 441 2278 pertidus
454 2216 563 2264 Arianum
577 2215 709 2280 episcopum
722 2214 786 2284 misit
800 2217 828 2265 ad

32 2281 107 2349 fitium,
115 2291 142 2336 ut
151 2288 179 2336 de
192 2286 243 2349 ejus
252 2299 319 2336 manu
331 2285 444 2348 sacrilega
455 2286 632 2338 consecrationis
642 2287 826 2337 communionem

32 2357 161 2421 perciperet.
171 2359 215 2408 Sed
223 2357 258 2407 uir
266 2359 314 2408 Deo
323 2358 411 2408 deditus
422 2357 505 2408 triano
514 2357 621 2422 episcopo
632 2357 735 2409 uenienti
744 2371 827 2422 expro-

31 2421 107 2488 brauit,
119 2433 145 2479 nt
155 2430 242 2480 debuit.
253 2445 266 2476 u

59 2500 630 2565 (nuncnunc—cnmexcommunicati,heretici
645 2506 668 2552 et
677 2499 824 2562 schismatici,

33 2581 68 2630 per
80 2573 217 2624 sententiam
232 2573 340 2623 Eccieeiae
352 2573 501 2624 consecrandi
515 2573 650 2624 executione
667 2573 752 2637 privati
763 2571 825 2632 sint,

32 2641 55 2690 ai
64 2644 90 2694 iis
99 2649 267 2696 sacramentnm
281 2644 441 2709 suscipientes,
457 2645 493 2695 nel
503 2658 582 2695 eornm
593 2644 686 2695 missam
695 2643 823 2704 audientes,

32 2717 123 2773 peccans
135 2729 214 2768 eornm
226 2715 394 2766 communicant
405 2720 428 2766 et
439 2716 561 2780 peccant.)

61 2877 90 2941 (i)
105 2883 137 2927 De
155 2880 191 2926 tris
205 2879 276 2925 ctiam
290 2880 372 2938 snprd,
384 2891 425 2936 qu.
436 2880 466 2925 dt
478 2913 484 2937 ,
497 2884 541 2925 art.
551 2879 576 2939 9,
590 2880 619 2924 ad
633 2879 683 2924 det
699 2878 729 2933 23
745 2884 769 2924 et
782 2879 825 2936 iv,

33 2939 100 2995 sect..
112 2945 166 2990 dist.
178 2941 223 3003 1³,
237 2955 277 3001 qn.
294 2942 320 3001 i,
340 2949 384 2990 art.
397 2943 424 3004 8,
442 2943 580 3002 quaestione.
591 2942 615 2988 3.

117 3055 161 3096 m,
701 3040 732 3087 18
