1942 3284
227 211 257 248 on
273 211 387 250 nrnrsrno
404 199 480 251 ndens
497 213 655 252 sscnerrnnrr.
795 207 840 253 ⁸03

282 425 448 495 domitio
466 427 582 492 XXXI.

13 568 61 614 De
87 565 209 612 ministro
226 564 302 624 tejas
315 568 478 622 sacramenti,
494 569 524 614 io
543 571 592 614 tres
610 570 729 616 aestinatae
747 570 838 618 dimin.

54 713 154 794 Deinde
168 713 357 766 considerandum
373 718 408 766 est
423 715 450 766 de
469 716 664 770 administratione
676 719 748 784 hujus
760 733 838 770 soora-

13 788 131 907 megitrlea
143 855 202 917 qnod
215 859 347 918 queruntur
360 855 418 906 tria:
437 859 463 904 t⁰
475 856 555 907 Utrdm
566 856 639 908 ieieus
652 859 725 923 possit
743 861 789 910 hoo
799 873 836 910 sa-

16 927 174 980 cramentnm
186 927 298 978 conterre.
313 931 341 976 20
352 927 431 978 Utrim
446 928 564 979 diaeonus.
581 934 607 977 3⁰
620 929 700 980 Utrdm
715 930 777 981 solus
786 931 836 995 epi-

13 1010 127 1062 scopus.

336 1105 500 1157 ARTICULUS
515 1107 532 1155 1.

121 1227 206 1272 Utrdm
217 1229 293 1273 deicias
306 1229 378 1285 possit
389 1229 432 1274 ttae
447 1234 624 1274 sacramentum
637 1232 752 1287 conferre.

57 1353 99 1405 Ad
108 1351 208 1416 primum
222 1354 256 1404 sie
270 1355 408 1418 proceditur.
418 1355 513 1406 Videtur
522 1355 582 1420 qnod
595 1356 665 1407 etiam
678 1354 749 1406 teious
761 1358 835 1420 possit

16 1429 72 1478 hon
85 1429 253 1475 sacramentum
267 1425 379 1476 conterre.
393 1426 505 1486 Qniedoo
518 1430 685 1476 sacramentnm
700 1429 767 1478 habet
776 1428 832 1478 etti-

18 1496 119 1548 oaeiam
131 1507 160 1546 ex
179 1496 297 1558 oratione,
312 1500 338 1548 ut
350 1498 447 1548 lacobus
461 1498 526 1548 dicit.
545 1498 588 1548 Sed
607 1499 679 1549 oratio
691 1499 747 1548 laiei
762 1511 834 1562 qnan-

19 1573 106 1633 doqne
124 1570 159 1616 est
178 1568 211 1618 ita
224 1569 270 1618 Deo
291 1573 386 1633 accepta
404 1569 463 1620 sient
481 1570 613 1620 sacerdotis.
628 1570 688 1633 Ergo
701 1573 775 1633 potest
787 1565 833 1620 hoe

17 1641 197 1692 sacramentum
211 1640 322 1692 conterre.

57 1715 87 1761 2.
107 1711 237 1772 Praeterea,
254 1712 282 1763 de
298 1711 433 1774 quibusdam
452 1712 557 1775 patriom
579 1712 603 1761 in
623 1713 723 1776 AEgypto
741 1711 833 1775 legitor,

18 1781 90 1848 qnod
101 1780 178 1832 olenm
189 1782 218 1831 sd
228 1781 329 1833 infirmos
341 1782 532 1845 transmittebant,
545 1786 569 1831 et
579 1782 834 1832 sanabantnrditsimi-

18 1857 82 1906 liter
98 1851 182 1902 dieitur
193 1852 221 1902 de
235 1852 301 1902 beata
316 1853 445 1914 Geooveda,
460 1853 522 1915 qnod
536 1854 586 1904 oleo
605 1853 708 1904 infirmos
723 1853 832 1916 ungebat.

18 1928 91 1988 Ergo
104 1923 150 1974 hoe
158 1927 323 1974 sacramentum
337 1926 413 1987 potest
423 1925 521 1975 conferri
531 1924 599 1974 etiem
610 1924 624 1974 i
634 1923 708 1974 laidis.

56 1994 108 2044 Sed
119 2000 197 2044 contra
214 1998 264 2056 est,
274 1994 335 2058 qndd
348 1996 374 2044 in
384 1996 428 2046 hoe
440 2001 583 2046 sacramento
597 1997 623 2045 dt
637 1995 743 2046 remissio
752 2007 833 2060 pecce-

19 2075 115 2120 torum.
131 2065 174 2116 Sed
190 2065 244 2116 laici
257 2079 304 2116 non
322 2067 407 2116 trahent
424 2072 561 2131 potestatem
579 2067 710 2117 dimittendi
726 2072 832 2130 peceato.

19 2143 99 2202 Ergo,
111 2140 156 2187 ete.
558 2145 567 2158 ·

60 2210 222 2273 (Conennsro.
241 2209 394 2267 -Quamvis
411 2209 435 2259 in
449 2210 530 2260 mortis
544 2208 654 2271 resono,
670 2221 699 2260 ne
717 2210 785 2260 adoni
795 2209 834 2259 sia

23 2280 115 2334 salutis
133 2277 295 2344 precludatur,
309 2280 384 2343 possit
393 2281 521 2344 baptismos
535 2280 604 2330 etiam
622 2279 636 2328 i
651 2279 710 2331 laioo
726 2281 833 2342 conferri,

23 2365 79 2404 non
90 2355 171 2406 tamen
182 2355 282 2402 extrema
296 2351 382 2416 unotio,
397 2353 464 2416 eujus
478 2357 541 2402 tanta
551 2354 645 2405 nonest
658 2353 798 2416 nenessitas,
808 2356 835 2401 nt

24 2421 203 2488 disponsatione
215 2429 291 2486 egeat.
301 2423 310 2487 )

59 2494 203 2557 Respondeo
213 2495 342 2558 dicendum,
352 2494 412 2560 qudd
425 2495 550 2546 seeuodirm
563 2496 695 2560 Dionysium
704 2495 729 2544 in
740 2493 833 2544 nectes.

25 2566 173 2620 iteraret„
188 2569 240 2615 sunt
253 2565 344 2629 quidam
362 2570 494 2617 exercentes
511 2566 615 2616 notiones
630 2565 798 2624 hierarchicas,
813 2568 837 2614 et

26 2637 125 2701 quidam
138 2635 273 2699 recipientes
284 2636 387 2701 testim,
398 2637 502 2701 quisunt
514 2638 575 2688 laici.
590 2639 620 2687 Et
634 2638 686 2687 ideo
697 2636 783 2686 nuliius
800 2647 836 2684 sa-

27 2707 143 2760 cramenti
151 2707 290 2770 dispensatio
306 2709 371 2759 laicis
386 2722 415 2759 ex
430 2709 508 2760 officio
517 2708 642 2774 competit3
653 2710 694 2759 sed
707 2707 768 2772 qnod
781 2708 838 2770 hap-

29 2781 103 2830 tizsre
123 2783 220 2842 possunt
239 2780 263 2829 in
277 2793 332 2831 casn
347 2780 506 2844 necessitatis,
525 2794 554 2831 ex
568 2780 647 2831 divina
666 2778 837 2843 dispensatione

28 2849 118 2900 testum
134 2853 184 2909 est,
198 2854 224 2900 ut
240 2851 300 2906 nertii¹
314 2851 495 2915 regenerationis
514 2850 753 2916 spiritualis-tenuitas
768 2850 835 2900 desit.

63 2920 99 2972 dd
113 2919 211 2986 primum
226 2935 279 2988 ergo
292 2921 424 2988 dioendnn,
435 2923 495 2987 qnod
507 2922 578 2974 oratio
591 2922 630 2972 ille
645 2921 728 2973 nonii
740 2921 838 2973 imner-
