1942 3284
137 170 165 206 na
177 165 365 207 rmrurmnmm
378 165 416 218 ,1⁰
430 163 748 215 ”cummunicatur
797 153 845 216 tte

42 230 44 297 l
59 246 120 306 uua,
130 245 234 296 babarus
246 247 271 293 et
279 243 377 308 Septba,
388 257 402 290 a
413 245 437 293 et
450 241 531 293 eadem
537 241 635 303 ratione,
644 254 687 293 nec
697 241 778 307 abque
789 241 842 296 alie

41 302 43 378 l
58 315 167 379 hujumodi
183 315 327 368 differentiae.
345 313 416 366 idultd
434 312 503 383 igitur
518 312 596 365 minius
610 311 731 366 drensitm
744 313 844 366 vestium

40 380 42 443 7
57 387 125 452 abund
140 388 281 454 operaturiu
301 387 346 437 fide
359 386 455 438 Christi.
476 385 665 439 inconvenienter
679 385 747 452 igitur
766 386 844 452 bapti-

56 461 103 512 ratis
112 462 200 512 traditur
211 461 310 511 candida
321 459 403 511 uestis.

38 529 40 531 ’
80 536 99 582 t.
112 536 235 594 Praeterea,
247 532 299 585 siue
313 531 444 593 hujusmodi
460 529 613 595 observantiis
626 532 702 596 potest
711 530 840 597 baptismus

54 604 155 656 celebrari
165 606 219 656 llaec
227 605 297 668 igitur
308 617 359 669 que
373 604 496 655 dictasunt
506 602 613 654 ridentur
623 616 674 657 esse
684 604 807 668 superflua,
819 607 843 657 et

57 678 85 728 ita
96 678 275 730 inconvenienter
288 678 317 728 ab
326 677 431 727 Ecclesia
444 674 549 726 instituta
561 688 611 726 esse
626 675 651 725 iu
664 675 709 725 ritu
724 673 841 741 baptismi.

82 751 120 801 Sed
129 755 206 801 contra
217 752 266 812 est,
280 748 340 813 qudd
353 748 456 800 Ecclesia
471 747 557 814 regitur
571 746 584 798 'a
596 747 683 814 Spiritu
695 751 774 800 sanctu
784 786 792 810 ,
803 749 842 814 qui

53 822 102 872 nibil
112 822 261 872 inordinatum
275 824 388 885 operatur.

79 896 226 956 (Couccmm.
240 920 273 930 -
284 893 435 958 Quaecumque
447 893 472 944 in
482 890 614 957 baptizandi
627 891 674 942 ritu
688 890 716 942 ad
731 891 841 957 majorem

52 967 203 1018 solemnitatem
217 965 325 1016 observat
346 964 449 1016 Ecclesia
463 1003 470 1030 ,
484 964 647 1015 convenienter
666 962 770 1016 instituta
787 967 841 1018 suut

51 1038 156 1090 miudes
169 1037 330 1100 instruendos,
344 1049 468 1101 eorumque
481 1037 629 1088 devotionern
646 1034 803 1102 excitandam,
816 1041 840 1092 et

50 1110 200 1162 mcodaemouis
212 1109 260 1160 mm
271 1109 449 1176 cohibendam.)

74 1183 200 1247 ltcspoudeo
215 1182 354 1245 dicendum,
368 1181 429 1245 qubd
441 1182 467 1232 in
481 1183 622 1233 sacramento
636 1181 743 1247 baptismi
755 1183 841 1250 abquid

50 1254 111 1317 agitur
120 1255 179 1318 quod
189 1256 226 1304 est
240 1253 269 1304 de
282 1254 419 1306 necessitate
433 1253 587 1316 sacramenti,
598 1256 621 1305 et
632 1252 718 1318 auqmu
733 1257 839 1320 estquod

50 1327 72 1375 ad
85 1327 197 1390 quamdam
209 1326 378 1378 solemnitatem
390 1325 528 1378 sacramenti
535 1325 642 1391 pertinet.
651 1325 694 1377 Dei
703 1328 839 1382 necessitate

50 1397 125 1460 qudem
133 1397 270 1448 sacramenti
288 1401 324 1448 est
338 1397 426 1461 torma,
438 1411 490 1461 quae
506 1397 611 1462 designat
624 1395 774 1462 principalem
784 1411 840 1452 cau-

52 1481 91 1516 san
101 1470 248 1532 sacramenti,
265 1473 290 1520 et
303 1469 419 1534 minister,
434 1469 473 1534 qui
487 1473 522 1521 est
534 1483 602 1520 causa
614 1469 803 1536 instrumentalis,
817 1475 840 1524 et

54 1552 97 1589 mun
105 1542 220 1605 materiae,
234 1540 323 1592 scilicet
335 1539 419 1592 ablutio
436 1540 461 1591 iu
475 1556 549 1606 aqua,
568 1555 619 1606 qua
632 1541 736 1608 designat
749 1541 840 1606 priuci-

54 1611 111 1672 pabu
123 1613 262 1664 sacramenti
281 1612 397 1664 ellectum.
411 1614 504 1664 Cetera
520 1613 576 1665 uerd
589 1613 666 1665 omnia
677 1627 728 1678 qua
748 1613 772 1665 iu
793 1616 839 1666 ritu

50 1682 161 1747 baptimndi
176 1686 286 1737 observat
304 1684 422 1748 Ecclesia,
442 1686 515 1749 magu
533 1684 649 1750 pertinent
670 1686 699 1737 ad
717 1688 838 1751 quamdam

47 1756 200 1808 solemnitatem
220 1757 365 1808 sacramenti.
382 1757 436 1816 Qua
452 1755 543 1821 midam
562 1755 698 1808 adhibentur
718 1755 742 1808 in
760 1771 837 1811 sacra·

47 1832 110 1880 uento
121 1834 214 1894 propter
227 1828 279 1878 tria.
297 1827 375 1878 Primi
389 1827 482 1892 quidem
496 1828 523 1878 ad
537 1827 680 1879 excitandam
693 1827 837 1882 devotionem

46 1898 131 1950 bdelium
143 1905 168 1951 et
182 1899 337 1951 reverentiam
349 1900 379 1950 ad
396 1903 580 1964 sacramentum
592 1899 613 1950 si
627 1899 690 1950 euim
703 1901 839 1966 simpliciter

45 1970 99 2021 lieret
115 1971 200 2024 ablutio
221 1971 247 2021 iu
268 1983 340 2034 aqua,
355 1971 441 2035 absque
455 1969 614 2035 solemnitate,
629 1970 657 2024 de
671 1971 732 2025 incili
749 1972 778 2024 ab
795 1972 838 2024 ali·

43 2044 115 2106 subm
126 2044 278 2097 estimaretur
286 2043 351 2107 qnasi
361 2044 464 2107 quedam
474 2043 603 2094 communis
613 2042 708 2095 ablutio.
721 2041 836 2108 Secundd,

44 2115 66 2164 ad
84 2114 183 2168 fidelium
205 2115 392 2179 instructionem,
407 2115 524 2179 simplices
541 2113 672 2184 euim,qui
692 2114 775 2169 litteris
790 2127 839 2168 uun

45 2187 181 2252 erudiuntur,
196 2189 288 2252 oportet
300 2186 390 2241 erudire
407 2200 449 2251 per
464 2187 541 2250 aliqua
555 2185 671 2239 sensibilia
686 2185 768 2252 signa,
783 2187 839 2254 puta

44 2270 78 2318 pec
93 2258 193 2323 picturas
206 2262 229 2310 et
243 2257 287 2308 alia
300 2256 441 2321 hujusmodi.
456 2259 485 2309 Et
496 2271 537 2324 per
553 2259 614 2310 huuc
632 2257 739 2319 medum,
759 2272 799 2324 per
810 2272 839 2322 ea

45 2341 86 2390 pue
98 2329 122 2380 in
135 2329 286 2382 sacramentis
302 2332 410 2393 aguntur,
423 2329 460 2380 rel
471 2330 626 2392 instruuntur,
639 2330 678 2380 uel
688 2329 840 2388 sollicitantur

45 2400 221 2464 adnuereudum
233 2401 262 2453 de
272 2401 310 2452 his
319 2415 370 2466 que
378 2414 419 2465 per
427 2400 558 2466 hujusmodi
567 2401 684 2454 sensibilia
694 2403 758 2466 sigua
769 2401 840 2466 sigui·

46 2469 137 2524 icautur.
147 2473 177 2523 Et
185 2474 255 2535 ideo,
267 2473 321 2538 qrria
331 2475 414 2538 preter
422 2473 573 2539 principalem
586 2474 723 2526 sacramenti
733 2475 840 2544 effectum

46 2549 124 2606 tundet
141 2545 246 2612 quedam
263 2545 307 2596 alia
326 2545 384 2596 scire
398 2544 458 2596 circa
473 2545 626 2610 baptismum,
643 2544 785 2598 conueniens
796 2546 841 2608 fnit

47 2618 67 2662 ut
80 2617 144 2668 ctiam
154 2617 290 2682 quibusdam
300 2616 451 2678 exterioribus
463 2616 535 2682 siguis
548 2621 773 2682 representareutnr.
786 2619 841 2670 Ter·

46 2684 85 2747 tid,
101 2689 152 2752 quia
163 2704 205 2755 per
218 2688 348 2751 orationes,
363 2692 387 2740 et
399 2687 587 2753 benedictiones,
600 2691 624 2740 et
637 2688 682 2741 alia
695 2690 839 2754 hujusmodi,

47 2757 150 2811 milbetur
162 2761 199 2812 ris
212 2761 325 2813 demonis
339 2761 367 2815 ab
376 2761 540 2826 impedimento
553 2761 723 2814 sacramentalis
734 2762 839 2824 effectis.

70 2831 211 2896 ltprimum
232 2846 286 2897 ergo
305 2831 443 2894 dicendum,
457 2833 518 2899 qndd
537 2832 644 2884 Christus
664 2831 690 2882 in
709 2831 842 2896 Epiphania
930 2889 931 2892 Ἴ

46 2899 160 2967 oapnmtus
169 2908 207 2958 est
219 2901 337 2971 baptismo
350 2903 458 2971 loannis,
473 2908 502 2957 ut
515 2903 585 2970 cupri
596 2903 727 2978 dictumest
741 2905 788 2972 (qu.
798 2905 841 2978 dil,
