1942 3284
16 274 17 297 ἦ
111 214 159 264 dli
278 224 340 266 nans
355 225 590 277 monasterti,
608 225 662 265 aar.
680 225 735 267 vnn.

16 336 17 357 ³
110 304 164 368 qnia
172 303 357 369 perbaptismum
367 317 412 355 nou
420 304 505 354 lolbtur
513 301 652 354 transmissio
662 301 779 366 originalis
787 301 813 352 in
826 305 918 368 prolem

112 389 153 440 per
166 380 239 426 actum
249 375 413 439 generationis,
427 377 466 426 sed
480 375 588 425 liberatur
600 374 699 424 animai
711 375 798 425 macula
812 381 841 426 et
854 382 922 428 reatu

112 447 202 510 peccati
215 447 275 510 quod
288 447 398 509 incurrit;
413 451 436 498 et
449 447 501 497 ideo
514 447 581 498 debet
594 445 709 512 precipue
724 447 796 497 lavari
807 448 852 498 iila
866 463 920 514 pars

112 518 213 582 corporis
225 520 248 567 in
262 531 307 582 qua
321 519 496 569 manifestantur
512 532 581 584 opera
597 518 688 570 animat.
704 520 730 567 in
747 520 821 569 reteri
840 525 921 572 autem

16 606 17 609 ¹
112 589 177 652 lege,
189 591 313 640 remedium
328 596 408 641 contra
418 591 529 653 originale
544 594 660 654 peccatum
678 589 807 640 institutum
830 597 885 642 erat
898 593 923 642 in

113 662 216 712 membro
228 663 399 727 generationis,
413 662 466 726 qnia
475 663 549 712 adbuc
562 662 600 712 ille
613 675 654 728 per
667 674 733 726 quem
743 660 859 726 originale
874 669 922 714 erat

114 734 263 784 amovendum
279 734 406 785 nasciturus
421 737 470 785 erat
488 733 615 785 exsemine
629 734 738 798 dbrabae,
757 734 825 798 cujus
847 735 918 786 fidem

113 803 255 856 circumcisio
272 805 425 870 significabat,
439 809 465 856 ut
481 805 563 856 dicitur
577 807 657 862 idom„
671 804 708 855 lv.

409 985 566 1036 innobilis
579 985 637 1035 Viil.

97 1101 102 1107 ¹
182 1112 267 1157 Utralm
280 1113 347 1157 trine
363 1113 482 1158 immersio
496 1113 527 1157 sit
541 1112 570 1156 de
585 1113 720 1158 necessitate
738 1111 863 1169 baptismi.

148 1239 183 1290 dd
193 1243 296 1290 octauum
310 1239 342 1290 sic
354 1238 483 1303 proceditur
496 1239 540 1303 tt).
555 1237 648 1288 Videtun
656 1236 716 1302 quod
729 1238 790 1289 trina
798 1239 919 1293 immersio

118 1311 148 1361 sit
161 1312 188 1361 de
203 1311 336 1362 necessitate
350 1311 465 1374 baptismi.
481 1310 539 1358 llicit
553 1307 613 1360 enim
628 1309 767 1373 augustinus
779 1310 805 1362 in
821 1315 924 1377 quodam

118 1396 222 1434 sermone
236 1385 274 1433 De
281 1381 393 1447 merboto
407 1382 442 1431 cd
453 1381 649 1445 baptizotoottlz
664 1380 755 1432 dilecte
768 1384 838 1434 tertid
856 1386 925 1436 mersi

118 1455 189 1515 estis,
202 1455 241 1518 qui
260 1453 378 1518 accepistis
396 1453 532 1516 baptismum
546 1453 570 1501 in
588 1453 680 1503 nomine
697 1457 782 1505 sancta
793 1455 924 1507 Trinitatis.

118 1526 189 1577 Recte
203 1525 270 1576 tertio
280 1525 348 1575 mersi
363 1525 431 1587 estis,
449 1524 489 1587 oui
498 1523 618 1588 accepistis
630 1525 769 1589 baptismum
782 1525 808 1576 in
827 1528 924 1578 nomine
958 1551 959 1590 p

119 1599 175 1648 iesu
191 1596 292 1660 Christi,
309 1597 349 1661 qui
364 1597 433 1647 etiam
445 1595 514 1647 tertia
528 1597 564 1647 die
582 1597 705 1646 resurrexit
724 1595 737 1646 d
755 1599 871 1664 mortuis;
888 1601 924 1649 ilia

118 1670 180 1720 enim
192 1670 259 1722 tertib
268 1670 363 1735 repetita
373 1669 489 1720 immersio
499 1671 578 1733 typum
593 1666 716 1719 [lominica
726 1669 834 1732 exprimit
850 1671 925 1734 sepni-

118 1745 191 1805 tmae,
202 1756 244 1806 per
263 1754 332 1806 quam
347 1739 439 1791 Christo
454 1739 582 1805 consepulti
597 1741 654 1788 estis
670 1740 695 1789 iu
711 1739 834 1804 baptismo.
850 1757 866 1790 u
883 1743 926 1792 sed

118 1816 240 1876 unumque
253 1813 343 1863 videtur
356 1813 383 1862 ad
395 1811 555 1862 necessitatem
570 1810 676 1874 baptismi
690 1811 819 1874 pertinere,
837 1814 925 1864 scilicet

119 1889 143 1936 et
158 1884 218 1949 qubd
231 1883 371 1948 significetur
383 1883 408 1933 in
418 1883 532 1946 baptismo
542 1881 639 1932 Trinitas
653 1895 816 1946 personarum,
829 1890 855 1936 et
867 1885 925 1950 quod

120 1954 160 2005 liat
176 1955 324 2019 configuratio
347 1954 375 2004 ad
397 1955 535 2017 sepulturam
556 1953 651 2004 Christi.
677 1954 737 2017 Ergo
754 1954 846 2005 ridetur
868 1956 927 2022 qudd

93 2027 96 2031 '
120 2026 178 2076 trina
192 2026 307 2076 immersio
324 2026 354 2076 sit
366 2027 395 2076 de
406 2024 543 2076 necessitate
556 2024 670 2090 baptismi.

152 2103 176 2149 t.
192 2099 316 2157 Preterea,
331 2101 473 2148 sacramenta
482 2111 512 2148 ex
528 2099 634 2148 mandato
647 2095 733 2147 Christi
746 2095 874 2150 efficaciam
889 2101 927 2149 ba-

121 2172 185 2221 bent.
199 2170 244 2220 Sed
256 2171 316 2220 trina
330 2170 444 2220 immersio
458 2175 494 2220 est
508 2183 537 2220 er
551 2169 656 2220 mandato
667 2168 764 2234 Ctuisti;
774 2169 853 2220 scribit
863 2172 925 2222 enim
957 2215 958 2234 p

121 2241 226 2305 Pelagius
243 2243 304 2307 Papa
318 2241 444 2291 Gaudentio
461 2241 573 2307 Episcopo
594 2257 600 2290 :
622 2240 813 2304 «Euangelicum
827 2257 928 2306 praecep·
957 2259 958 2308 }

123 2314 185 2378 tum,
201 2313 252 2379 ipso
263 2314 359 2364 [lumino
377 2313 423 2363 lieo
437 2318 460 2364 et
476 2314 591 2364 Salvatore
611 2316 688 2364 nostro
709 2313 762 2362 lesu
776 2313 871 2366 cbristo
885 2320 928 2364 tra·
957 2319 958 2332 ¹

123 2385 206 2449 dente,
221 2398 263 2435 nos
277 2383 417 2436 admonetin
427 2385 519 2436 nomine
534 2383 652 2434 trinitatis
661 2381 720 2433 trini
731 2383 846 2434 mersione
857 2399 926 2436 sanc-

122 2460 172 2507 tum
182 2457 320 2521 baptismum
328 2455 451 2520 unicuique
464 2455 563 2506 tribuere
574 2456 619 2520 (3).
630 2471 643 2504 o
654 2455 713 2520 Ergo
718 2491 727 2518 ,
739 2454 799 2504 sicut
812 2455 927 2521 baptizare

158 2619 191 2682 (1)
206 2624 238 2667 ile
256 2621 293 2667 bis
307 2621 378 2668 etiam
390 2621 525 2683 1V,Serat.,
539 2621 592 2668 dist.
606 2620 630 2681 3,
645 2633 686 2678 qn.
702 2617 732 2680 i,
748 2625 792 2665 nrt.
806 2618 832 2678 4,
848 2633 923 2678 quaes·

119 2684 196 2740 tinne.
212 2686 227 2728 2
241 2689 265 2729 et
275 2683 299 2730 3.

157 2753 190 2817 (b)
207 2757 252 2801 Vel
264 2756 352 2803 Homil.
366 2759 397 2803 11.
412 2756 441 2801 ad
457 2755 603 2812 neophytum
619 2755 678 2801 undo
693 2756 717 2800 in
733 2752 841 2801 Decretis
854 2755 924 2802 rerer·

124 2823 176 2876 tur,
191 2819 224 2863 De
238 2823 381 2870 consecrat„
395 2820 449 2865 dist.
464 2820 495 2876 t,
508 2829 561 2875 cap.
579 2819 716 2876 Postquam.

158 2885 193 2997 (ἲ)
204 2890 230 2934 ln
238 2890 346 2937 Decretis
353 2891 475 2949 reperitur,
489 2891 522 2935 Dc
532 2893 674 2941 consecrat,
685 2889 740 2939 dist.
748 2888 773 2949 t,
783 2901 836 2947 cap.
851 2889 923 2935 dotat

124 2962 172 2996 acu
184 2985 191 2999 .
