1942 3284
302 180 333 216 nn
347 174 466 220 nmsnars
481 186 597 227 utimum.
803 190 848 238 tsi

3 247 149 314 agentis3
165 250 293 315 principale
310 258 386 306 autem
401 270 471 320 agens
483 260 572 313 inducit
586 264 759 321 similitudinem
771 288 844 329 suam.

2 322 47 372 Et
71 320 145 371 iden
162 333 191 371 ex
212 322 255 373 lroc
275 324 361 391 aliquid
380 331 523 383 constituitur
542 335 665 401 principale
687 354 769 407 agens,
785 347 845 410 qudd

2 394 103 443 habet
118 392 223 455 anquam
233 395 337 462 sormam,
352 412 420 463 quam
438 401 462 451 in
477 404 572 456 alterum
586 411 744 463 transfundere
755 421 843 481 potest:

2 479 73 515 non
85 468 178 515 autem
191 477 221 515 ex
230 468 275 517 icc
283 471 428 522 constituitur
437 487 507 537 agens
516 476 696 545 instrumentum,
709 487 749 535 sed
764 500 792 537 ex
802 473 845 541 hoc

2 536 90 600 quod
115 538 159 585 est
173 536 310 600 applicatum
324 540 338 590 l
350 544 471 610 principali
484 554 565 611 agente
579 552 606 601 ad
620 553 726 607 ellectum
746 558 845 625 aliquem

2 608 206 659 inducendum.
222 608 280 660 uum
295 624 351 677 ergo
363 614 387 664 in
408 621 460 668 actu
475 620 574 671 clavium
588 624 714 691 principale
732 642 802 695 agens
816 634 846 685 sit

2 681 162 744 caristus,
175 685 203 731 ut
212 682 276 733 Deus
288 697 330 747 per
343 688 509 755 auctoritatem,
520 694 543 741 et
557 698 582 743 nt
595 696 662 747 homo
672 712 713 762 per
724 703 839 768 meritum,

2 768 43 805 ex
60 754 131 817 ipsa
148 752 294 814 plenitudine
305 756 388 809 divine
401 760 509 813 hortulis
526 763 551 814 iu
564 778 607 826 eo,
622 771 645 817 ot
657 782 685 819 ex
697 772 839 835 perfectione

2 824 130 889 gratiae,
147 825 295 888 mnsequitur
305 827 365 891 qndd
376 830 450 894 possit
464 834 488 882 in
502 839 578 886 actum
596 838 702 890 clavium.
717 844 760 894 Sed
774 847 843 899 humo

2 898 87 948 alius
111 909 165 947 non
179 900 256 961 potest
269 898 293 948 in
306 904 381 951 actum
398 903 498 954 clarium
512 907 571 956 sicut
591 922 633 972 per
644 923 669 961 se
683 925 767 979 agens,
786 918 842 981 quia

3 982 68 1020 neo
85 967 148 1032 ipse
162 969 227 1018 alteri
238 971 348 1036 gratiam,
359 987 403 1036 qna
412 976 559 1026 remittuntur
572 982 681 1043 peccata,
692 982 744 1034 dare
755 991 838 1051 potest,

3 1054 66 1092 nec
92 1039 242 1091 sufficienter
255 1043 352 1106 mereri;
367 1048 391 1095 et
406 1045 458 1097 ideo
477 1060 523 1098 nnn
538 1052 572 1099 est
585 1050 630 1100 nisi
644 1052 704 1102 sicut
721 1066 791 1119 agens
803 1060 840 1109 in-

2 1111 195 1165 strumentum.
217 1114 281 1163 Unde
299 1118 323 1165 et
340 1115 378 1167 ille
391 1117 430 1179 qni
445 1118 551 1169 clientum
564 1120 661 1172 clarium
676 1128 837 1192 consequitur,

3 1197 69 1235 non
88 1182 235 1233 assimilatur
252 1186 326 1235 nunti
343 1187 461 1253 claribus,
473 1191 513 1240 sed
529 1192 630 1243 Christo.
645 1196 673 1245 ut
689 1200 782 1261 propter
795 1201 840 1252 hoc

6 1258 248 1322 quantumcumque
259 1255 343 1322 aliquis
353 1260 436 1310 haheat
446 1262 474 1311 de
485 1262 566 1325 gratia,
573 1278 618 1315 nun
627 1269 701 1329 potest
710 1268 839 1334 pertingere

8 1331 45 1381 ad
65 1325 188 1379 ellectum
201 1327 310 1393 clarium,
323 1327 368 1381 nisi
382 1332 508 1395 applicetur
522 1335 550 1385 ad
571 1336 615 1386 hoc
628 1341 654 1387 ut
667 1338 784 1403 minister,
797 1356 839 1407 per

5 1398 121 1452 ordinis
131 1398 312 1462 susceptionem.

48 1470 96 1523 nd
108 1469 213 1533 primum
226 1484 281 1535 crgo
291 1473 421 1537 dicendum,
435 1476 497 1539 qndd
511 1477 569 1528 sicut
581 1479 642 1529 inter
654 1479 837 1536 instrumentaet

7 1546 144 1597 effectum
157 1554 205 1592 non
222 1544 322 1607 erigitur
340 1546 466 1598 similitudo
480 1548 604 1599 secunddm
621 1552 801 1603 convenientiam
812 1556 838 1607 iu

7 1621 121 1676 forma,
133 1614 175 1664 sed
185 1616 309 1666 secundnm
324 1618 495 1681 proportionem
507 1620 652 1670 instmmenti
666 1622 694 1671 ad
710 1623 835 1689 ellectum3

7 1696 49 1744 ita
67 1688 150 1740 etiam
164 1699 209 1737 uec
222 1688 282 1738 inter
291 1686 469 1739 instrumentum
480 1693 504 1741 et
512 1690 638 1755 principale
650 1705 729 1757 egens.
743 1695 772 1745 lit
785 1698 838 1746 talis

14 1757 164 1817 similitudo
176 1762 212 1808 est
228 1759 253 1808 in
264 1759 350 1810 sanctis
363 1760 494 1811 hominibus
512 1761 541 1813 ad
559 1763 674 1813 Christum
691 1778 800 1830 passnm3
814 1772 842 1831 et¹

10 1836 78 1888 talis
100 1830 231 1881 similitudo
243 1831 277 1881 cis
289 1845 355 1881 usum
366 1832 465 1882 clarium
476 1847 523 1885 non
535 1834 630 1886 curilert.

47 1905 95 1958 nd
116 1903 246 1953 secundnm
262 1904 397 1967 dicendum,
412 1905 472 1968 qudd
492 1906 596 1969 quamvis
612 1920 685 1971 purus
702 1908 770 1959 homo
791 1922 838 1962 nun

11 1976 107 2047 possit
118 1974 186 2023 alteri
194 1987 225 2023 ex
234 1974 346 2037 condigno
357 1978 438 2027 mereri
447 1977 552 2042 gratiam,
563 1981 640 2029 tamen
651 1978 719 2030 unius
729 1981 835 2031 meritum

11 2052 110 2120 potest
127 2046 255 2111 comparari
267 2047 400 2099 adsalutem
415 2050 525 2113 alterius3
546 2054 569 2100 et
583 2050 634 2102 ideo
652 2050 735 2115 duplex
751 2055 785 2103 est
797 2052 838 2103 lte·

12 2118 148 2177 nedictio.
156 2118 216 2181 Una,
226 2132 277 2183 que
289 2123 324 2169 est
332 2120 360 2169 alr
369 2119 420 2184 ipsu
431 2122 525 2172 humine
536 2135 602 2187 puro,
612 2123 670 2171 sicut
684 2127 787 2174 merente
798 2136 839 2189 per

12 2190 153 2265 proprium
176 2194 271 2253 actnm3
292 2194 316 2240 et
331 2191 382 2241 talis
399 2196 474 2255 potest
492 2194 541 2244 lteri
558 2192 686 2257 'aquolibet
706 2198 799 2256 sancto,
814 2194 839 2245 in

18 2280 77 2334 quo
94 2260 202 2313 Christus
212 2260 301 2312 habitat
311 2274 353 2326 per
364 2263 468 2325 gratiam,
481 2266 505 2313 et
515 2266 566 2313 haee
580 2262 673 2327 requirit
685 2264 838 2329 majoritatem

16 2333 155 2392 bonitatis,
169 2333 199 2383 ad
208 2332 284 2383 minus
294 2332 318 2382 in
328 2338 439 2396 quantum
453 2334 594 2397 hujusmodi.
608 2334 655 2383 ilia
667 2338 701 2385 est
710 2334 838 2385 benedictio

17 2408 76 2478 qua
85 2404 510 2467 homobenedicit‚utbonedictionem
518 2418 568 2469 quae
576 2406 645 2455 estex
654 2404 836 2483 menteomni,

14 2475 239 2537 instrumentaliter
253 2474 319 2525 alicui
331 2476 465 2539 applicans;
481 2480 505 2527 et
515 2475 624 2545 quantdru
637 2476 664 2525 ad
678 2478 747 2538 hanc,
759 2486 837 2537 requi-

15 2557 88 2608 ritur
102 2547 227 2611 majoritas
239 2546 339 2611 ordinis,
354 2551 434 2598 etnon
448 2547 546 2599 virtutis.
