1942 3284
486 130 572 175 2408
837 137 956 177 uns
984 138 1066 186 111,
1092 136 1278 183 Qufflsr.
1307 135 1478 187 mxxvi,
1504 135 1614 174 Λιιτ.
1647 134 1719 177 vl.

1056 319 1372 371 ARTICULUS
1401 321 1480 370 vl.

538 448 707 493 Utrum
743 459 911 503 corpus
945 446 1127 491 Christi
1150 446 1214 491 sit
1249 446 1487 491 mobiliter
1512 446 1566 491 in
1603 445 1687 492 hoc
1711 458 1942 492 sacramen

542 577 607 625 Ad
634 578 812 625 sextum
844 574 911 623 sic
940 572 1199 637 proceditur
1223 572 1310 636 (1).
1343 572 1531 623 Videtur
1560 572 1680 636 quod
1714 587 1879 638 corpus
1903 574 1942 625 Cl

481 649 539 697 sil
564 646 789 698 mobiliter
806 647 855 696 in
874 646 963 696 hoc
992 648 1295 695 sacramento.
1322 644 1436 693 Dicit
1464 644 1586 694 enim
1613 646 1916 709 Philosophus
1938 648 1942 693 ἱ

482 721 667 783 Topz‘c..
700 717 822 782 quod
854 716 1030 767 «motis
1047 715 1195 775 nobiS‚
1214 718 1452 765 moventur
1468 729 1524 766 ea
1551 730 1654 779 quae
1676 717 1725 765 in
1745 718 1876 767 nobis
1898 732 1942 767 su

478 790 599 853 quod
617 789 796 852 quidem
820 791 889 839 est
918 801 1076 838 verum
1107 786 1243 837 etiam
1268 787 1324 837 de
1353 786 1574 850 spirituali
1608 788 1864 839 substantia
1890 802 1942 838 an

478 861 563 912 Sed
607 860 815 911 Christus
854 862 924 910 est
956 860 1008 909 in
1043 859 1132 909 hoc
1167 864 1476 919 sacramento,
1502 861 1553 908 ut
1591 858 1730 921 supra
1765 860 1942 910 habitur

482 933 498 997 ξ
518 935 603 983 art.
635 935 723 994 1).
751 932 868 995 Ergo
896 934 1106 980 movetur
1128 931 1184 980 ad
1211 932 1383 979 motum
1411 929 1575 993 ipsius.

540 1008 587 1051 2.
608 1004 851 1066 Praeterea,
875 1001 1045 1052 veritas
1082 1001 1217 1051 debet
1249 1001 1523 1064 respondere
1554 1000 1725 1064 figurae.
1764 1002 1860 1052 Sed
1887 1002 1940 1051 de

481 1076 708 1139 paschali,
739 1075 817 1138 qui
844 1078 939 1125 erat
975 1074 1117 1136 figura
1143 1072 1282 1137 hujus
1313 1072 1610 1134 sacramenti,
1642 1088 1670 1119 ε(
1702 1086 1794 1123 non
1826 1086 1942 1124 rema

482 1148 725 1213 quicquam
754 1159 898 1209 usque
926 1158 1087 1207 mane,
1114 1161 1142 1192 »
1171 1145 1290 1195 sicut
1321 1144 1583 1209 praecipitur
1619 1144 1808 1199 Exod„
1839 1146 1931 1194 ΧΠ.

482 1231 627 1281 neque
656 1217 791 1267 etiam
821 1217 861 1267 si
880 1218 969 1267 hoc
997 1220 1328 1267 sacramentum
1350 1220 1604 1266 reservetur
1623 1216 1672 1265 in
1695 1216 1941 1266 crastinum

482 1293 543 1341 ibi
574 1303 737 1354 corpus
764 1288 951 1339 Christi.
983 1290 1041 1338 Et
1079 1290 1143 1339 ita
1180 1301 1272 1338 non
1314 1292 1384 1338 est
1423 1286 1711 1339 immobiliter
1737 1287 1786 1337 in
1822 1289 1942 1339 hocs

482 1365 651 1413 mento.

544 1436 589 1481 3.
618 1432 865 1492 Praeterea,
884 1430 925 1480 si
952 1443 1115 1493 corpus
1139 1429 1312 1481 Christi
1330 1433 1564 1480 remaneat
1582 1430 1666 1480 sub
1688 1431 1778 1481 boc
1797 1442 1942 1480 sacrat

482 1505 616 1553 etiam
641 1502 691 1553 in
720 1502 931 1565 crastino,
955 1501 1055 1565 pari
1082 1500 1259 1553 ratione
1284 1500 1533 1552 remanebit
1550 1507 1598 1553 et
1615 1516 1698 1565 per
1716 1504 1864 1552 totum
1885 1514 1942 1552 se«

482 1581 686 1640 tempus3
716 1587 809 1625 non
849 1572 971 1624 enim
1008 1575 1158 1636 potest
1183 1573 1272 1623 dici
1310 1572 1430 1637 quod
1464 1572 1642 1623 desinat
1665 1574 1728 1624 ibi
1763 1586 1865 1624 esse
1900 1584 1942 1621 οε

482 1645 598 1697 tibus
637 1645 906 1710 speciebus,
940 1643 1048 1708 quia
1087 1658 1190 1693 esse
1224 1644 1426 1708 corporis
1468 1643 1640 1695 Christi
1676 1658 1768 1695 non
1801 1644 1942 1708 depen

478 1717 717 1781 speciebus
743 1716 855 1766 illis,
881 1718 983 1766 Non
1006 1719 1157 1765 autem
1177 1718 1382 1765 remanet
1407 1716 1491 1765 sub
1511 1717 1599 1767 hoc
1621 1719 1901 1767 sacramento
1918 1714 1942 1763 C

478 1793 549 1837 tus
580 1801 662 1851 per
696 1791 837 1838 totum
864 1791 1048 1850 tempus
1081 1788 1299 1836 futurum.
1333 1786 1521 1836 Videtur
1549 1800 1658 1849 ergo
1695 1786 1817 1850 quod
1849 1784 1942 1837 stati

478 1859 701 1918 crastino,
730 1858 806 1908 vel
840 1861 943 1923 post
983 1856 1209 1908 modicum
1253 1862 1434 1921 tempus
1457 1895 1470 1918 ‚
1511 1858 1692 1908 desinat
1726 1871 1829 1909 esse
1869 1857 1942 1907 suh

478 1932 783 1992 sacramentor,
810 1932 857 1979 et
892 1929 956 1978 ita
986 1929 1164 1979 videtur
1190 1928 1310 1992 quod
1339 1929 1548 1979 Christus
1574 1928 1798 1979 mobiliter
1822 1928 1883 1980 sit
1912 1927 1942 1976 i1

474 2004 767 2050 sacramento.

541 2070 633 2121 Sed
658 2075 843 2133 contra,
875 2071 1160 2135 impossibile
1186 2076 1258 2122 est
1292 2073 1413 2123 idem
1441 2085 1543 2122 esse
1569 2075 1742 2123 motum
1771 2076 1817 2123 et
1841 2071 1941 2135 quie

478 2143 584 2205 quia
621 2140 687 2193 sic
722 2142 1064 2193 contradictoria
1092 2143 1432 2194 verificarentur
1473 2145 1529 2194 de
1565 2143 1740 2194 eodem.
1781 2144 1872 2195 Sed
1907 2154 1942 2192 c(

482 2213 654 2265 Christi
681 2212 729 2263 in
752 2214 865 2264 coelo
893 2212 1095 2278 quietum
1118 2214 1302 2265 residet.
1324 2217 1424 2266 Non
1443 2228 1552 2278 ergo
1574 2219 1644 2265 est
1664 2216 1891 2267 mobiliter
1913 2213 1942 2263 il

478 2290 777 2336 sacramento.
1289 2291 1303 2306 ¹

545 2358 861 2415 (Coucmsro.
881 2384 943 2395 —
968 2358 1087 2409 Cum
1121 2357 1330 2408 Christus
1366 2371 1458 2409 non
1488 2359 1549 2410 sit
1577 2359 1628 2410 in
1668 2361 1757 2411 boc
1798 2370 1942 2410 saci-au

474 2429 591 2478 sicut
612 2426 663 2477 in
690 2428 791 2479 loco
804 2430 1128 2493 ‚perspicuum
1149 2434 1220 2480 est
1245 2443 1350 2480 eum
1380 2431 1678 2483 immobiliter
1693 2432 1876 2496 quidem
1899 2441 1942 2493 p<

477 2513 557 2561 per
582 2499 792 2551 accidens
820 2500 927 2552 vero
954 2502 1180 2553 mobiliter
1204 2501 1254 2550 in
1281 2514 1335 2552 eo
1361 2502 1517 2566 esse.)

538 2571 808 2634 Respondeo
834 2572 1094 2634 dicendum,
1118 2572 1238 2636 quod
1260 2573 1363 2623 cum
1387 2573 1554 2638 aliquid
1582 2578 1652 2626 est
1674 2589 1816 2626 unum
1847 2570 1942 2635 subj

478 2645 522 2693 rt
555 2642 792 2707 multiplex
820 2644 1066 2695 secuudum
1094 2659 1213 2699 esse.
1242 2644 1359 2695 nibil
1385 2646 1596 2710 prohibet
1625 2646 1875 2700 secundum
1901 2644 1940 2693 al

541 2795 613 2859 (1)
635 2801 700 2845 De
724 2799 794 2844 his
815 2799 955 2844 etiam
982 2801 1068 2855 IV,
1105 2799 1262 2850 Sem„
1291 2801 1398 2847 dist.
1428 2800 1504 2862 10,
1527 2813 1606 2858 qu.
1650 2802 1697 2863 1,
1730 2809 1818 2849 art.
1846 2800 1892 2861 3,
1917 2811 1942 2856 q

482 2861 625 2906 tinne.
651 2860 680 2906 4
698 2878 711 2916 ;
732 2867 780 2907 et
806 2861 1008 2920 Opitre..
1032 2863 1224 2922 X1‚art.
1251 2865 1277 2909 3
1298 2862 1412 2912 eth.
