1942 3284
359 210 391 247 nn
407 209 581 248 ιιιιιιιιιιιιι.
636 218 640 225 ¹
854 204 868 251 t

83 289 134 350 llll,
145 288 204 353 qndd
216 286 344 338 «maniter
352 286 451 351 disponit
460 286 544 350 omnia,
555 303 569 333 ι)
584 286 644 339 unde
654 290 677 338 et
687 286 788 345 Malta,
799 286 867 355 llllll,

80 360 148 411 ιιιιιιιι
160 360 220 424 quid
233 376 249 407 a<
263 359 328 409 dedit
337 358 460 422 nmcnioue
471 359 596 409 secundum
606 360 720 423 propriam
730 360 867 413 simulem.»

81 432 114 483 list
125 437 197 483 anmm
210 432 301 483 bomini
319 432 466 482 connaturale
478 436 505 481 ut
519 445 559 496 per
577 432 692 482 sensibilia
711 434 832 496 perueniat
845 433 870 483 in

80 504 220 569 ιιιιιιιιοιιιιι
232 502 418 566 intelligibilium.
429 503 522 566 Signum
534 507 610 555 autem
622 507 656 554 est
665 516 706 567 per
715 505 775 568 quod
789 504 870 569 aliquis

79 577 162 627 devenit
178 576 202 625 in
218 574 375 638 cognitionem
392 574 493 624 alterius.
507 574 585 634 Unde,
601 574 651 624 cbm
664 588 701 625 res
715 589 797 637 saera,
818 592 868 642 qua

77 662 112 712 per
126 649 264 697 sacramenta
275 645 446 710 significantur,
459 645 504 696 sint
512 647 615 709 quadam
625 645 752 711 spiritualia
766 651 789 698 et
800 648 868 699 intel-

79 719 163 781 ligibilia
175 718 252 776 bona,
266 718 348 781 quibus
364 718 433 768 bomo
451 718 612 779 sanctificatur,
631 731 773 782 consequens
789 724 824 770 est
843 724 869 771 ut

78 806 113 855 per
125 792 212 854 abenas
234 802 273 840 res
289 790 412 840 sensibiles
429 790 563 853 significatio
586 790 719 841 sacramenti
735 790 866 857 impleatur,

78 863 129 912 sient
144 862 213 913 etiam
234 875 276 925 per
292 861 465 912 similitudinem
481 860 622 929 sensibilium
639 875 728 927 rerum,
742 862 766 912 iu
789 862 867 915 diuina

78 934 191 999 Scriptura,
208 947 246 985 res
254 932 383 997 spirituales
395 932 461 983 nobis
473 933 636 984 deseribuntur.
652 935 680 984 Et
695 934 747 986 inde
761 939 795 985 est
808 936 868 999 qubd

77 1008 102 1057 ad
113 1009 252 1057 sacramenta
266 1007 414 1069 requiruntur
425 1019 463 1056 res
476 1005 608 1068 sensibiles,
624 1009 650 1055 ut
666 1005 734 1057 etiam
749 1006 869 1073 llionpsins

76 1079 149 1143 pmbat
163 1078 188 1128 in
202 1080 224 1127 1.
238 1091 289 1142 cap.
304 1077 362 1127 Goel.
374 1077 499 1127 br'erurcb.

103 1152 133 1200 td
148 1150 249 1215 primunr
268 1162 322 1212 ergo
340 1149 475 1212 dicendum,
486 1148 547 1212 qudd
561 1149 737 1213 unumquodque
752 1150 868 1215 precipui

77 1222 231 1273 denominatur
241 1224 264 1269 et
276 1220 387 1270 diffinitur
399 1220 524 1270 secundum
534 1221 556 1271 id
570 1222 629 1285 quod
641 1221 749 1271 convenit
761 1220 782 1272 ei
794 1222 868 1285 primd

76 1299 96 1344 et
106 1309 147 1359 per
155 1307 191 1357 se,
206 1305 255 1343 non
267 1296 344 1342 autem
357 1292 481 1344 secundum
491 1294 514 1343 id
525 1295 585 1357 qnod
596 1294 702 1343 convenit
713 1293 736 1345 ei
747 1306 787 1357 per
798 1294 868 1346 alind.

75 1366 171 1417 lidectns
183 1367 261 1415 autem
272 1364 386 1415 sensibilis
397 1378 438 1427 per
451 1377 476 1414 se
490 1365 558 1415 babet
572 1364 631 1428 pudd
645 1366 712 1414 ducat
724 1364 748 1414 in
759 1365 869 1427 cognitio-

75 1438 242 1495 senatorius,
255 1436 321 1500 qnasi
331 1435 405 1499 primd
418 1439 442 1485 et
454 1450 495 1501 per
506 1449 531 1487 se
543 1435 631 1487 bomini
644 1435 803 1498 innotescens,
814 1436 868 1500 quia

76 1511 143 1561 omnis
161 1512 243 1559 nostra
257 1508 356 1572 mgnitio
370 1507 384 1558 ι
398 1520 467 1558 seusu
484 1508 567 1573 orilnr3
583 1508 677 1559 effectus
692 1511 766 1559 autem
780 1508 869 1559 intelli-

78 1582 146 1643 pldos
154 1595 203 1632 non
214 1580 302 1630 habent
309 1579 370 1643 qubd
381 1580 472 1644 possint
480 1580 561 1630 ducere
573 1580 596 1629 in
606 1579 757 1643 cognitionem
766 1579 866 1641 alterius,

78 1652 116 1702 nisi
129 1654 152 1703 in
166 1656 280 1717 qnantum
295 1654 348 1701 snnt
361 1664 403 1715 per
416 1650 476 1701 aliud
489 1650 643 1713 manifestati,
656 1651 679 1701 id
692 1654 727 1701 est
742 1664 782 1717 per
794 1651 869 1716 aliqua

74 1726 193 1776 sendbilia.
209 1725 241 1773 Et
258 1722 311 1773 inde
332 1727 369 1773 est
386 1721 446 1786 qudd
465 1722 540 1786 primd
559 1725 582 1773 et
597 1722 751 1787 principaliter
766 1723 880 1774 ιιιιιιιιιιι-

71 1796 130 1860 signa
140 1811 194 1861 qum
205 1796 313 1846 sensibus
321 1795 457 1857 ollemntur,
466 1794 525 1845 sicut
538 1795 677 1859 Augustinus
686 1795 741 1846 dicit
754 1796 777 1845 in
789 1796 817 1846 ll.
831 1797 869 1848 De

72 1870 189 1919 doctrino
201 1868 303 1925 christ„
313 1866 419 1918 ubidicit
435 1866 494 1931 (cap.
507 1867 539 1931 l),
552 1866 613 1931 qudd
624 1884 638 1915 ιι
646 1868 735 1930 signum
750 1871 785 1918 est
798 1870 867 1934 qued,

71 1945 150 2004 preter
162 1940 268 2005 speciem
287 1952 355 2002 quam
375 1938 458 2001 ingerit
476 1938 580 1989 sensibus
589 1976 595 1999 ‚
604 1938 660 1989 fauit
674 1938 758 2002 aliquid
771 1939 830 1991 aliud
844 1941 868 1992 in

70 2014 224 2077 cognitionem
236 2011 327 2061 venire.
337 2028 351 2059 o
364 2010 464 2062 Effectus
474 2015 549 2060 antem
562 2010 717 2074 intelligibiles
729 2024 776 2061 non
785 2012 869 2065 habero

70 2084 178 2136 rabonem
191 2084 268 2148 sigui,
278 2082 324 2133 nisi
337 2080 462 2133 seeundirm
475 2082 535 2145 qubd
548 2086 602 2132 sunt
618 2081 757 2132 manifestati
769 2097 810 2147 per
827 2084 868 2135 ali·

70 2170 112 2219 qua
127 2170 205 2221 ugna.
221 2156 252 2204 Et
261 2168 302 2219 per
315 2155 377 2203 bunc
392 2152 460 2203 etiam
471 2155 561 2205 modum
575 2154 677 2217 quadarn
691 2167 742 2219 qum
758 2168 803 2205 non
817 2160 870 2207 sunt

43 2277 49 2287 ,
70 2228 201 2290 sensibilia,
215 2226 325 2277 dicuntur
349 2226 513 2289 quodammodo
530 2228 700 2282 sacramenta,
720 2226 868 2290 inquantum

70 2303 119 2349 sunt
129 2298 263 2362 significate
276 2311 317 2361 per
326 2298 401 2360 aliqua
411 2296 526 2347 sensibilia
536 2298 654 2361 dequibus
664 2296 700 2347 inl
698 2298 722 2347 ιι
733 2301 814 2379 agetur¹
824 2300 868 2363 (l).

95 2373 130 2421 td
145 2369 279 2421 secundum
292 2368 427 2430 dicendum,
438 2367 497 2430 qudd
508 2382 544 2419 res
553 2369 686 2429 sensibiles
697 2369 743 2418 ut
737 2383 762 2418 m
771 2382 811 2420 sua
825 2384 870 2421 na-

76 2442 117 2493 tira
133 2441 323 2503 considerantur,
338 2452 385 2490 non
399 2439 512 2503 pertinent
525 2441 553 2490 ad
566 2441 650 2491 cultum
662 2440 699 2491 vel
714 2453 807 2504 regnum
819 2442 868 2507 liei,

72 2516 108 2565 sed
123 2514 204 2567 solium
218 2511 345 2563 secundinm
357 2511 418 2575 qubd
437 2515 490 2561 sunt
505 2512 569 2577 signa
589 2500 737 2578 spiritualium
752 2526 826 2563 rernm
845 2516 869 2565 iu

70 2586 149 2650 ouibus
162 2598 265 2649 regnum
278 2582 319 2633 liei
331 2582 444 2633 consistit.

98 2657 240 2710 intertium
251 2654 372 2706 deendum
381 2652 458 2719 ,qndd
470 2656 608 2719 Augustinus
619 2614 758 2721 ibiloqnilur
767 2656 870 2709 derebus

100 2821 133 2884 (t)
146 2826 237 2878 Quaest.
246 2818 287 2878 da,
306 2826 351 2867 art.
370 2820 452 2879 1‚ubi
464 2821 492 2867 de
508 2822 654 2880 charactere,
668 2822 708 2879 qui
725 2828 760 2867 est
777 2821 868 2877 aliquod

71 2886 161 2943 signnm
179 2885 339 2931 distinctivum
356 2896 403 2941 quo
422 2892 566 2932 sacramenta
585 2886 690 2943 quedam
703 2884 840 2941 recipientes
856 2884 869 2929 d

71 2961 118 2994 non
137 2947 311 3008 recipientibus
320 2948 497 3005 ιιιιιιιςιιιιιιιιιι.
