1942 3284
109 154 156 204 aet
255 163 454 214 spernuntur,
469 163 562 208 uum.
579 163 664 214 mn,
678 164 740 201 rur.
758 165 778 200 r.

107 238 170 292 teria
182 241 218 290 est
230 239 319 302 potior,
333 239 387 304 quia
401 239 429 290 ab
440 239 521 290 eaden
534 239 621 302 madet
634 252 710 302 usus,
731 240 797 290 sieut
810 240 839 290 alr
849 239 924 290 autin

107 311 281 447 gzgsffstuisdee
297 309 442 361 nundinatio
456 309 552 374 requirit
564 308 671 362 altiorem
683 311 801 362 uirtutem
815 311 924 372 arum,

462 495 549 508 μ-

345 651 513 724 dietata
530 652 666 722 XXXII.

109 795 202 856 Quibus
215 795 258 840 tou
272 799 449 842 sacramentum
463 795 573 854 conferri
586 793 687 846 debat,
702 799 728 842 et
741 799 776 843 tn
791 812 844 856 pren
851 805 921 858 perte

247 869 375 926 eorporis,
388 869 419 912 tu
433 871 521 926 septem
534 867 653 912 articulos
672 867 774 915 diuisa.

139 1017 225 1068 Deinde
236 1016 424 1068 considerandum
443 1019 478 1066 est
490 1016 520 1066 de
535 1016 573 1066 iris
588 1016 674 1080 quibus
687 1019 737 1069 hoc
750 1027 920 1074 sacramentum

108 1089 206 1140 uenterri
218 1089 284 1140 debet
300 1103 307 1138 ι
327 1086 386 1138 etin
400 1101 445 1151 epra
464 1091 528 1151 parte
542 1088 652 1152 eorporis.

139 1159 209 1210 Circa
226 1161 285 1222 quod
298 1161 428 1222 quaeruntur
441 1161 530 1222 septen
540 1175 546 1207 z
557 1162 584 1208 1⁰
595 1157 679 1208 Utrdrn
694 1161 765 1212 sanis
773 1163 862 1214 debeat
870 1177 919 1214 eur-
963 1148 965 1213 ἶ

108 1230 164 1282 ferri
178 1232 222 1282 hec
236 1231 411 1280 sacramentum.
424 1233 451 1278 20
465 1227 544 1279 Utrirnr
560 1230 643 1281 debeat
654 1230 763 1282 cauterii
780 1235 808 1283 in
821 1235 918 1298 (Μῶα

106 1299 247 1350 infirmitate.
267 1305 292 1348 3ο
309 1299 387 1350 Utrinr
403 1300 484 1350 debeat
501 1301 598 1350 conferri
611 1301 711 1352 furiosis
730 1309 759 1354 et
779 1306 917 1355 amentibus.

108 1375 133 1421 4⁰
144 1371 223 1420 Utrdrn
241 1371 326 1434 pueris.
344 1375 370 1419 5⁰
386 1371 466 1421 Utrirrn
479 1375 551 1422 tetum
569 1385 652 1436 eorpus
666 1374 693 1424 in
708 1377 758 1426 hoc
776 1383 917 1428 sacramente

105 1441 185 1504 inungi
200 1441 290 1492 debeat.
311 1447 337 1490 6ο
353 1441 433 1493 Utrirm
452 1444 614 1494 convenienter
628 1446 825 1498 determinentur
842 1454 914 1512 parter
963 1456 964 1471 ¹

107 1513 133 1564 in
147 1511 231 1576 quihus
244 1512 370 1575 inungitur.
389 1519 416 1563 7⁰
427 1515 506 1564 Utrirm
524 1514 621 1564 mutilati
635 1515 661 1564 in
674 1518 801 1579 praedietis
814 1520 915 1582 perdiu

104 1583 188 1648 inungi
201 1585 305 1636 debeant.

393 1733 395 1742 .
409 1691 568 1742 nnnedttts
582 1693 600 1741 1.

204 1817 288 1862 Utrum
297 1816 362 1860 santa
370 1816 451 1861 debeat
461 1818 567 1870 conferri
573 1817 616 1862 hoe
625 1823 825 1867 sacramentum.

139 1939 177 1991 Ad
195 1941 292 2006 primurn
309 1942 342 1991 sie
360 1942 499 2006 proceditur.
518 1943 612 1992 Videtur
626 1943 689 2006 qudd
706 1943 779 1994 etiam
794 1947 862 1997 sanis
874 1947 911 1998 dt·
963 1932 964 1975 ¹

107 2011 160 2061 beat
182 2012 280 2062 conferri
300 2013 344 2062 hoc
366 2017 542 2064 sacramentum.
565 2013 622 2072 Quia
643 2015 800 2079 principalior
820 2018 914 2068 eneetn

106 2081 177 2144 hujus
195 2083 332 2132 sacramenti
353 2087 388 2133 est
400 2084 489 2135 sanatio
502 2083 586 2134 ruentis
602 2084 671 2147 quim
684 2086 778 2138 sanatio
797 2087 911 2152 corperis,

106 2154 132 2201 ut
147 2151 231 2201 dietum
242 2158 276 2203 est
286 2154 335 2217 (qu.
347 2159 386 2216 dt,
397 2158 439 2205 art.
453 2154 487 2218 ε).
501 2156 547 2206 Sed
556 2154 625 2206 etiam
636 2156 688 2205 sani
697 2169 798 2221 corpore
811 2159 912 2222 indigent

106 2223 225 2274 sanatione
235 2224 330 2282 mentis,
339 2227 397 2290 Ergo
407 2227 441 2276 eis
455 2227 523 2276 etiam
534 2227 601 2277 debet
612 2228 656 2277 irae
666 2233 842 2279 sacramentum
857 2242 911 2280 cen·

106 2293 168 2348 ferri.

108 2389 110 2394 .
137 2369 161 2416 2.
176 2367 304 2431 Preterea,
317 2371 362 2420 hoe
377 2363 592 2421 sacramentun'est
604 2371 770 2431 exeuntium,
781 2372 844 2422 sieut
858 2373 913 2437 bap

107 2439 188 2492 tismus
204 2445 239 2491 est
251 2445 437 2492 sacramentum
452 2443 618 2492 intrantium.
632 2442 676 2492 Sed
694 2443 804 2494 omnibns
822 2443 911 2494 intran-

105 2511 166 2562 tibus
176 2512 300 2576 baptismus
310 2515 383 2564 datur.
395 2514 453 2577 Ergo
464 2512 571 2564 omnibus
580 2513 718 2564 exeuntibus
727 2514 798 2564 debet
807 2515 911 2564 danunt

106 2589 281 2635 sacramentum.
291 2585 336 2635 Sed
345 2587 480 2648 quandoque
491 2585 525 2635 iili
535 2585 574 2648 qui
583 2589 637 2635 sunt
645 2586 671 2634 in
680 2585 814 2649 propinque
822 2586 910 2644 eritas,

106 2658 159 2704 sunt
173 2657 236 2716 sani,
247 2656 306 2706 sieut
322 2657 356 2706 illi
367 2657 406 2720 qui
425 2655 569 2720 decapitandi
588 2658 650 2706 sunt.
664 2655 724 2719 Ergo
740 2655 828 2706 tatinus
841 2657 909 2707 dehet

104 2724 149 2774 hee
165 2732 330 2777 sacramentum
344 2727 401 2778 dari.

135 2795 179 2846 Sed
200 2803 294 2860 centra,
310 2801 369 2862 quod
385 2800 475 2864 dicitur,
490 2803 555 2858 Jue„
572 2802 591 2849 V
608 2816 614 2851 ε
631 2818 646 2849 u
664 2801 796 2851 infirmatur
813 2801 869 2865 quis
884 2801 907 2850 ir

105 2864 185 2928 rubia,
199 2872 243 2920 ete.
257 2885 271 2918 u
291 2871 349 2933 Erga
368 2871 422 2922 selis
435 2871 532 2922 infirmia
545 2873 655 2936 unpetit
666 2874 712 2924 hee
727 2877 905 2924 neuneutuuu
