1942 3284
178 142 474 202 nnuxcorurusruamours
490 144 657 197 murmuriosa,
674 148 726 186 ιτα.
805 140 852 195 Μ

346 326 506 379 tnmcttttls
521 330 558 379 tlt.

42 454 144 500 Utrdem
162 454 251 511 aeque
266 468 310 511 pro
326 457 410 514 oltqaw
426 458 552 531 temporati
562 458 649 504 damma
660 460 743 505 debeam
759 472 855 507 excusa·

385 532 515 566 monacum.

79 646 119 697 Ad
137 648 230 698 tertiam
241 650 275 700 sic
287 651 425 715 proceditur.
444 652 538 703 Videtur
551 654 612 717 quod
633 654 709 705 nullus
722 669 763 720 pro
777 656 855 721 eltuto

38 718 175 785 temporali
187 721 268 773 damno
277 723 359 772 debeat
370 722 571 775 excommunicari.
581 725 638 783 Quia
650 738 717 789 poeua
730 740 777 779 uon
785 728 854 781 debet

39 792 166 841 excedere
186 792 284 857 culpam.
300 794 344 845 Sed
364 808 433 859 poena
449 796 691 849 excommunicationis
705 802 741 849 est
759 800 857 864 privatis

40 863 153 927 alicujus
161 864 215 915 boui
224 866 355 929 spiritualis,
364 869 425 932 quod
434 868 541 919 omuibus
550 869 617 920 bouis
626 872 788 933 temporalibus
796 886 856 936 pre-

41 935 152 987 eminet.
166 936 225 1000 Ergo
243 951 284 1002 pro
299 939 460 1003 temporalibus
474 940 551 991 nullus
568 943 603 991 est
615 942 854 996 excommunicandus.

82 1010 110 1057 b.
122 1010 250 1073 Praeterea,
260 1010 317 1059 nulli
324 1011 407 1061 malurn
417 1025 459 1076 pro
467 1011 526 1061 malo
537 1012 630 1063 reddere
640 1012 763 1077 debemus,
772 1027 858 1067 serata·

45 1078 110 1130 diam
126 1080 228 1143 apostoli
245 1086 383 1146 preceptum
402 1084 499 1145 (lleaa.³
509 1084 560 1145 Xll,
573 1088 597 1137 et
609 1086 620 1133 l
632 1084 669 1134 ud
681 1086 798 1147 Ytamut„
812 1086 855 1150 ltl

45 1149 100 1200 Sed
112 1150 158 1201 boc
171 1155 232 1201 esset
243 1169 257 1200 a
270 1154 355 1203 malum
368 1168 409 1217 pro
423 1156 482 1205 malo
496 1156 598 1217 reddere,
611 1172 625 1203 »
637 1156 658 1206 st
671 1168 712 1219 pro
723 1155 763 1207 tali
772 1156 855 1211 damae

45 1221 105 1286 quis
114 1222 356 1275 excommunicaretur.
366 1226 426 1289 Ergo
440 1226 502 1276 nullo
513 1228 635 1278 modoboc
649 1228 715 1279 debet
724 1226 784 1277 deut.

85 1291 134 1343 Sed
146 1298 225 1344 contra
243 1301 296 1358 est,
310 1295 371 1360 qudd
390 1298 470 1349 Petrus
488 1298 598 1349 Ananiam
612 1302 636 1349 et
649 1298 783 1363 sapphiram
791 1334 800 1362 ,
814 1311 857 1363 pro

46 1363 226 1417 defraudatione
234 1366 303 1431 pretii
314 1368 373 1433 agri,
381 1370 496 1421 sententia
509 1370 587 1421 mortis
601 1370 719 1421 damnavit
730 1370 807 1434 (Act,
818 1370 856 1435 v).

46 1437 116 1499 Ergo
128 1437 152 1485 el
164 1436 271 1489 Ecclesiae
284 1436 338 1489 licet
354 1454 396 1503 pro
411 1441 575 1505 temporalibus
589 1442 676 1492 damnis
693 1441 858 1493 excommuni-

48 1520 118 1559 care.

90 1578 251 1642 (Coactusro.
263 1608 294 1619 -
304 1580 364 1632 cum
377 1596 418 1647 per
430 1586 549 1647 peccatum
564 1585 658 1635 mortale
668 1584 775 1635 reddatur
785 1585 854 1637 homo

49 1662 127 1714 reguo
140 1650 261 1717 indignus,
272 1658 348 1717 potest
360 1654 413 1718 puis
425 1655 548 1705 mortaliter
561 1668 658 1719 peccans
671 1655 778 1705 damnum
792 1659 857 1705 tem-

50 1721 276 1787 poraleinlerendo‚
297 1738 339 1788 pro
354 1726 394 1776 illo
415 1725 561 1791 (presertim
580 1724 600 1776 si
622 1729 744 1777 contumax
763 1725 810 1790 sit)
828 1726 856 1777 ab

50 1794 157 1847 Ecclesia
167 1793 367 1848 excommunicari.

87 1866 224 1930 Respondeo
241 1868 372 1931 dicendum,
384 1868 446 1933 qutd
458 1882 500 1933 per
514 1868 771 1921 excommunicationem
784 1868 857 1937 judex

51 1936 230 1990 Ecclesiasticus
240 1940 448 1991 excommunicatos
455 1939 555 1991 excludit
566 1938 731 2004 quodammodo
743 1938 855 2003 tregue:

52 2009 119 2061 uude
132 2008 183 2059 clam
198 2024 245 2061 uon
258 2011 362 2063 debeata
374 2027 444 2077 regno
458 2013 578 2063 excludere
592 2011 638 2061 uisi
652 2010 757 2073 indignos
771 2011 817 2075 (ut
826 2023 857 2061 eu
959 2062 960 2077 χ

52 2079 189 2134 defiuitione
201 2082 272 2133 clanis
287 2084 363 2147 potuit
371 2084 392 2148 l,
407 2098 452 2136 uec
465 2084 545 2147 aliquis
561 2082 668 2135 reddatur
680 2082 797 2145 indignus,
810 2082 857 2133 uisi

53 2166 100 2217 per
112 2156 229 2215 peccatum
241 2156 335 2205 mortale
348 2155 480 2207 charitatem
493 2154 603 2215 amiserit,
614 2167 664 2218 que
674 2157 711 2203 cst
721 2152 759 2203 vis
773 2153 857 2205 ducetis

53 2226 87 2277 ad
98 2238 207 2288 reguum3
219 2226 271 2279 ideo
282 2226 358 2278 nullm
370 2226 561 2278 excommunicari
574 2226 640 2277 debet
652 2226 698 2275 nisi
709 2238 749 2289 pro
763 2229 857 2289 peccato

55 2296 157 2349 mortali.
171 2299 201 2347 Et
213 2297 266 2360 quia
277 2297 301 2347 in
316 2297 480 2349 damnificando
495 2298 593 2362 aliquem
606 2296 767 2362 corporaliter,
780 2296 818 2347 rel
830 2295 858 2347 ira

54 2368 127 2421 rebus
138 2370 316 2432 temporalibus,
333 2369 416 2433 aliquis
428 2370 551 2420 mortaliter
565 2372 660 2433 peccat,
673 2372 698 2419 et
710 2372 790 2419 contra
803 2368 857 2417 clm·

54 2440 148 2493 ritatem
165 2440 238 2505 taclt3
253 2442 305 2491 ideo
318 2454 360 2505 pro
378 2441 460 2491 damno
474 2440 593 2505 temporali
605 2441 681 2503 illato,
695 2438 799 2490 Ecclesia
813 2436 858 2489 ali-
959 2440 960 2491 ζ

55 2524 126 2574 quem
142 2510 337 2563 excommunimre
359 2515 441 2576 potest.
457 2513 503 2562 sed
523 2512 576 2575 quia
602 2510 859 2563 excommunicabant
959 2536 960 2545 κ

55 2582 194 2649 grauissima
205 2597 341 2647 penarum,
357 2596 433 2648 paenas
444 2587 522 2633 autem
536 2582 654 2635 medicine
665 2587 721 2633 sunt
733 2580 860 2631 secuudum

56 2654 220 2721 philosophum
233 2656 270 2719 (ll
284 2656 308 2705 in
320 2657 341 2706 ll
353 2654 415 2707 Etla.
434 2655 496 2719 (cap.
507 2658 538 2717 a,
551 2655 588 2706 vel
602 2654 636 2719 3),
650 2652 762 2719 sapientia
781 2654 861 2703 autm
959 2718 960 2741 ἶ

92 2800 125 2863 (1)
137 2802 239 2870 tarpeius
250 2799 297 2871 γὰρ
306 2800 365 2859 τινὲς
376 2800 442 2853 εἰσιν.
453 2799 546 2850 Emito
558 2800 645 2860 lin.11‚
656 2812 709 2857 0³1²·
720 2796 745 2858 2,
755 2802 813 2861 ‘⁰¹¹l·
827 2798 857 2857 flr

56 2885 112 2931 pag.
126 2872 165 2933 20,
180 2871 236 2917 edit.
249 2875 291 2917 cit.
