1942 3284
280 133 312 172 DE
327 131 482 172 ΕᾸΕΜΙΙΜΟ
497 132 669 172 mimm-
829 133 874 181 ⁴87

78 209 133 262 Sed
156 209 252 264 eoum
268 211 317 270 est,
330 208 390 272 quud
406 205 557 272 Hieronymus
570 207 609 269 tin
625 211 698 266 lsai..
713 211 759 274 tlt,
779 215 808 263 ut
821 213 871 278 jam

45 279 149 346 suprd),
166 279 237 332 dicit
249 279 310 345 qudd
323 278 446 331 oseounda
461 278 539 330 tabula
552 283 604 344 poet
617 279 759 345 naufragium
772 287 810 335 est
821 296 870 348 pre

48 352 204 404 nitentia.»

82 423 269 489 (coucuusro.
282 447 315 460 -·
330 421 474 473 Poenitentie
489 426 671 486 saemmentam,
685 422 738 475 nim
759 438 806 477 nou
822 427 869 478 nisi

48 508 81 546 ex
100 493 282 560 suppositione
300 491 386 557 peooati
400 491 556 544 neeessminm
570 491 614 553 sit,
633 497 670 545 ast
685 493 751 558 qumi
769 498 871 549 emunda

51 569 109 632 port
127 565 288 627 naufragium
301 563 400 627 tabula.)

82 636 242 702 Respondes
250 633 385 696 dicendum,
398 633 459 698 quid
472 634 496 685 id
506 635 567 698 guod
580 638 617 686 est
629 647 671 700 per
684 649 723 698 se,
736 637 871 690 nrtmuiur

52 708 124 774 prins
135 712 179 760 est
195 706 300 771 eoquod
314 708 349 758 est
360 717 401 770 per
412 704 532 768 aooidena,
549 705 608 756 sient
622 710 647 756 et
664 705 791 758 subeuntia
807 708 870 772 prior

54 783 93 831 est
114 779 257 830 arridente.
272 777 417 828 sacramenta
433 778 510 826 autem
527 777 629 840 quedam
641 788 683 841 per
697 789 722 827 re
738 777 870 830 ordinantur

55 850 211 901 adsalutem
226 846 339 910 hominis,
351 845 409 898 dont
419 846 562 910 baptismus,
573 845 613 909 gui
622 850 656 898 ert
665 845 787 910 spiritualis
799 860 871 911 gene·

57 920 138 982 ratio,
153 923 182 971 et
199 917 355 980 wndrmatio,
370 929 422 980 que
439 919 474 967 est
489 916 604 980 spirituale
617 921 777 981 angmentum,
792 922 816 968 et
826 931 871 970 eu·

58 991 197 1054 charistia,
212 1003 263 1054 quaa
274 991 310 1040 ast
324 987 439 1052 spirituale
452 987 622 1037 nutrimentum.
642 987 780 1038 Paenitentia
796 993 872 1040 autem

58 1061 191 1113 ordinatur
202 1062 232 1112 ad
243 1060 338 1111 salutem
349 1057 446 1110 hominm
458 1057 524 1122 quasi
536 1071 577 1122 per
589 1057 703 1119 arridens,
712 1062 738 1108 et
754 1060 871 1124 supposito

61 1134 186 1197 quodam,
206 1131 291 1184 seilicet
310 1143 339 1181 ex
361 1129 516 1194 suppositione
535 1129 635 1193 peecati3
655 1129 701 1179 nisi
724 1129 785 1180 enim
802 1132 871 1182 homo

60 1209 176 1266 peromet
188 1202 320 1265 actualiter,
332 1200 466 1266 penitendi
474 1214 520 1253 nou
529 1200 656 1265 indigeret,
670 1202 783 1265 indigeret
794 1206 871 1254 manau

62 1275 201 1340 baptismo,
209 1277 233 1326 et
242 1273 411 1325 confirmatione
422 1275 446 1323 at
457 1272 611 1323 eucharistia:
624 1273 684 1323 sicut
696 1277 720 1325 et
727 1274 752 1324 iu
762 1273 811 1326 uita
823 1289 873 1328 eor·

65 1344 144 1410 porali
155 1358 207 1398 non
219 1344 330 1408 indigeret
342 1345 410 1394 homo
426 1344 584 1407 meditatione,
595 1343 640 1394 nisi
653 1343 817 1409 infirmareturg
831 1347 873 1397 in-

68 1417 162 1480 digeret
182 1420 260 1467 autem
272 1417 341 1466 homo
353 1426 395 1478 per
410 1425 435 1464 sa
451 1413 480 1463 ad
493 1413 563 1464 dmm
576 1414 738 1477 generatione,
752 1419 872 1480 augmento

71 1490 96 1538 et
106 1486 263 1538 nutrimento.
277 1486 306 1536 Et
318 1486 369 1536 ideo
382 1482 516 1550 poenitentia
529 1488 595 1534 tenet
604 1485 728 1536 seeundum
740 1487 815 1538 lorum
823 1499 872 1539 res·

68 1561 143 1625 poeta
157 1557 234 1608 statis
244 1556 389 1620 integritatis,
408 1555 448 1620 qui
464 1555 579 1606 confertur
591 1557 615 1604 et
627 1560 773 1609 nonserratur
784 1569 826 1621 per
835 1571 873 1608 ea·

72 1631 195 1680 eramenta
217 1627 341 1692 predicta3
366 1627 471 1676 undeet
495 1624 647 1688 metaphorice
665 1625 747 1676 diodor
762 1629 872 1679 emunda

76 1701 167 1751 tudela
180 1701 238 1765 port
248 1699 425 1762 nnufrupr‘um.
435 1697 491 1746 llam
501 1694 562 1747 sieut
570 1695 667 1760 primum
675 1697 799 1747 remedium
810 1710 872 1750 mare

15 1793 24 1854 p
75 1769 249 1824 transeuntibus
266 1777 303 1820 est
311 1773 338 1819 ut
349 1771 511 1820 conservantur
522 1767 548 1816 in
559 1765 612 1817 nari
624 1766 727 1831 integra,
747 1770 872 1821 seeundum

76 1847 154 1894 antem
166 1842 290 1894 remedium
304 1845 340 1892 est
353 1843 405 1904 post
418 1850 500 1890 ueram
510 1837 618 1901 irratam,
633 1842 659 1888 ut
670 1838 722 1903 quis
736 1838 819 1891 tabule
831 1842 872 1893 ad-

78 1914 179 1977 hereat3
196 1914 228 1964 ita
242 1911 310 1964 etiam
322 1912 420 1976 primum
433 1908 559 1960 remedium
573 1909 597 1959 in
614 1909 670 1960 mari
688 1909 758 1973 nujus
772 1909 826 1963 vite
836 1917 874 1963 eet

78 1984 138 2049 qndd
158 1987 228 2036 homo
243 1982 395 2048 integritatem
411 1987 500 2044 seruet,
515 1981 639 2031 meandum
656 1984 733 2032 aulam
747 1982 872 2034 remedium
956 2016 957 2053 ,

79 2059 128 2118 ast,
140 2057 161 2106 si
173 2069 215 2120 per
227 2059 344 2119 patratum
357 2052 511 2116 integritatem
525 2051 661 2115 perdiderit,
672 2051 734 2115 qudd
743 2065 785 2116 per
801 2052 872 2118 poeui-

79 2127 174 2177 ttntiam
190 2126 273 2178 redeat,

109 2197 144 2248 nd
159 2197 257 2260 primum
271 2207 324 2258 ergo
342 2191 475 2257 dicendum,
487 2191 549 2258 qudd
562 2192 700 2244 atmondere
711 2196 805 2257 pearata
817 2204 872 2245 eon-

80 2265 147 2331 tingit
160 2266 286 2332 dupliciter.
294 2265 344 2314 llno
354 2265 434 2326 murlo,
447 2263 501 2315 dum
509 2263 559 2328 ipsa
569 2268 664 2328 perata
672 2265 738 2333 dunt3
747 2268 784 2314 est
795 2269 871 2316 autem

81 2339 146 2404 pejus
164 2348 259 2402 peceare
272 2333 362 2400 puilicd
376 2334 442 2398 quim
457 2333 560 2396 onoultt,
574 2339 624 2384 tum
637 2335 690 2398 quia
705 2339 810 2398 pendatur
824 2349 873 2400 pu·

82 2407 151 2460 titicus
166 2407 255 2459 ridetur
274 2419 304 2458 ex
319 2405 401 2470 majori
413 2408 544 2470 contemptu
554 2417 664 2470 peecare,
675 2408 724 2456 tum
737 2406 806 2456 etiam
818 2407 871 2472 quia

83 2482 159 2543 purat
175 2490 227 2529 eum
242 2475 347 2528 seandalo
360 2474 462 2526 aliorum.
474 2475 505 2526 Et
514 2475 567 2526 ideo
578 2476 690 2538 muldam
701 2477 826 2527 remedium
836 2481 873 2528 eol

84 2549 108 2600 in
124 2547 235 2615 pareatis,
249 2547 310 2611 qndd
322 2543 403 2610 aliquis
415 2545 440 2596 in
451 2546 538 2596 oeculto
550 2550 644 2611 paream
658 2549 684 2597 at
696 2547 873 2599 seeunddmlroe

84 2619 134 2670 dioit
141 2620 220 2671 Glossa
232 2617 292 2682 quud
303 2615 424 2667 «secunda
433 2615 511 2667 abula
518 2618 571 2681 post
582 2617 724 2681 uauimgium
734 2621 771 2668 eet
778 2623 872 2682 pearata
946 2613 957 2673 ¹,

86 2689 255 2752 absconderam
269 2699 315 2738 nnn
328 2685 388 2750 qndd
399 2697 440 2750 per
453 2687 498 2738 lroe
513 2685 603 2737 tollatur
616 2691 737 2751 pronatum
753 2687 814 2738 siout
828 2701 871 2754 per
942 2704 948 2789 Ι

86 2757 300 2824 annuntiemur
314 2756 465 2820 quiaperhue
478 2759 597 2820 pamniam
607 2755 634 2806 iit
645 2757 729 2808 minus.
744 2757 794 2806 Alio
803 2759 870 2808 modo
941 2794 946 2823 ,

88 2831 161 2896 aliquis
182 2827 298 2880 adscendit
318 2830 436 2893 peecatum
461 2825 525 2892 prius
540 2828 638 2889 iactum,
650 2840 692 2892 per
712 2825 872 2891 negligentiam
939 2836 957 2897 p

937 2900 944 3007 l
956 2946 957 3013 Ι
