1942 3284
137 209 185 255 ted
322 216 382 256 raus
396 217 434 267 ιιι,
449 217 542 261 ounsr.
558 217 641 265 cxrnr,
658 214 712 254 nur.
730 218 764 254 rx.

169 299 192 344 3.
207 295 318 346 Prmleraa
333 294 370 358 ,1.
390 293 468 351 Pete,
487 295 532 355 ill,
542 292 625 344 dicitur
640 291 702 357 qudd
720 291 856 346 «domines
869 296 942 346 calcu

138 364 194 416 lacit
206 365 333 429 baptisma,
345 377 391 414 nou
406 364 480 415 carnis
496 363 608 428 depositio
619 363 727 427 sordium,
738 365 779 414 sed
792 367 942 418 conscientie

141 438 207 488 leone
227 437 374 498 interrogatio
386 437 410 486 in
426 437 506 488 Deum.
523 438 594 487 »Sed
611 435 677 500 pueri
689 449 764 499 neom
775 436 942 488 conscientiam

142 508 226 557 habent
242 508 324 557 hunam
340 509 377 558 vel
391 509 486 572 malam,
500 508 551 558 ciam
566 521 610 558 non
631 508 730 558 habeant
745 521 812 556 usuro
832 510 941 570 rationis,

143 591 218 642 neque
232 579 299 629 etiam
313 581 475 631 conuenienter
487 580 532 645 ipsi
545 580 719 642 interrogantur,
729 577 782 628 cium
795 592 849 630 non
859 580 942 632 intelli-

138 653 202 714 gant.
219 651 268 700 Non
283 664 336 713 ergo
349 654 416 716 pueri
430 654 513 703 debent
525 651 645 716 baptizari.

172 723 216 772 Sed
234 729 311 774 contra
330 729 380 784 est,
402 726 462 788 quod
483 724 606 788 llionysius
624 723 692 780 dicit,
710 723 754 772 ult.
774 735 827 787 rap.
850 725 940 775 Euclea.

135 796 253 844 iteraret
263 812 271 845 :
288 813 302 843 «
313 796 387 846 iliviui
402 797 474 847 nostri
490 798 560 846 duces
574 795 678 859 (scilicet
691 793 807 858 apostoli),
830 797 941 859 protare

135 871 188 916 runt
203 867 302 918 infantes
317 869 386 932 recipi
400 869 428 918 ad
440 869 610 932 baptismum»

168 939 321 1000 (Concuusro.
341 967 371 978 -
387 942 453 992 Pueri
467 941 595 1005 baptizandi
616 938 811 999 sunt,ci1msint
833 939 939 1004 originali

134 1015 229 1074 peccatu
241 1013 348 1075 obnoxii,
366 1017 389 1063 ct
399 1017 424 1063 nt
439 1013 559 1077 dpueritia
572 1013 597 1062 in
611 1011 719 1075 religione
737 1010 871 1078 christiana
884 1026 939 1063 euu-

136 1081 198 1142 triti,
218 1081 305 1134 firmiirs
317 1084 342 1133 in
357 1096 383 1134 ca
396 1083 563 1148 perseverent.)

165 1155 301 1218 despondeo
315 1156 445 1220 dicendum,
456 1157 516 1221 qudd
526 1157 586 1207 sicut
599 1156 720 1220 Apostolus
727 1153 790 1216 dicit,
805 1157 893 1213 llum„
904 1157 937 1204 ll:

137 1241 150 1272 u
159 1225 184 1274 Si
197 1226 264 1276 unius
273 1226 355 1277 delicto
367 1241 427 1278 mors
439 1229 592 1292 regnaritper
602 1241 673 1278 unum
683 1227 780 1290 (scilicet
790 1240 836 1290 per
847 1229 937 1289 Adam),

134 1297 206 1348 multd
225 1299 296 1362 magis
316 1300 474 1350 abundantiam
489 1301 582 1362 gratim,
598 1303 623 1350 ct
641 1298 783 1357 donationis,
796 1303 821 1348 et
843 1299 938 1364 justitia

134 1369 286 1432 accipientes,
305 1371 329 1419 in
346 1371 393 1420 vita
414 1371 540 1434 regnabunt
554 1384 594 1435 per
608 1384 676 1420 unum
690 1371 767 1420 lesum
778 1370 911 1421 Christum.
925 1389 936 1416 u

135 1440 204 1490 Pueri
216 1444 291 1492 autem
306 1455 335 1492 ex
345 1446 440 1506 peccato
455 1443 507 1492 tdm
526 1446 643 1506 peccatum
660 1441 769 1506 originale
781 1446 935 1504 normannum

134 1513 194 1574 quod
208 1516 271 1575 patet
289 1527 318 1564 ex
334 1515 378 1564 lroo
391 1514 452 1576 qudd
470 1517 525 1563 sunt
543 1514 676 1564 mortalitati
699 1513 810 1577 subjecti,
827 1528 886 1578 qum
901 1528 936 1578 per

135 1589 252 1646 peccatum
268 1584 335 1647 primi
353 1585 453 1636 hominis
473 1587 499 1634 in
515 1599 595 1636 omnes
608 1585 755 1650 pertransiit,
774 1589 802 1634 ut
816 1589 935 1649 Apostolus

134 1655 218 1706 ibidem
236 1656 300 1707 dicit.
315 1658 379 1708 Unde
394 1657 464 1708 multd
482 1657 555 1721 magis
571 1658 637 1721 pueri
651 1660 747 1721 pussant
756 1669 797 1721 per
818 1659 935 1708 Christum

136 1727 229 1788 gratiam
244 1729 359 1794 arreipcre,
375 1733 400 1778 ut
412 1733 509 1794 regnent
526 1730 550 1778 iu
567 1730 613 1778 vita
630 1732 723 1780 aeterna.
737 1730 788 1792 ipsc
803 1733 886 1780 autern
898 1731 935 1778 ltu

134 1798 210 1850 minus
230 1799 299 1860 dicit,
313 1801 395 1856 loun„
414 1803 457 1861 ill,
472 1801 532 1865 qudd
548 1817 562 1848 u
578 1801 625 1851 nisi
638 1801 690 1864 quis
711 1805 805 1851 renatus
824 1802 899 1853 tuerit
910 1815 933 1851 er

134 1883 192 1932 aqua
208 1875 231 1921 et
247 1872 333 1934 Spiritu
348 1877 439 1934 sanctu,
455 1886 500 1922 uon
515 1876 591 1936 potest
604 1872 697 1923 introire
709 1872 735 1922 in
747 1885 844 1935 regnum
859 1874 908 1923 [tei.
921 1890 932 1918 u

134 1943 199 1992 Unde
217 1944 369 1992 necessarium
385 1943 429 1993 iuit
444 1956 526 2006 pueros
539 1943 665 2007 baptizari,
680 1948 721 2002 ut,
736 1943 795 1993 sicut
810 1956 854 2007 per
869 1946 934 1994 idam

135 2012 304 2063 damnationem
319 2013 462 2064 incurrerunt
474 2015 601 2077 nascendo,
616 2013 650 2063 ita
663 2013 829 2078 perChristum
844 2015 934 2064 salutem

134 2087 303 2147 consequantur
312 2086 460 2136 renascendo.
474 2085 530 2135 Fuit
542 2085 611 2135 etiam
624 2085 765 2136 conueniens
780 2099 868 2147 pueros
882 2087 933 2147 tap-

139 2154 212 2214 liuari,
226 2159 252 2205 ul
263 2155 381 2220 dpuerilin
394 2157 474 2208 nutriti
488 2157 512 2206 in
527 2159 564 2208 nis
579 2171 629 2220 quc
643 2163 698 2207 sunt
715 2157 849 2209 christianae
868 2158 932 2213 uitae.

134 2227 221 2278 llrmrlrs
241 2227 264 2277 in
278 2241 304 2278 ca
320 2235 478 2293 perseverent,
499 2230 624 2280 secundnm
644 2231 700 2281 illud
714 2229 845 2287 Procerb„
859 2231 933 2281 Xllli:

136 2299 295 2350 «Adolescens
307 2299 372 2362 juxta
386 2301 448 2350 viam
460 2315 537 2363 suam,
551 2302 619 2350 etiam
634 2299 686 2350 curn
703 2301 820 2364 senuerit,
837 2315 885 2352 non
900 2315 932 2350 re·

135 2371 201 2421 cedet
214 2371 241 2419 ah
260 2385 295 2422 ea.
309 2388 323 2418 »
339 2373 366 2422 Et
378 2373 437 2422 hanc
447 2373 559 2422 rationem
571 2373 673 2436 assignat
686 2372 814 2436 ltioupsius,
827 2375 871 2437 ult,
881 2387 928 2436 cap.

134 2441 227 2492 Eccles.
241 2442 364 2492 iteraret.

167 2515 199 2564 rid
216 2513 316 2578 primum
338 2527 390 2578 ergo
409 2514 543 2577 dicendum,
557 2515 618 2580 quod
641 2516 782 2580 regeneratm
802 2515 932 2578 spiritualis,

135 2599 185 2650 qnae
197 2585 222 2634 iit
235 2599 277 2649 per
286 2585 433 2649 baptismum,
445 2591 478 2638 cst
497 2589 661 2651 quodammodo
673 2587 754 2638 similis
762 2587 877 2637 nativitati
885 2600 930 2636 car·

135 2656 196 2717 nali,
212 2655 322 2720 ouantium
340 2657 368 2707 ad
388 2659 431 2708 troc
445 2657 522 2722 quod,
537 2660 595 2710 siout
614 2660 680 2723 pueri
699 2659 725 2708 in
740 2658 850 2709 maternis
863 2656 931 2709 uteris

134 2727 266 2788 constituti,
281 2741 326 2778 non
346 2742 386 2793 per
405 2730 493 2794 seipsos
506 2730 671 2783 nutrimentum
693 2730 824 2794 accipiunt,
843 2731 883 2781 sed
904 2741 929 2778 cx

136 2799 274 2849 nutrimento
292 2800 371 2850 matris
389 2805 555 2864 sustentantur3
572 2803 603 2852 ita
619 2803 689 2853 etiam
699 2801 764 2866 pueri
776 2802 878 2852 noudum
894 2801 930 2850 ita·

137 2872 216 2920 tantm
227 2883 292 2918 usum
303 2871 405 2934 rationis,
415 2875 479 2936 quasi
493 2874 518 2922 in
529 2877 593 2923 utero
603 2871 681 2922 matris
690 2871 798 2922 Ecclesia
807 2870 929 2931 constituti,

247 2940 348 3004 mum,
365 2944 405 2993 sed
419 2957 457 3007 per
477 2949 554 2994 uotum
569 2943 675 2995 Εωὶιιίω
687 2944 784 2995 salutem
796 2943 927 3006 suscipiunt.
