1942 3284
162 175 193 213 ns
207 173 368 214 manascunt
378 172 461 218 unctu
476 175 534 212 mus
549 174 735 215 nmnssrrarmr.
798 171 841 223 tor

46 253 220 304 oecumenium
228 248 341 311 exolutim
349 251 373 298 et
380 260 422 313 per
436 249 626 311 eoumqueusilla
638 252 780 302 sacramenta
791 263 843 314 qno

47 319 188 374 omlinnutur
198 322 275 370 matre
285 319 383 382 culpem,
391 331 442 370 cum
452 318 498 382 qut
509 320 570 370 sulus
579 333 632 371 esse
642 332 688 370 non
696 323 780 384 potest,
789 325 843 370 suut

48 391 80 442 de
101 388 241 440 necessitate
261 388 353 450 selntis3
365 392 389 438 et
405 389 457 440 idco
470 389 531 440 sicut
546 388 743 454 baptismumque
757 390 845 440 deletur

47 459 165 525 originale
184 462 318 523 peculum,
328 463 365 510 ast
381 459 410 510 de
424 459 560 512 necessitate
575 459 669 522 uluis,
683 460 717 510 ito
735 463 760 510 et
771 460 846 524 peni·

46 529 132 583 tentia
152 533 325 581 seuameutum.
339 528 404 580 Sicut
420 534 497 581 artem
512 529 595 594 aliquis
608 545 649 595 per
659 533 703 582 troc
717 530 777 595 qnid
789 531 845 594 bep-

46 602 146 654 tismcm
157 601 215 664 petit
223 639 231 662 ,
240 613 265 650 se
280 598 389 650 minisliis
400 600 508 652 Ecclesiae
520 600 627 666 subjicit,
638 603 667 654 nd
676 614 735 666 qnos
747 602 846 664 pertinet

48 671 194 736 dispensatio
211 671 359 733 samameuti;
374 670 407 721 ita
430 671 499 722 etiam
517 683 559 734 per
576 672 637 734 hoc,
650 672 712 736 quoi
728 672 846 722 confitetur

47 747 172 807 peceatum
182 754 264 804 mum,
282 753 309 792 so
319 741 424 793 ministm
439 741 547 793 Ecclesiae
562 743 667 808 subjicit,
680 746 707 794 ut
718 754 760 807 per
771 753 847 793 suma·

48 815 156 864 mentum
173 810 311 877 paenitentiae
327 813 356 862 ab
373 825 401 862 eo
417 812 573 876 dispensatum
591 813 749 868 remissionem
764 823 846 864 coum·

50 886 146 948 qnenrr,
163 883 204 947 qui
223 896 346 946 congmum
364 883 489 935 remedium
505 883 612 936 adhibere
631 896 678 937 nou
695 886 785 948 potest,
801 881 847 932 uisi

50 958 173 1020 peccrtnm
185 958 319 1018 cognoscm,
332 954 394 1018 quod
406 954 433 1003 tlt
446 967 489 1018 per
502 954 668 1007 contessionem
679 954 805 1020 peccantis.
818 953 848 1004 lit

52 1027 98 1078 cleu
110 1025 225 1078 muressis
235 1030 272 1076 est
285 1026 312 1077 tle
326 1025 460 1078 necessitato
469 1026 551 1076 euntis
561 1026 627 1089 ejus,
638 1026 679 1089 qni
692 1025 847 1090 inpencetnm

53 1095 146 1149 actuale
157 1096 251 1147 mumulo
259 1095 349 1147 cecidit.

85 1165 230 1230 lldprimnm
243 1179 297 1230 ergo
311 1166 445 1227 mundum,
454 1165 516 1229 quil
531 1165 610 1232 gratiae
621 1165 708 1218 inlusio
717 1164 801 1216 sulicit
819 1165 849 1216 ad

52 1237 128 1302 culpe
139 1236 306 1300 remissionem,
315 1237 355 1288 sed
365 1242 418 1301 post
429 1237 519 1302 culpem
529 1238 648 1289 remissam
659 1235 735 1288 cilio
745 1239 849 1300 peccatu

54 1311 92 1360 est
110 1307 197 1358 debitor
212 1319 285 1372 poene
296 1307 434 1371 temporalis.
453 1309 497 1360 Sel
515 1310 543 1358 ad
556 1307 634 1372 gratie
645 1307 783 1358 minuerem
795 1318 850 1357 oon·

53 1379 194 1442 monendum
206 1376 308 1428 ordinata
316 1381 370 1428 sunt
378 1378 455 1440 gratie
467 1383 680 1443 monumentuamte
690 1390 786 1442 qnorum
798 1390 850 1442 sns-

55 1449 186 1513 ceptiouem
198 1448 236 1498 rel
251 1450 302 1498 auu
315 1449 353 1499 rel
371 1448 486 1514 proposito
498 1449 581 1512 niquis
601 1449 696 1514 gratim
709 1461 755 1499 nou
767 1460 849 1500 conm-

57 1518 143 1584 qnitnr,
155 1517 213 1569 sient
227 1517 252 1568 in
264 1518 375 1582 teptismo
392 1522 463 1582 patet.
480 1519 511 1569 Et
519 1519 594 1569 simile
611 1524 647 1570 est
656 1520 685 1571 de
696 1518 849 1582 mulessione3

57 1593 83 1640 et
95 1588 190 1640 ulterius
204 1600 246 1651 per
261 1588 411 1640 confessionis
429 1588 609 1640 erubescentiam
627 1593 653 1639 et
668 1589 716 1638 mm
734 1588 848 1650 emmam,
900 1594 903 1598 ’

57 1659 142 1723 quibus
155 1671 180 1710 se
189 1658 297 1711 coutiteus
307 1658 409 1722 subjicit,
420 1661 444 1709 et
457 1657 635 1708 satisfactionem
643 1657 776 1727 injunctam,
782 1670 851 1721 quem

57 1733 166 1784 sacerdos
183 1732 310 1784 moderetur
327 1730 450 1783 secundini
463 1728 594 1794 qualitatem
612 1729 734 1785 crinitam
747 1729 792 1781 silri
809 1743 851 1794 per

57 1803 227 1854 contessionem
239 1801 443 1865 innotescentiam,
457 1814 526 1866 poenn
542 1799 673 1865 temporalis
685 1799 796 1864 expiatur.
806 1801 851 1852 Sed
958 1822 959 1859 r

56 1877 138 1925 umen
147 1873 274 1935 confessio,
284 1885 313 1924 er
324 1871 436 1936 coequos
449 1875 556 1936 operetur
563 1871 590 1922 ni
601 1883 676 1935 poenoe
685 1869 850 1933 remissionem,

46 1956 107 2012 pnou
120 1942 255 2006 hebetqulad
269 1943 299 1994 sit
312 1943 339 1995 de
352 1943 489 1994 necessitate
501 1941 592 1998 sulutis;
610 1940 664 2004 quia
676 1951 745 2004 poenc
762 1939 807 1990 ista
817 1946 853 1991 est

56 2012 204 2077 temporalis,
215 2012 245 2062 ad
254 2025 321 2075 qnam
334 2016 387 2076 post
400 2012 473 2077 culpe
487 2011 645 2062 remissionem
655 2008 737 2072 nucis
749 2013 852 2061 mmanet

56 2082 151 2148 ligatus.
161 2083 225 2133 Unde
235 2082 284 2132 eine
296 2084 341 2134 huc
352 2082 413 2146 quon
423 2082 447 2134 in
460 2082 570 2146 presenti
580 2080 627 2130 vite
637 2080 782 2145 expiaretur,
790 2086 852 2132 esset

56 2154 98 2204 via
112 2153 202 2204 solutis.
217 2152 262 2204 Sed
275 2151 344 2204 habet
355 2152 416 2216 quun
432 2152 464 2204 sit
479 2153 508 2203 cle
522 2151 659 2203 necessitate
674 2149 753 2200 saluis
767 2160 797 2200 er
808 2151 853 2201 hoc
958 2176 959 2179 =

57 2224 122 2290 quun
141 2224 170 2274 ad
187 2223 344 2275 remissionem
357 2225 432 2287 culpe
444 2224 512 2274 modo
524 2222 631 2287 predicto
646 2223 759 2284 operatur.

46 2305 49 2310 '
91 2296 125 2346 ld
141 2294 266 2345 secuudum
287 2292 423 2355 licendum,
445 2291 507 2354 quud
524 2296 641 2356 peccatum
659 2291 720 2353 qnod
734 2301 765 2342 er
782 2290 852 2340 altero

56 2368 200 2419 mutrnctnm
214 2367 266 2425 est,
285 2362 370 2414 scilicet
388 2362 497 2428 originale
505 2398 514 2425 ,
533 2365 609 2426 potest
620 2360 714 2412 omniuo
725 2361 755 2410 alt
766 2361 852 2411 extrin-
958 2358 959 2383 ³

57 2449 113 2490 secu
125 2433 348 2496 remediumhabere‚
359 2436 386 2483 ut
398 2432 532 2497 inpnrrnlis
544 2435 621 2496 petet;
633 2431 674 2482 sed
686 2434 804 2494 peccatum
813 2443 852 2479 ac-

56 2506 134 2569 tuale,
146 2505 207 2570 quod
220 2517 250 2555 er
268 2503 344 2566 seipso
358 2502 455 2566 quisque
466 2502 596 2565 commisit,
609 2513 657 2553 uon
669 2504 744 2565 potest
755 2499 851 2564 expleri,

57 2577 109 2641 nisir
117 2575 205 2640 aliquid
220 2578 353 2638 cooperetur
365 2573 405 2624 ille
415 2571 456 2636 qni
473 2572 590 2635 peccarit;
604 2571 645 2623 sel
657 2575 793 2622 tamennon
807 2569 854 2620 sni-

56 2649 107 2699 licit
119 2647 149 2698 acl
159 2649 277 2709 peccatum
291 2643 429 2708 expiandum
442 2655 472 2693 er
485 2641 572 2704 seipso,
583 2639 644 2692 sicin
653 2639 791 2692 sufficienter
800 2646 854 2702 pec·

57 2724 138 2771 catum
146 2715 272 2779 commisit3
282 2714 310 2765 et
322 2713 384 2778 quud
399 2717 517 2778 peecatum
530 2714 636 2774 exparte
649 2708 808 2762 conversionis
818 2713 855 2758 est

43 2788 167 2850 ··tluitnm‚
182 2797 212 2836 ex
228 2796 272 2848 qua
291 2788 355 2847 parte
374 2787 477 2847 peccetur
495 2782 522 2832 in
540 2781 616 2846 ipsum
630 2779 758 2841 redemtum
772 2777 811 2828 sed
825 2789 855 2855 ex

57 2863 125 2926 perte
138 2855 265 2909 orersioun
277 2854 345 2906 hebet
355 2853 490 2904 intinitatem
501 2889 508 2913 ‚
520 2863 549 2902 ex
561 2862 606 2916 qna
618 2854 684 2914 parte
696 2849 783 2913 oportet
792 2847 855 2910 quod

717 2935 758 2989 l‘l*
