1942 3284
274 201 304 238 ur
319 201 376 240 nrrn
390 201 467 240 nurus
483 202 641 242 sacerrimum.
812 195 856 245 ttl

54 280 149 344 quidem
164 278 250 328 lactum
262 278 391 341 estseme13
409 278 509 342 qnotidie
523 284 597 329 autem
617 282 715 331 fructum
729 282 858 336 lominica

52 350 171 416 passionis
190 351 268 400 lileles
289 350 417 414 percipiunt
433 367 438 400 ε
455 355 479 400 et
499 351 550 402 ideo
568 353 606 403 illa
628 355 812 404 commemoratio
833 357 859 405 lit
947 356 948 361 ’

53 424 125 473 semel
140 422 166 471 in
186 433 263 484 auno;
281 421 330 470 hec
343 425 418 471 autem
433 421 547 484 quotidie,
566 427 589 473 et
607 427 698 488 propter
720 425 819 475 fructum
834 429 859 477 et

54 497 151 559 propter
163 493 243 556 jugem
257 491 396 542 memoriam.

85 566 120 616 lld
145 564 271 614 secundum
293 563 427 626 dicentium,
449 564 509 627 quon
530 564 636 615 ueniente
656 567 764 631 veritate,
784 575 859 620 cessat

53 639 135 702 figura.
152 637 201 686 lloc
218 638 294 685 autem
312 637 476 684 sacramentnm
488 639 523 685 est
536 635 606 698 ligura
619 639 721 699 quedam
745 643 769 688 et
779 654 858 690 exem-

53 711 118 774 plum
133 706 255 758 dominice
273 707 400 769 passionis,
413 707 471 757 sicut
486 707 571 757 dictum
593 712 627 758 est
640 710 648 772 (
659 724 698 772 qu.
714 715 755 773 79,
770 715 813 762 art.
832 717 857 775 2,

54 784 80 832 ad
92 787 108 830 2
119 781 139 845 );
153 784 178 831 et
191 780 242 830 idco
252 780 276 829 irr
290 780 327 830 die
339 793 383 842 qno
395 778 445 843 ipsa
456 779 534 844 passio
546 780 662 831 Dominica
674 783 782 833 recolitur
789 789 857 849 prout

52 853 146 905 realiter
164 855 230 915 gesta
249 855 299 913 est,
315 865 361 901 uon
386 853 512 902 celebretur
534 854 674 903 consecratio
693 854 763 918 hujus
781 869 857 906 sacra-

53 925 137 975 menti.
155 925 190 975 Ne
208 927 285 973 tamen
303 923 403 974 Ecclesia
418 937 444 973 ea
458 923 527 973 etiam
540 923 577 973 dic
595 923 625 972 sit
648 924 697 974 sine
717 926 791 975 fructu
806 940 858 990 pas-

54 997 129 1046 sionis
151 1009 195 1060 per
216 996 260 1044 hoc
282 999 448 1045 sacramentum
468 994 534 1044 uobis
554 993 654 1044 exhibito
673 1009 755 1060 corpus
774 997 858 1048 Christi

53 1071 213 1120 consecratum
230 1066 265 1117 die
285 1065 422 1131 precedenti
439 1070 566 1116 reservatur
577 1058 711 1117 sumendum
722 1068 747 1117 in
757 1069 796 1119 illo
811 1069 856 1133 die,

53 1155 100 1192 nou
115 1144 195 1190 aulem
210 1139 317 1200 sangnis,
333 1142 426 1204 propter
439 1137 573 1202 periculum,
589 1141 673 1202 etqnia
695 1141 787 1204 sanguis
804 1154 859 1205 spe·

52 1212 134 1263 cialius
155 1213 192 1260 est
211 1209 285 1272 imago
303 1210 425 1261 bominice
444 1209 575 1274 passionis,
589 1214 614 1259 nt
635 1211 704 1274 suprl
718 1213 806 1283 ⁶dictum
823 1219 860 1265 est

52 1286 106 1349 (qu.
131 1287 172 1343 78,
187 1284 229 1332 art.
247 1287 269 1344 ³,
284 1283 311 1332 nd
322 1283 365 1346 b).
382 1284 429 1333 Nec
444 1295 525 1332 verum
539 1285 647 1346 estquod
662 1283 754 1347 qnidam
769 1286 858 1350 dicunt,

54 1356 115 1421 quod
133 1369 176 1419 per
189 1353 354 1404 immissionem
370 1354 487 1418 particule
508 1355 609 1418 corporis
621 1356 705 1405 Christi
722 1355 746 1405 in
762 1357 857 1417 uinum,

54 1430 206 1480 convertatur
222 1425 300 1476 uuum
314 1427 338 1475 irr
358 1425 508 1490 sanguinem
521 1427 565 1476 hoc
585 1427 646 1476 enim
661 1426 726 1477 aliter
744 1428 793 1477 lieri
812 1442 860 1480 non

55 1503 155 1566 potest,
174 1511 241 1562 quam
258 1512 299 1562 per
321 1499 513 1549 consecrationem
531 1499 613 1548 lautam
634 1499 676 1549 sub
691 1500 763 1550 debtn
788 1502 861 1551 forma

55 1575 190 1624 verborum.
202 1571 228 1620 ln
240 1570 277 1620 (lie
289 1575 363 1620 antem
378 1571 524 1631 Natiuitatis,
538 1570 614 1635 plnres
628 1571 704 1622 misse
716 1572 859 1622 celebrantur

54 1649 152 1710 propter
160 1643 271 1707 triplicem
282 1641 368 1693 Christi
377 1642 528 1692 nativitatem.
544 1643 641 1700 Quarum
656 1656 702 1691 nna
716 1647 753 1692 est
765 1648 859 1705 eterna,

55 1731 106 1782 quae
118 1719 230 1782 quantum
245 1715 272 1764 ad
282 1728 323 1764 uros
343 1720 378 1764 est
391 1714 495 1764 occulta:
509 1719 533 1763 eb
547 1712 599 1763 ideo
611 1726 657 1762 une
672 1714 742 1764 missa
755 1718 860 1764 cantatur

56 1790 79 1838 in
99 1791 185 1848 nocte,
199 1786 222 1835 in
239 1786 305 1849 cujus
323 1787 417 1836 introitu
430 1785 511 1835 dicitur
529 1801 563 1833 :u
578 1784 687 1834 Dominus
701 1785 758 1836 dixit
771 1786 798 1835 ad
813 1799 858 1849 mc,

57 1861 133 1910 Filius
144 1871 210 1908 mens
223 1871 248 1907 es
264 1861 297 1920 tn,
308 1871 350 1920 ego
363 1857 431 1908 bodie
445 1857 512 1920 genui
524 1861 556 1906 te.
573 1872 586 1904 u
598 1856 648 1906 lllia
664 1860 739 1906 antem
753 1861 789 1907 est
801 1860 859 1907 tem·

56 1931 159 1996 poralis,
169 1930 208 1980 sed
223 1928 358 1993 spiritualis,
374 1941 417 1992 qua
427 1928 514 1979 scilicet
528 1927 630 1979 Christus
643 1944 657 1975 u
668 1930 742 1978 oritur
750 1933 859 1992 tanquam

57 2002 142 2054 lucifer
163 2002 187 2052 in
205 2000 313 2051 cordibus
327 2001 423 2062 nostris,
438 2017 452 2047 n
473 2003 499 2049 ut
520 2001 601 2050 dicitur
616 1999 639 2048 iu
654 2000 682 2050 ll.
702 2002 783 2060 Pela„
797 2001 820 2064 13
835 2003 859 2050 et

57 2078 150 2140 propter
162 2075 206 2123 lroc
217 2075 321 2122 cantatur·
336 2071 403 2121 nrlssa
414 2071 438 2120 ln
449 2085 538 2132 aurora,
546 2071 571 2121 in
579 2072 645 2136 cujus
656 2071 749 2123 introitu
759 2071 857 2122 dicitur:

59 2165 72 2194 u
82 2148 135 2196 Lnx
146 2145 244 2209 fulgebit
254 2145 323 2194 bodie
337 2157 405 2207 super
423 2157 475 2192 nos.
490 2144 593 2193 »Tertia
607 2149 643 2194 est
655 2143 737 2194 Christi
751 2144 859 2194 nativitas

56 2217 193 2282 temporalis
210 2221 234 2266 el
249 2214 382 2278 corporalis,
396 2213 520 2264 secundirm
532 2227 600 2278 quam
612 2215 709 2264 visibilis
721 2215 787 2265 uobis
800 2229 859 2279 pro-

56 2290 127 2342 cessit
144 2301 174 2339 cx
188 2291 254 2338 utero
270 2285 377 2350 virginali
390 2299 457 2336 cerae
473 2286 589 2336 indutus:
610 2292 634 2335 et
652 2287 681 2337 ob
696 2288 740 2336 lroc
757 2291 861 2336 cantatur

57 2361 126 2412 tertia
140 2358 210 2410 missa
222 2359 247 2408 iu
267 2357 403 2418 cimaloco,
421 2355 446 2406 iu
463 2359 530 2421 cujus
548 2357 642 2407 introitu
657 2358 739 2407 dicitnr
754 2373 761 2406 z
774 2374 788 2404 n
801 2359 861 2407 Puer

57 2438 126 2484 uatus
143 2435 180 2482 est
198 2430 273 2481 nobis.
294 2427 384 2478 »Licet
403 2439 416 2476 c
435 2441 547 2478 conuerso
561 2429 634 2492 possit
651 2429 713 2489 clici,
727 2428 789 2493 qrrbrl
801 2429 860 2480 nuti-

56 2507 118 2556 vitas
127 2508 213 2555 aeterna
224 2502 348 2552 secundnm
361 2513 384 2550 se
395 2501 430 2549 est
441 2499 466 2550 in
475 2500 542 2564 plena
554 2501 614 2563 lnce,
622 2505 646 2550 et
659 2501 688 2550 ob
697 2502 741 2550 lrcc
752 2500 777 2548 iu
789 2512 860 2550 eran·

59 2576 118 2640 gello
131 2574 206 2625 tertie
220 2572 296 2622 ruisse
312 2571 336 2620 lit
347 2571 433 2622 mentio
447 2573 475 2622 dc
490 2571 609 2622 nativitate
620 2575 715 2622 eterna.
730 2570 861 2620 Secundum

58 2653 134 2698 antem
150 2644 294 2696 nativitatem
305 2644 452 2707 corporalem,
463 2643 491 2694 ad
503 2644 601 2693 litteram
617 2645 731 2693 natusest
742 2643 770 2692 de
782 2646 859 2701 nocte,

58 2720 82 2769 in
104 2719 195 2780 signnm
214 2715 275 2780 quod
295 2714 400 2764 ueniebat
419 2717 447 2766 acl
463 2716 570 2766 tenebras
593 2713 731 2763 infirmitatis
749 2716 833 2762 nostre
852 2726 858 2760 :

59 2791 160 2842 undeet
178 2789 203 2837 in
221 2788 291 2836 missa
311 2791 420 2837 nocturna
437 2787 519 2836 dicitur
538 2786 682 2849 euangelium
704 2785 732 2834 de
752 2782 861 2846 corporali

61 2860 149 2912 Christi
161 2859 288 2908 nativitate.
296 2856 334 2906 Sic
344 2858 411 2908 ellam
424 2863 447 2909 et
460 2858 546 2908 inullis
557 2857 643 2920 ulubris,
655 2855 771 2920 inquibus
782 2867 861 2905 occur·

61 2935 114 2984 runt
125 2931 191 2996 plura
205 2929 246 2980 liei
256 2927 379 2992 beneficia,
390 2929 425 2979 vel
439 2930 570 2991 recolenda,
583 2928 624 2978 uel
639 2927 774 2991 expetenda,
784 2925 861 2988 plures
