1942 3284
117 203 167 256 att
255 211 460 260 surrmmrnn,
476 209 573 256 uum.
589 207 674 257 narr,
692 208 750 247 aar.
765 209 791 246 r.

120 294 174 344 suut
184 288 278 341 mteria
292 289 372 354 ipsius.
387 290 447 353 itrpn
457 293 481 340 et
493 301 531 340 rea
543 301 595 352 pue
605 287 632 337 iu
645 289 693 338 troc
704 290 853 338 mente
864 287 920 337 aiii

119 364 212 424 nentur,
224 365 278 412 sunt
291 360 384 410 materia
396 361 467 425 irujns
479 357 625 411 sacramenti.

150 435 280 494 Praeterea,
302 432 355 497 pius
374 431 496 496 requin'tnr
518 432 547 482 ad
565 430 749 494 dispeusaMum
767 432 921 490 sacramenta,

116 504 187 569 quun
201 505 229 554 ad
245 503 424 567 suscipiendum.
438 503 483 554 Sed
495 501 625 567 baptismus
637 502 662 550 iu
678 513 726 564 que
744 500 814 551 datur
830 505 923 566 putatas

120 577 150 628 ad
165 575 336 639 suscipiendum
350 578 504 638 sacramenta,
515 573 605 638 indiget
621 571 730 624 materid.
745 573 810 636 Eupo
824 573 923 634 murm,

119 647 147 698 ia
160 659 206 711 quo
218 647 285 696 datur
297 649 400 710 petestm
414 646 477 697 adra
490 645 654 709 dispensanda.

154 719 315 781 (Gnuecusrc.
324 744 355 754 —
366 716 494 782 specialem
504 719 597 780 oportet
608 727 661 766 eme
674 715 805 766 materiam
813 716 885 780 huius
894 728 925 765 st
953 692 955 763 i

119 788 245 850 crementi,
262 788 323 838 sicut
332 792 357 838 et
372 788 466 839 aliorum
480 787 705 852 sacramentorum.)
954 776 956 833 i

152 858 287 922 despondeo
297 859 428 921 dicendum,
438 857 500 923 quid
515 857 611 908 materia
623 857 649 907 in
658 858 823 910 sacramentis
833 859 926 910 exteritr
955 860 957 869 '

119 929 230 992 adhibita,
240 929 354 994 siguificat
364 929 470 980 virtutem
481 930 506 979 iu
514 929 663 980 sacramentis
670 933 802 992 agentem,
812 931 843 981 ab
851 932 926 980 extum-

121 1013 174 1052 secu
195 1002 290 1052 omuino
304 1001 418 1052 advenire.
434 1001 498 1052 Unde
511 998 563 1051 erim
577 1000 674 1051 etieetus
691 1001 809 1065 preprium
820 1004 926 1068 hujus*
957 1028 959 1061 r

119 1073 248 1134 crementi,
263 1072 353 1124 scilicet
366 1074 497 1134 character,
507 1084 553 1122 nen
562 1070 702 1136 percipiatur
718 1084 751 1122 ex
764 1073 926 1138 aliquaupera·
957 1070 959 1123 ἶ

121 1143 186 1194 tione
196 1143 270 1208 ipsius
284 1143 323 1207 qui
333 1144 360 1194 ad
377 1147 542 1195 sacramentum
556 1143 661 1204 accedit,
676 1143 744 1192 sicut
757 1149 814 1194 erat
827 1145 854 1194 in
867 1143 927 1210 panni
959 1200 960 1213 ἶ

121 1215 210 1276 tentia,
226 1217 266 1267 sed
278 1217 371 1267 omnine
385 1227 415 1264 ex
428 1215 556 1265 extrinseco
570 1213 694 1274 adueniat,
715 1218 840 1279 competit
852 1217 876 1268 ei
888 1229 927 1266 na-

121 1285 202 1337 teriam
216 1287 314 1348 hahere,
329 1291 406 1336 tamen
428 1284 579 1336 diversimode
597 1285 625 1334 ab
642 1283 695 1335 aliis
713 1287 929 1351 sacramentisque
960 1286 961 1327 ἱ

121 1357 242 1406 materiam
252 1357 346 1406 habent.
355 1356 411 1414 Quia
421 1357 464 1406 hor
474 1357 534 1419 quod
543 1355 693 1406 cunierturin
703 1356 762 1406 aliis
771 1359 927 1420 sacramentis,

120 1427 238 1480 derivatur
256 1425 343 1477 tantiam
361 1426 375 1476 i
395 1429 458 1490 Deo,
473 1440 520 1477 uon
533 1426 548 1476 i
562 1426 680 1490 ministre,
702 1428 746 1490 qui
763 1435 928 1481 sacramentum

121 1499 255 1563 dispensat3
271 1499 312 1548 sed
325 1498 380 1549 iilud
391 1499 450 1562 quud
464 1499 488 1548 in
500 1500 544 1549 huc
558 1502 703 1549 sacramento
718 1499 838 1564 traditur,
852 1503 929 1553 scilieet

120 1569 246 1634 spiritualis
265 1573 382 1635 potestas,
397 1569 513 1620 derivatur
524 1570 594 1620 etiam
611 1570 640 1619 ah
658 1572 744 1633 ecqui
766 1577 928 1624 sacramentum

121 1642 174 1707 dat,
186 1641 246 1693 sicut
254 1645 357 1707 potestas
367 1639 501 1704 imperfecta
512 1639 642 1705 dperiecta.
650 1640 682 1689 Et
690 1638 747 1692 ideo
761 1642 926 1694 efficaciaaiii

121 1726 173 1764 rum
191 1717 382 1764 sacramentorum
399 1711 557 1777 principaliter
577 1711 683 1762 consistit
704 1711 730 1761 in
748 1716 872 1779 materia,
887 1726 927 1780 pua

121 1783 231 1835 virtutem
245 1785 345 1836 diuinam
364 1788 388 1835 et
404 1783 518 1848 signifieat
530 1787 553 1836 et
567 1785 684 1846 continet,
702 1796 733 1833 ex
747 1787 927 1837 sanctificatum

123 1867 167 1919 per
179 1855 310 1906 ministrum
324 1855 435 1906 adhibita.
450 1855 495 1904 Sed
508 1854 612 1905 efficacia
623 1853 695 1917 hujus
708 1858 859 1908 sacramenti
874 1857 926 1922 prin

123 1923 228 1988 cipaiiter
242 1926 325 1977 residet
343 1939 415 1990 penes
430 1939 483 1977 eum
498 1926 539 1990 qui
555 1928 726 1975 sacramentum
738 1925 880 1992 dispeusat;
890 1941 928 1977 ne

123 1995 182 2045 teria
203 2000 278 2046 autem
291 1997 411 2048 adhibetur
429 1996 503 2060 magis
523 1996 550 2047 ad
565 1995 769 2046 demonstrandam
784 2003 927 2062 potestaten,

123 2078 176 2128 uua
187 2069 282 2117 traditur
294 2068 459 2133 particulariter
470 2070 499 2120 ab
507 2067 606 2118 habente
620 2079 672 2116 eam
685 2069 815 2134 complete,
829 2069 927 2135 quinat

123 2139 260 2200 potestatem
276 2139 421 2204 causandam3
437 2141 498 2204 quod
509 2142 572 2204 patet
587 2153 616 2190 ex
628 2139 673 2189 hec
683 2138 746 2203 qudi
758 2143 861 2192 materia
874 2155 929 2193 eun·

121 2207 182 2272 petit
194 2207 247 2258 usui
264 2210 393 2273 potestatis.

153 2279 183 2330 Et
197 2293 237 2344 per
247 2283 290 2332 icc
303 2287 367 2346 patet
378 2283 460 2335 solutio
472 2285 501 2334 ad
510 2285 618 2349 primum.

154 2351 188 2402 rid
200 2352 324 2402 secundum
339 2353 467 2416 dicendum,
480 2355 542 2418 qudd
552 2353 670 2404 materiam
679 2353 705 2403 iu
717 2353 770 2406 aliis
780 2357 929 2408 sacramentis

121 2426 213 2488 opertet
225 2421 362 2473 sanctificari
373 2429 467 2490 propter
478 2426 587 2476 uirtutem
601 2439 669 2490 quam
688 2425 812 2491 cuutiuet;
828 2430 873 2479 sed
885 2441 929 2479 unu

120 2499 158 2546 est
175 2495 207 2544 ita
222 2494 245 2544 iu
256 2494 382 2558 proposito.

152 2569 187 2620 ad
207 2568 299 2619 tertium
321 2568 456 2632 dicendum,
473 2569 535 2635 quid
552 2569 688 2621 sustinendo
703 2570 759 2621 iilud
773 2570 880 2636 dietum,
901 2586 928 2624 ex

120 2637 191 2690 dictis
205 2644 300 2705 apparet
313 2653 381 2690 causa
393 2641 452 2706 ejus,
462 2643 516 2706 quia
530 2641 591 2692 enim
602 2645 704 2706 potestas
716 2641 807 2692 ordinis
818 2644 928 2708 accipitur

120 2706 263 2775 iministro,
278 2713 318 2763 sed
335 2712 508 2763 nuudmateria
518 2751 525 2775 ,
536 2713 587 2763 ideu
605 2712 719 2776 porrectio
734 2713 838 2764 materia
855 2715 926 2780 magis

118 2782 155 2833 tit
172 2781 200 2830 de
220 2783 320 2832 essentia
340 2784 474 2833 sacramenti
493 2783 564 2847 quim
581 2787 665 2834 taetus.
684 2784 773 2834 Tamen
787 2782 839 2849 ipsa
855 2787 923 2838 neria

119 2846 198 2900 turma
212 2852 317 2904 videntur
328 2855 447 2904 ostendere
458 2853 520 2919 quid
532 2858 607 2905 tactus
619 2855 721 2906 materiae
736 2857 769 2906 sit
781 2857 812 2908 de
827 2856 923 2909 eseam

116 2923 269 2984 sacramenti,
282 2923 337 2987 quia
351 2924 450 2974 dicitur:
469 2925 789 2990 accipiendum.»
