1942 3284
136 174 184 226 dbo
308 181 370 226 rans
385 184 427 236 m,
445 181 539 233 quesn.
555 183 638 236 narn,
654 178 709 226 aar.
726 183 762 224 m.

135 261 292 328 bapdsnalen
305 263 448 314 benedicere.
461 264 507 314 Sed
523 265 574 314 bec
594 276 641 314 nun
657 266 754 328 possunt
770 259 821 313 deri
835 261 849 312 b
864 261 942 327 laicis,

135 336 178 386 scd
196 334 270 386 sodium
288 334 302 385 a
319 335 482 386 sacerdotibus.
503 335 563 400 Ergo
579 336 667 388 uidetur
685 334 747 400 qudd
766 333 840 385 mnitd
862 337 945 386 minus

136 406 189 456 laici
201 409 299 470 possunt
309 406 435 471 baptizare.

168 482 193 527 3.
204 479 329 542 Praeierca,
345 479 404 530 sicut
414 479 540 544 baptismus
554 481 589 530 esi
604 482 769 530 sacramentum
783 479 944 542 necessitatis,
962 513 963 534 t

137 549 171 600 ita
183 553 207 599 et
215 551 358 614 penitentia.
372 552 415 602 Sed
427 552 500 602 laicus
511 565 557 602 nun
567 553 643 616 potest
656 551 772 603 absoluere
784 549 809 599 iu
821 551 877 603 foro
893 566 945 618 poe-
962 535 963 604 i

137 621 256 672 nitentiali.
270 624 328 685 Ergo
341 635 416 687 neque
431 625 507 688 petest
520 623 641 687 baptizare.
962 637 963 682 i

169 694 215 744 Sed
234 697 312 745 contra
326 698 375 760 est,
389 694 451 759 qudd
465 694 568 746 Gelasius
584 707 643 758 papa
654 697 678 746 et
687 693 788 744 Isidorus
799 693 884 746 dieunt
900 696 942 760 (1),

137 764 200 830 qu'od
215 781 229 813 o
242 767 359 829 Baptizato
375 767 510 818 necessitate
522 766 655 817 imminente
668 765 733 816 laicis
742 765 881 820 christianis
895 768 944 832 pio·
962 793 963 828 p

138 849 234 901 rumque
247 838 386 890 conceditur.
405 855 419 888 n

171 909 331 974 (coucunsro.
342 938 373 948 -
386 912 438 976 Ne,
449 914 542 976 propter
553 911 666 962 defectum
677 909 802 974 baptismi,
815 910 890 962 homo
905 923 943 960 sa-

138 981 194 1032 lutis
205 995 253 1034 sue
265 984 409 1048 dispendium
427 984 540 1048 patiatur,
555 982 635 1034 meritb
649 983 797 1033 constitutum
809 987 888 1034 estut
900 983 944 1034 mi·
962 995 963 1020 t

139 1053 212 1104 nister
221 1055 326 1120 baptismi
338 1056 368 1107 sit
380 1057 489 1121 quilibet,
505 1055 573 1106 etiam
587 1069 634 1106 uon
644 1054 786 1116 ordinatus.)

173 1126 308 1190 Respondes
316 1128 449 1192 dicendum,
468 1125 529 1191 quod
546 1129 573 1178 ad
584 1127 762 1178 miscricordiam
775 1125 827 1190 ejus
841 1128 885 1192 qui
899 1126 944 1176 uult

140 1210 220 1249 omnes
239 1200 343 1251 homiues
359 1201 434 1250 saluos
447 1199 499 1250 fieri
516 1199 628 1264 pertinet,
646 1201 672 1248 ut
689 1199 762 1248 iubis
779 1213 830 1262 qus
847 1205 907 1250 sunt
920 1199 945 1248 de

141 1271 277 1320 necessitate
291 1270 388 1334 salutis,
403 1274 471 1322 bomo
485 1271 514 1322 de
528 1269 592 1321 facili
610 1271 737 1322 remedium
753 1269 869 1321 iuveniat.
886 1273 945 1320 luter
962 1287 963 1342 t

141 1342 217 1392 omnia
230 1343 306 1392 cutem
318 1345 467 1406 sacramenta,
479 1343 584 1393 manime
597 1340 742 1392 necessitatis
757 1345 792 1392 est
805 1341 943 1406 baptismus,
962 1343 963 1404 t

141 1414 181 1476 qui
199 1416 236 1464 cst
247 1415 389 1478 regeneratio
403 1415 501 1465 bominis
515 1413 539 1464 in
551 1415 622 1464 uitam
634 1413 786 1478 spiritualem3
802 1415 858 1478 quia
870 1413 944 1478 pueris

141 1484 207 1534 aliter
225 1486 318 1537 omnino
335 1486 451 1537 subueniri
469 1499 517 1538 uon
539 1489 614 1551 potest
625 1524 631 1548 ,
644 1489 668 1536 et
688 1485 759 1538 adulti
778 1498 826 1536 non
848 1489 944 1550 possunt
962 1511 963 1528 ι

142 1557 207 1607 aliter
218 1557 286 1621 quim
306 1572 347 1622 per
359 1559 497 1623 baptismum
513 1559 603 1624 plenam
616 1557 772 1609 remissionem
789 1560 912 1623 consequi,
922 1561 943 1608 et
962 1555 963 1570 ³

142 1627 252 1693 quantiam
265 1632 292 1681 ad
302 1633 400 1696 cuipam,
410 1631 551 1695 etquantbm
565 1631 592 1680 ad
606 1643 706 1695 poeuam.
716 1629 747 1680 Et
757 1629 824 1695 ideo,
836 1635 864 1680 ut
878 1633 942 1682 humo

141 1701 202 1752 circa
217 1704 342 1767 remedium
360 1709 407 1753 tam
425 1703 578 1754 necessarium
594 1701 707 1752 desectum
725 1700 774 1764 pati
793 1713 840 1752 non
854 1702 942 1766 possit,

143 1773 273 1824 institutum
289 1779 326 1825 est
341 1779 367 1824 ut
385 1779 408 1824 et
423 1774 517 1825 materia
529 1773 636 1838 baptismi
650 1773 680 1824 sit
693 1773 840 1837 eommunis,
857 1775 942 1824 scilicet

144 1858 218 1910 aqua,
228 1860 278 1910 que
289 1846 303 1896 d
315 1846 416 1910 quolibet
428 1848 456 1896 de
469 1847 533 1896 facili
543 1845 621 1896 baberi
630 1848 721 1910 potest,
734 1849 756 1894 et
770 1843 877 1898 minister
892 1847 941 1908 bap·

142 1915 205 1967 tismi
217 1917 285 1968 eiiam
295 1917 325 1967 sit
334 1917 470 1980 quicumque
478 1930 526 1967 non
537 1915 660 1980 ordinatus,
674 1929 712 1975 uc,
721 1918 815 1980 propter
828 1916 940 1968 deiectum

143 1988 264 2054 baptismi,
285 1992 354 2041 homo
366 1990 447 2040 salutis
466 2003 513 2039 suae
526 1989 670 2053 dispendium
683 1988 790 2052 patiatur.

177 2064 209 2113 bd
220 2064 318 2128 primum
334 2075 388 2126 ergo
403 2062 539 2124 dicendum,
550 2059 611 2125 qudd
624 2059 738 2124 baptizare
751 2059 852 2125 pertinet
865 2060 896 2110 ad
909 2073 941 2110 ur·
962 2113 963 2124 ,

145 2135 221 2186 dinem
239 2135 401 2185 sacerdotalem
424 2131 549 2184 secundinus
575 2133 695 2196 quamdam
719 2130 904 2182 convenientiam
923 2133 942 2179 et
962 2135 963 2202 g

144 2208 328 2270 solemnitatem
343 2219 391 2256 nun
402 2210 478 2257 autem
491 2207 535 2256 buc
553 2209 587 2256 est
601 2205 629 2254 dc
643 2203 780 2254 necessitate
798 2203 941 2254 sacramenti.
962 2205 963 2272 p

144 2278 328 2342 Unde,etiamsi
348 2284 412 2329 extra
433 2277 575 2329 necessitatis
597 2277 715 2326 articulum
736 2274 807 2325 laicus
824 2274 943 2338 baptizet,
962 2273 963 2342 i

142 2355 223 2415 peccat
232 2351 333 2414 quidem,
344 2354 422 2400 tamen
432 2352 597 2411 sacramentum
610 2347 719 2412 baptismi
734 2345 835 2410 confert,
851 2359 897 2397 nec
911 2354 942 2397 est
962 2349 963 2404 t

144 2421 318 2487 rebaptizandus
338 2421 377 2472 ilie
396 2422 435 2486 qui
448 2422 483 2471 sic
497 2424 531 2472 est
546 2419 682 2484 baptizatus.

176 2497 211 2546 dd
229 2495 354 2546 secundum
368 2495 504 2555 dicendum,
518 2493 578 2558 qudd
593 2493 632 2542 iiia
653 2491 825 2542 sacramentalia
838 2487 942 2555 baptismi
962 2511 963 2568 p

143 2569 260 2633 pertinent
274 2568 302 2617 ad
315 2567 496 2628 solemnitatem,
514 2578 560 2616 nun
576 2567 651 2614 auteur
667 2564 694 2614 ed
716 2562 877 2614 necessitatem
891 2563 943 2626 bap
962 2577 963 2628 p

144 2639 216 2690 tismi.
236 2641 264 2688 ut
278 2639 330 2690 ideo
343 2638 392 2690 beri
402 2651 448 2690 nun
462 2637 546 2690 debent
555 2641 701 2701 neupossunt
712 2635 803 2700 iiaico,
817 2636 858 2686 scd
872 2635 942 2686 solium
962 2645 963 2730 p

146 2711 307 2775 assuendum,
327 2711 393 2775 cujus
413 2714 449 2761 est
467 2709 599 2762 solemniter
617 2707 740 2773 baptizare.
962 2771 963 2834 1

180 2866 213 2929 (1)
224 2869 261 2914 Sic
272 2866 378 2914 deludas
385 2867 437 2912 ioco
449 2863 519 2922 snpri
527 2869 617 2922 notato,
626 2875 667 2910 sen
677 2865 701 2910 iu
712 2863 830 2914 Domum,
836 2861 891 2908 dist.
900 2861 938 2907 93.
962 2835 963 2860 ¹

146 2932 249 2978 Isidorus
258 2932 314 2978 iocur
326 2932 367 2978 ubi
375 2929 457 2988 snpra,
469 2929 504 2975 Dc
514 2931 657 2979 consecrat„
665 2927 719 2975 dist.
730 2926 754 2988 i,
767 2937 821 2984 cap.
835 2926 941 2972 emtor.
