<?xml version="1.0" encoding="UTF-8"?>
<!DOCTYPE html PUBLIC "-//W3C//DTD XHTML 1.0 Transitional//EN"
    "http://www.w3.org/TR/xhtml1/DTD/xhtml1-transitional.dtd">
<html xmlns="http://www.w3.org/1999/xhtml" xml:lang="en" lang="en">
 <head>
  <title>
</title>
<meta http-equiv="Content-Type" content="text/html;charset=utf-8" />
  <meta name='ocr-system' content='tesseract 3.04.00' />
  <meta name='ocr-capabilities' content='ocr_page ocr_carea ocr_par ocr_line ocrx_word'/>
</head>
<body>
  <div class='ocr_page' id='page_1' title='image "./summatheologica01nicogoog_0488.png"; bbox 0 0 1942 3284; ppageno 0'>
   <div class='ocr_carea' id='block_1_1' title="bbox 109 120 729 178">
    <p class='ocr_par' dir='ltr' id='par_1_1' title="bbox 109 120 729 178">
     <span class='ocr_line' id='line_1_1' title="bbox 109 120 729 178; baseline -0.016 -12"><span class='ocrx_word' id='word_1_1' title='bbox 109 129 155 178; x_wconf 56' lang='grc' dir='ltr'><strong>ξε,</strong></span> <span class='ocrx_word' id='word_1_2' title='bbox 269 123 329 162; x_wconf 67' lang='lat' dir='ltr'><strong>PARS</strong></span> <span class='ocrx_word' id='word_1_3' title='bbox 344 123 385 172; x_wconf 87' lang='lat' dir='ltr'><strong>nrt,</strong></span> <span class='ocrx_word' id='word_1_4' title='bbox 402 120 495 166; x_wconf 68' lang='lat' dir='ltr'><strong>odmen.</strong></span> <span class='ocrx_word' id='word_1_5' title='bbox 512 120 609 171; x_wconf 64' lang='lat' dir='ltr'><strong>mm,</strong></span> <span class='ocrx_word' id='word_1_6' title='bbox 622 121 677 158; x_wconf 71' lang='grc' dir='ltr'>ΙΙΙ.</span> <span class='ocrx_word' id='word_1_7' title='bbox 694 121 729 160; x_wconf 71' lang='grc' dir='ltr'><strong>ΙΙ.</strong></span> 
     </span>
    </p>
   </div>
   <div class='ocr_carea' id='block_1_2' title="bbox 103 195 898 1745">
    <p class='ocr_par' dir='ltr' id='par_1_2' title="bbox 103 195 898 542">
     <span class='ocr_line' id='line_1_2' title="bbox 103 195 898 265; baseline -0.005 -13"><span class='ocrx_word' id='word_1_8' title='bbox 103 195 271 265; x_wconf 67' lang='lat' dir='ltr'><strong>impositionem</strong></span> <span class='ocrx_word' id='word_1_9' title='bbox 280 209 403 260; x_wconf 72' lang='lat' dir='ltr'><strong>manuum</strong></span> <span class='ocrx_word' id='word_1_10' title='bbox 417 195 501 260; x_wconf 77' lang='lat' dir='ltr'><strong>tegitur</strong></span> <span class='ocrx_word' id='word_1_11' title='bbox 513 195 575 247; x_wconf 87' lang='lat' dir='ltr'><strong>enim</strong></span> <span class='ocrx_word' id='word_1_12' title='bbox 585 195 653 255; x_wconf 72' lang='lat' dir='ltr'><strong>det,</strong></span> <span class='ocrx_word' id='word_1_13' title='bbox 666 195 726 258; x_wconf 80' lang='lat' dir='ltr'><strong>titt,</strong></span> <span class='ocrx_word' id='word_1_14' title='bbox 737 195 801 260; x_wconf 85' lang='lat' dir='ltr'><strong>qodd</strong></span> <span class='ocrx_word' id='word_1_15' title='bbox 816 200 898 260; x_wconf 73' lang='lat' dir='ltr'><strong>otpo-</strong></span> 
     </span>
     <span class='ocr_line' id='line_1_3' title="bbox 103 265 898 334; baseline -0.004 -14"><span class='ocrx_word' id='word_1_16' title='bbox 103 269 156 322; x_wconf 90' lang='lat' dir='ltr'><strong>stoli</strong></span> <span class='ocrx_word' id='word_1_17' title='bbox 168 267 314 334; x_wconf 79' lang='lat' dir='ltr'><strong>imponebant</strong></span> <span class='ocrx_word' id='word_1_18' title='bbox 330 279 411 318; x_wconf 89' lang='lat' dir='ltr'><strong>manus</strong></span> <span class='ocrx_word' id='word_1_19' title='bbox 427 279 497 330; x_wconf 90' lang='lat' dir='ltr'><strong>super</strong></span> <span class='ocrx_word' id='word_1_20' title='bbox 512 265 580 329; x_wconf 89' lang='lat' dir='ltr'><strong>ilios,</strong></span> <span class='ocrx_word' id='word_1_21' title='bbox 590 269 614 317; x_wconf 90' lang='lat' dir='ltr'><strong>et</strong></span> <span class='ocrx_word' id='word_1_22' title='bbox 631 266 775 332; x_wconf 77' lang='lat' dir='ltr'><strong>arripiebant</strong></span> <span class='ocrx_word' id='word_1_23' title='bbox 786 268 898 332; x_wconf 82' lang='lat' dir='ltr'><strong>Spiritum</strong></span> 
     </span>
     <span class='ocr_line' id='line_1_4' title="bbox 104 335 898 404; baseline -0.005 -11"><span class='ocrx_word' id='word_1_24' title='bbox 104 344 208 394; x_wconf 79' lang='lat' dir='ltr'><strong>sonetum</strong></span> <span class='ocrx_word' id='word_1_25' title='bbox 217 354 248 404; x_wconf 68' lang='lat' dir='ltr'><strong>po</strong></span> <span class='ocrx_word' id='word_1_26' title='bbox 260 341 285 390; x_wconf 89' lang='lat' dir='ltr'><strong>et</strong></span> <span class='ocrx_word' id='word_1_27' title='bbox 299 336 400 395; x_wconf 73' lang='lat' dir='ltr'><strong>Marto..</strong></span> <span class='ocrx_word' id='word_1_28' title='bbox 419 337 489 396; x_wconf 81' lang='lat' dir='ltr'><strong>xix,</strong></span> <span class='ocrx_word' id='word_1_29' title='bbox 501 335 585 388; x_wconf 85' lang='lat' dir='ltr'><strong>dieitur</strong></span> <span class='ocrx_word' id='word_1_30' title='bbox 596 335 659 400; x_wconf 87' lang='lat' dir='ltr'><strong>qood</strong></span> <span class='ocrx_word' id='word_1_31' title='bbox 672 352 689 384; x_wconf 80' lang='lat' dir='ltr'><strong>o</strong></span> <span class='ocrx_word' id='word_1_32' title='bbox 700 337 772 388; x_wconf 80' lang='lat' dir='ltr'><strong>obtati</strong></span> <span class='ocrx_word' id='word_1_33' title='bbox 782 346 840 389; x_wconf 87' lang='lat' dir='ltr'><strong>sunt</strong></span> <span class='ocrx_word' id='word_1_34' title='bbox 849 339 898 389; x_wconf 85' lang='lat' dir='ltr'><strong>tto-</strong></span> 
     </span>
     <span class='ocr_line' id='line_1_5' title="bbox 103 407 898 477; baseline -0.006 -13"><span class='ocrx_word' id='word_1_35' title='bbox 103 413 166 464; x_wconf 88' lang='lat' dir='ltr'><strong>mino</strong></span> <span class='ocrx_word' id='word_1_36' title='bbox 183 408 287 477; x_wconf 77' lang='lat' dir='ltr'><strong>paruuli,</strong></span> <span class='ocrx_word' id='word_1_37' title='bbox 301 411 329 460; x_wconf 88' lang='lat' dir='ltr'><strong>ut</strong></span> <span class='ocrx_word' id='word_1_38' title='bbox 344 408 379 461; x_wconf 89' lang='lat' dir='ltr'><strong>eis</strong></span> <span class='ocrx_word' id='word_1_39' title='bbox 398 419 480 459; x_wconf 87' lang='lat' dir='ltr'><strong>marrus</strong></span> <span class='ocrx_word' id='word_1_40' title='bbox 496 407 661 472; x_wconf 73' lang='lat' dir='ltr'><strong>imponeret.»</strong></span> <span class='ocrx_word' id='word_1_41' title='bbox 676 407 738 472; x_wconf 72' lang='lat' dir='ltr'><strong>tergo</strong></span> <span class='ocrx_word' id='word_1_42' title='bbox 755 407 782 459; x_wconf 90' lang='lat' dir='ltr'><strong>in</strong></span> <span class='ocrx_word' id='word_1_43' title='bbox 793 411 840 461; x_wconf 85' lang='lat' dir='ltr'><strong>troo</strong></span> <span class='ocrx_word' id='word_1_44' title='bbox 856 421 898 459; x_wconf 79' lang='lat' dir='ltr'><strong>sn·</strong></span> 
     </span>
     <span class='ocr_line' id='line_1_6' title="bbox 104 476 632 542; baseline -0.015 -6"><span class='ocrx_word' id='word_1_45' title='bbox 104 486 218 536; x_wconf 79' lang='lat' dir='ltr'><strong>momento</strong></span> <span class='ocrx_word' id='word_1_46' title='bbox 236 483 273 533; x_wconf 89' lang='lat' dir='ltr'><strong>est</strong></span> <span class='ocrx_word' id='word_1_47' title='bbox 292 479 396 531; x_wconf 80' lang='lat' dir='ltr'><strong>iacienda</strong></span> <span class='ocrx_word' id='word_1_48' title='bbox 413 476 495 528; x_wconf 83' lang='lat' dir='ltr'><strong>munds</strong></span> <span class='ocrx_word' id='word_1_49' title='bbox 506 477 632 542; x_wconf 79' lang='lat' dir='ltr'><strong>impositio.</strong></span> 
     </span>
    </p>

    <p class='ocr_par' dir='ltr' id='par_1_3' title="bbox 103 549 897 1099">
     <span class='ocr_line' id='line_1_7' title="bbox 135 549 897 614; baseline -0.005 -12"><span class='ocrx_word' id='word_1_50' title='bbox 135 557 160 602; x_wconf 81' lang='lat' dir='ltr'><strong>o.</strong></span> <span class='ocrx_word' id='word_1_51' title='bbox 175 551 300 614; x_wconf 80' lang='lat' dir='ltr'><strong>Preterea,</strong></span> <span class='ocrx_word' id='word_1_52' title='bbox 314 551 384 602; x_wconf 82' lang='lat' dir='ltr'><strong>rerba</strong></span> <span class='ocrx_word' id='word_1_53' title='bbox 400 549 524 601; x_wconf 83' lang='lat' dir='ltr'><strong>sacerdotis</strong></span> <span class='ocrx_word' id='word_1_54' title='bbox 536 550 561 599; x_wconf 90' lang='lat' dir='ltr'><strong>iu</strong></span> <span class='ocrx_word' id='word_1_55' title='bbox 571 551 616 600; x_wconf 85' lang='lat' dir='ltr'><strong>troo</strong></span> <span class='ocrx_word' id='word_1_56' title='bbox 627 555 774 602; x_wconf 81' lang='lat' dir='ltr'><strong>sacramento</strong></span> <span class='ocrx_word' id='word_1_57' title='bbox 787 563 833 602; x_wconf 91' lang='lat' dir='ltr'><strong>non</strong></span> <span class='ocrx_word' id='word_1_58' title='bbox 842 555 897 600; x_wconf 87' lang='lat' dir='ltr'><strong>suot</strong></span> 
     </span>
     <span class='ocr_line' id='line_1_8' title="bbox 103 619 897 688; baseline -0.004 -14"><span class='ocrx_word' id='word_1_59' title='bbox 103 623 197 688; x_wconf 87' lang='lat' dir='ltr'><strong>majoris</strong></span> <span class='ocrx_word' id='word_1_60' title='bbox 204 621 310 674; x_wconf 78' lang='lat' dir='ltr'><strong>efficatia</strong></span> <span class='ocrx_word' id='word_1_61' title='bbox 322 621 389 685; x_wconf 81' lang='lat' dir='ltr'><strong>quim</strong></span> <span class='ocrx_word' id='word_1_62' title='bbox 399 621 424 671; x_wconf 88' lang='lat' dir='ltr'><strong>in</strong></span> <span class='ocrx_word' id='word_1_63' title='bbox 435 619 484 672; x_wconf 83' lang='lat' dir='ltr'><strong>otiis</strong></span> <span class='ocrx_word' id='word_1_64' title='bbox 497 621 651 672; x_wconf 77' lang='lat' dir='ltr'><strong>sacramentis.</strong></span> <span class='ocrx_word' id='word_1_65' title='bbox 666 621 712 672; x_wconf 86' lang='lat' dir='ltr'><strong>Sed</strong></span> <span class='ocrx_word' id='word_1_66' title='bbox 724 620 751 672; x_wconf 89' lang='lat' dir='ltr'><strong>in</strong></span> <span class='ocrx_word' id='word_1_67' title='bbox 761 622 815 672; x_wconf 90' lang='lat' dir='ltr'><strong>atiis</strong></span> <span class='ocrx_word' id='word_1_68' title='bbox 821 633 897 672; x_wconf 77' lang='lat' dir='ltr'><strong>sama-</strong></span> 
     </span>
     <span class='ocr_line' id='line_1_9' title="bbox 103 688 897 754; baseline -0.001 -11"><span class='ocrx_word' id='word_1_69' title='bbox 103 692 186 744; x_wconf 89' lang='lat' dir='ltr'><strong>meotis</strong></span> <span class='ocrx_word' id='word_1_70' title='bbox 195 705 242 743; x_wconf 90' lang='lat' dir='ltr'><strong>non</strong></span> <span class='ocrx_word' id='word_1_71' title='bbox 251 691 367 743; x_wconf 78' lang='lat' dir='ltr'><strong>sutorium</strong></span> <span class='ocrx_word' id='word_1_72' title='bbox 379 691 448 742; x_wconf 86' lang='lat' dir='ltr'><strong>uerba</strong></span> <span class='ocrx_word' id='word_1_73' title='bbox 457 689 565 754; x_wconf 88' lang='lat' dir='ltr'><strong>ministri,</strong></span> <span class='ocrx_word' id='word_1_74' title='bbox 579 688 624 741; x_wconf 89' lang='lat' dir='ltr'><strong>nisi</strong></span> <span class='ocrx_word' id='word_1_75' title='bbox 637 690 736 754; x_wconf 84' lang='lat' dir='ltr'><strong>aliquem</strong></span> <span class='ocrx_word' id='word_1_76' title='bbox 747 696 897 742; x_wconf 84' lang='lat' dir='ltr'><strong>sctnmexer·</strong></span> 
     </span>
     <span class='ocr_line' id='line_1_10' title="bbox 104 761 895 826; baseline -0.006 -13"><span class='ocrx_word' id='word_1_77' title='bbox 104 767 171 826; x_wconf 80' lang='lat' dir='ltr'><strong>osat3</strong></span> <span class='ocrx_word' id='word_1_78' title='bbox 186 763 246 814; x_wconf 86' lang='lat' dir='ltr'><strong>sieut</strong></span> <span class='ocrx_word' id='word_1_79' title='bbox 258 763 283 813; x_wconf 91' lang='lat' dir='ltr'><strong>in</strong></span> <span class='ocrx_word' id='word_1_80' title='bbox 298 763 411 826; x_wconf 86' lang='lat' dir='ltr'><strong>baptismo</strong></span> <span class='ocrx_word' id='word_1_81' title='bbox 427 761 496 812; x_wconf 89' lang='lat' dir='ltr'><strong>simul</strong></span> <span class='ocrx_word' id='word_1_82' title='bbox 507 773 559 811; x_wconf 84' lang='lat' dir='ltr'><strong>eum</strong></span> <span class='ocrx_word' id='word_1_83' title='bbox 575 762 686 825; x_wconf 83' lang='lat' dir='ltr'><strong>trosquod</strong></span> <span class='ocrx_word' id='word_1_84' title='bbox 699 762 807 814; x_wconf 87' lang='lat' dir='ltr'><strong>saeerdos</strong></span> <span class='ocrx_word' id='word_1_85' title='bbox 821 761 895 812; x_wconf 84' lang='lat' dir='ltr'><strong>dioit:</strong></span> 
     </span>
     <span class='ocr_line' id='line_1_11' title="bbox 104 830 897 898; baseline -0.005 -14"><span class='ocrx_word' id='word_1_86' title='bbox 104 835 159 898; x_wconf 76' lang='lat' dir='ltr'><strong>Epo</strong></span> <span class='ocrx_word' id='word_1_87' title='bbox 177 837 201 883; x_wconf 84' lang='lat' dir='ltr'><strong>te</strong></span> <span class='ocrx_word' id='word_1_88' title='bbox 216 831 333 898; x_wconf 79' lang='lat' dir='ltr'><strong>baptizo,</strong></span> <span class='ocrx_word' id='word_1_89' title='bbox 351 831 473 896; x_wconf 82' lang='lat' dir='ltr'><strong>requiritur</strong></span> <span class='ocrx_word' id='word_1_90' title='bbox 489 830 613 894; x_wconf 72' lang='lat' dir='ltr'><strong>corporeis</strong></span> <span class='ocrx_word' id='word_1_91' title='bbox 632 831 727 882; x_wconf 83' lang='lat' dir='ltr'><strong>ablutio.</strong></span> <span class='ocrx_word' id='word_1_92' title='bbox 748 833 810 895; x_wconf 75' lang='lat' dir='ltr'><strong>urps</strong></span> <span class='ocrx_word' id='word_1_93' title='bbox 828 831 897 882; x_wconf 80' lang='lat' dir='ltr'><strong>etiam</strong></span> 
     </span>
     <span class='ocr_line' id='line_1_12' title="bbox 104 901 897 967; baseline -0.003 -12"><span class='ocrx_word' id='word_1_94' title='bbox 104 904 172 956; x_wconf 88' lang='lat' dir='ltr'><strong>simul</strong></span> <span class='ocrx_word' id='word_1_95' title='bbox 185 918 238 956; x_wconf 86' lang='lat' dir='ltr'><strong>eum</strong></span> <span class='ocrx_word' id='word_1_96' title='bbox 248 905 291 956; x_wconf 83' lang='lat' dir='ltr'><strong>tuot</strong></span> <span class='ocrx_word' id='word_1_97' title='bbox 304 904 365 967; x_wconf 89' lang='lat' dir='ltr'><strong>quod</strong></span> <span class='ocrx_word' id='word_1_98' title='bbox 377 903 481 954; x_wconf 78' lang='lat' dir='ltr'><strong>sacerdos</strong></span> <span class='ocrx_word' id='word_1_99' title='bbox 493 901 551 952; x_wconf 87' lang='lat' dir='ltr'><strong>dicit</strong></span> <span class='ocrx_word' id='word_1_100' title='bbox 561 916 567 951; x_wconf 81' lang='lat' dir='ltr'><strong>r</strong></span> <span class='ocrx_word' id='word_1_101' title='bbox 576 903 631 966; x_wconf 78' lang='lat' dir='ltr'><strong>tipo</strong></span> <span class='ocrx_word' id='word_1_102' title='bbox 645 905 670 952; x_wconf 83' lang='lat' dir='ltr'><strong>te</strong></span> <span class='ocrx_word' id='word_1_103' title='bbox 681 902 799 959; x_wconf 75' lang='lat' dir='ltr'><strong>odsdoo,</strong></span> <span class='ocrx_word' id='word_1_104' title='bbox 808 906 897 967; x_wconf 79' lang='lat' dir='ltr'><strong>oportet</strong></span> 
     </span>
     <span class='ocr_line' id='line_1_13' title="bbox 104 972 895 1041; baseline -0.004 -14"><span class='ocrx_word' id='word_1_105' title='bbox 104 975 164 1040; x_wconf 89' lang='lat' dir='ltr'><strong>qndd</strong></span> <span class='ocrx_word' id='word_1_106' title='bbox 171 975 271 1041; x_wconf 84' lang='lat' dir='ltr'><strong>aliquem</strong></span> <span class='ocrx_word' id='word_1_107' title='bbox 284 979 358 1026; x_wconf 88' lang='lat' dir='ltr'><strong>sutum</strong></span> <span class='ocrx_word' id='word_1_108' title='bbox 368 973 541 1026; x_wconf 85' lang='lat' dir='ltr'><strong>exerteuteiroa</strong></span> <span class='ocrx_word' id='word_1_109' title='bbox 553 972 709 1038; x_wconf 78' lang='lat' dir='ltr'><strong>poenitentem,</strong></span> <span class='ocrx_word' id='word_1_110' title='bbox 722 972 895 1039; x_wconf 88' lang='lat' dir='ltr'><strong>imponendoei</strong></span> 
     </span>
     <span class='ocr_line' id='line_1_14' title="bbox 104 1059 194 1099; baseline -0.033 0"><span class='ocrx_word' id='word_1_111' title='bbox 104 1059 194 1099; x_wconf 82' lang='lat' dir='ltr'><strong>manus.</strong></span> 
     </span>
    </p>

    <p class='ocr_par' dir='ltr' id='par_1_4' title="bbox 104 1113 895 1462">
     <span class='ocr_line' id='line_1_15' title="bbox 134 1113 895 1181; baseline 0 -13"><span class='ocrx_word' id='word_1_112' title='bbox 134 1118 180 1171; x_wconf 87' lang='lat' dir='ltr'><strong>Sed</strong></span> <span class='ocrx_word' id='word_1_113' title='bbox 194 1121 271 1171; x_wconf 83' lang='lat' dir='ltr'><strong>eontra</strong></span> <span class='ocrx_word' id='word_1_114' title='bbox 280 1122 325 1179; x_wconf 88' lang='lat' dir='ltr'><strong>est,</strong></span> <span class='ocrx_word' id='word_1_115' title='bbox 339 1115 401 1181; x_wconf 85' lang='lat' dir='ltr'><strong>qudd</strong></span> <span class='ocrx_word' id='word_1_116' title='bbox 412 1114 465 1166; x_wconf 80' lang='lat' dir='ltr'><strong>oium</strong></span> <span class='ocrx_word' id='word_1_117' title='bbox 475 1113 584 1167; x_wconf 79' lang='lat' dir='ltr'><strong>Dominus</strong></span> <span class='ocrx_word' id='word_1_118' title='bbox 593 1114 650 1165; x_wconf 82' lang='lat' dir='ltr'><strong>dixit</strong></span> <span class='ocrx_word' id='word_1_119' title='bbox 659 1116 739 1167; x_wconf 82' lang='lat' dir='ltr'><strong>Petro:</strong></span> <span class='ocrx_word' id='word_1_120' title='bbox 752 1117 895 1176; x_wconf 70' lang='lat' dir='ltr'><strong>«duodenne</strong></span> 
     </span>
     <span class='ocr_line' id='line_1_16' title="bbox 104 1184 895 1252; baseline -0.006 -11"><span class='ocrx_word' id='word_1_121' title='bbox 104 1199 150 1252; x_wconf 87' lang='lat' dir='ltr'><strong>que</strong></span> <span class='ocrx_word' id='word_1_122' title='bbox 158 1187 252 1240; x_wconf 80' lang='lat' dir='ltr'><strong>solveris</strong></span> <span class='ocrx_word' id='word_1_123' title='bbox 264 1191 434 1252; x_wconf 85' lang='lat' dir='ltr'><strong>superterram,</strong></span> <span class='ocrx_word' id='word_1_124' title='bbox 446 1187 524 1247; x_wconf 83' lang='lat' dir='ltr'><strong>ete.,o</strong></span> <span class='ocrx_word' id='word_1_125' title='bbox 534 1185 619 1235; x_wconf 89' lang='lat' dir='ltr'><strong>nuttam</strong></span> <span class='ocrx_word' id='word_1_126' title='bbox 628 1184 770 1236; x_wconf 89' lang='lat' dir='ltr'><strong>mentionem</strong></span> <span class='ocrx_word' id='word_1_127' title='bbox 779 1185 895 1238; x_wconf 83' lang='lat' dir='ltr'><strong>demands</strong></span> 
     </span>
     <span class='ocr_line' id='line_1_17' title="bbox 105 1253 894 1322; baseline 0.003 -15"><span class='ocrx_word' id='word_1_128' title='bbox 105 1257 249 1322; x_wconf 83' lang='lat' dir='ltr'><strong>impositione</strong></span> <span class='ocrx_word' id='word_1_129' title='bbox 265 1257 332 1321; x_wconf 79' lang='lat' dir='ltr'><strong>terit3</strong></span> <span class='ocrx_word' id='word_1_130' title='bbox 351 1267 424 1318; x_wconf 86' lang='lat' dir='ltr'><strong>neque</strong></span> <span class='ocrx_word' id='word_1_131' title='bbox 436 1255 506 1306; x_wconf 91' lang='lat' dir='ltr'><strong>etiam</strong></span> <span class='ocrx_word' id='word_1_132' title='bbox 519 1253 573 1305; x_wconf 83' lang='lat' dir='ltr'><strong>eim</strong></span> <span class='ocrx_word' id='word_1_133' title='bbox 585 1253 691 1305; x_wconf 83' lang='lat' dir='ltr'><strong>omnious</strong></span> <span class='ocrx_word' id='word_1_134' title='bbox 702 1256 815 1319; x_wconf 84' lang='lat' dir='ltr'><strong>apostolis</strong></span> <span class='ocrx_word' id='word_1_135' title='bbox 828 1256 894 1308; x_wconf 82' lang='lat' dir='ltr'><strong>siud</strong></span> 
     </span>
     <span class='ocr_line' id='line_1_18' title="bbox 105 1325 893 1390; baseline -0.004 -9"><span class='ocrx_word' id='word_1_136' title='bbox 105 1328 164 1381; x_wconf 80' lang='lat' dir='ltr'><strong>dixit</strong></span> <span class='ocrx_word' id='word_1_137' title='bbox 180 1345 186 1378; x_wconf 82' lang='lat' dir='ltr'><strong>r</strong></span> <span class='ocrx_word' id='word_1_138' title='bbox 201 1329 320 1388; x_wconf 82' lang='lat' dir='ltr'><strong>«Quorum</strong></span> <span class='ocrx_word' id='word_1_139' title='bbox 335 1325 469 1379; x_wconf 76' lang='lat' dir='ltr'><strong>remiseritis</strong></span> <span class='ocrx_word' id='word_1_140' title='bbox 484 1327 593 1390; x_wconf 82' lang='lat' dir='ltr'><strong>poetata,</strong></span> <span class='ocrx_word' id='word_1_141' title='bbox 607 1325 756 1377; x_wconf 85' lang='lat' dir='ltr'><strong>remittuntur</strong></span> <span class='ocrx_word' id='word_1_142' title='bbox 766 1326 833 1379; x_wconf 78' lang='lat' dir='ltr'><strong>eis»</strong></span> <span class='ocrx_word' id='word_1_143' title='bbox 844 1328 893 1378; x_wconf 83' lang='lat' dir='ltr'><strong>iton</strong></span> 
     </span>
     <span class='ocr_line' id='line_1_19' title="bbox 106 1394 817 1462; baseline 0 -14"><span class='ocrx_word' id='word_1_144' title='bbox 106 1410 160 1462; x_wconf 79' lang='lat' dir='ltr'><strong>erpo</strong></span> <span class='ocrx_word' id='word_1_145' title='bbox 170 1398 200 1450; x_wconf 86' lang='lat' dir='ltr'><strong>sd</strong></span> <span class='ocrx_word' id='word_1_146' title='bbox 208 1399 252 1450; x_wconf 86' lang='lat' dir='ltr'><strong>too</strong></span> <span class='ocrx_word' id='word_1_147' title='bbox 260 1399 424 1450; x_wconf 79' lang='lat' dir='ltr'><strong>sacramentum</strong></span> <span class='ocrx_word' id='word_1_148' title='bbox 437 1394 558 1458; x_wconf 82' lang='lat' dir='ltr'><strong>requiritur</strong></span> <span class='ocrx_word' id='word_1_149' title='bbox 569 1395 686 1460; x_wconf 83' lang='lat' dir='ltr'><strong>impositio</strong></span> <span class='ocrx_word' id='word_1_150' title='bbox 697 1409 817 1450; x_wconf 79' lang='lat' dir='ltr'><strong>munuum</strong></span> 
     </span>
    </p>

    <p class='ocr_par' dir='ltr' id='par_1_5' title="bbox 105 1465 892 1745">
     <span class='ocr_line' id='line_1_20' title="bbox 135 1465 892 1534; baseline 0 -14"><span class='ocrx_word' id='word_1_151' title='bbox 135 1468 298 1533; x_wconf 84' lang='lat' dir='ltr'><strong>(Goueuusro.</strong></span> <span class='ocrx_word' id='word_1_152' title='bbox 305 1491 336 1506; x_wconf 88' lang='grc'><strong>-</strong></span> <span class='ocrx_word' id='word_1_153' title='bbox 345 1465 405 1518; x_wconf 83' lang='lat' dir='ltr'><strong>cim</strong></span> <span class='ocrx_word' id='word_1_154' title='bbox 412 1466 554 1532; x_wconf 81' lang='lat' dir='ltr'><strong>punitentia</strong></span> <span class='ocrx_word' id='word_1_155' title='bbox 564 1469 728 1518; x_wconf 73' lang='lat' dir='ltr'><strong>mennonium</strong></span> <span class='ocrx_word' id='word_1_156' title='bbox 740 1469 770 1519; x_wconf 94' lang='lat' dir='ltr'><strong>ad</strong></span> <span class='ocrx_word' id='word_1_157' title='bbox 777 1470 892 1534; x_wconf 78' lang='lat' dir='ltr'><strong>ontptrnm</strong></span> 
     </span>
     <span class='ocr_line' id='line_1_21' title="bbox 105 1536 892 1605; baseline -0.001 -14"><span class='ocrx_word' id='word_1_158' title='bbox 105 1539 181 1605; x_wconf 89' lang='lat' dir='ltr'><strong>potiirs</strong></span> <span class='ocrx_word' id='word_1_159' title='bbox 190 1539 355 1603; x_wconf 88' lang='lat' dir='ltr'><strong>remissionem,</strong></span> <span class='ocrx_word' id='word_1_160' title='bbox 366 1538 434 1603; x_wconf 83' lang='lat' dir='ltr'><strong>quim</strong></span> <span class='ocrx_word' id='word_1_161' title='bbox 444 1536 578 1600; x_wconf 73' lang='lat' dir='ltr'><strong>postquam</strong></span> <span class='ocrx_word' id='word_1_162' title='bbox 588 1537 665 1600; x_wconf 75' lang='lat' dir='ltr'><strong>prauo</strong></span> <span class='ocrx_word' id='word_1_163' title='bbox 676 1538 833 1589; x_wconf 81' lang='lat' dir='ltr'><strong>extollentiam</strong></span> <span class='ocrx_word' id='word_1_164' title='bbox 841 1551 892 1590; x_wconf 85' lang='lat' dir='ltr'><strong>eon·</strong></span> 
     </span>
     <span class='ocr_line' id='line_1_22' title="bbox 105 1608 891 1676; baseline -0.003 -14"><span class='ocrx_word' id='word_1_165' title='bbox 105 1613 242 1676; x_wconf 84' lang='lat' dir='ltr'><strong>sequendam</strong></span> <span class='ocrx_word' id='word_1_166' title='bbox 254 1610 385 1672; x_wconf 85' lang='lat' dir='ltr'><strong>ordinetur,</strong></span> <span class='ocrx_word' id='word_1_167' title='bbox 398 1608 588 1673; x_wconf 85' lang='lat' dir='ltr'><strong>quemadmodum</strong></span> <span class='ocrx_word' id='word_1_168' title='bbox 602 1619 649 1659; x_wconf 88' lang='lat' dir='ltr'><strong>non</strong></span> <span class='ocrx_word' id='word_1_169' title='bbox 668 1609 698 1660; x_wconf 79' lang='lat' dir='ltr'><strong>ad</strong></span> <span class='ocrx_word' id='word_1_170' title='bbox 709 1610 891 1674; x_wconf 64' lang='lat' dir='ltr'><strong>baptismumque</strong></span> 
     </span>
     <span class='ocr_line' id='line_1_23' title="bbox 105 1679 817 1745; baseline -0.006 -11"><span class='ocrx_word' id='word_1_171' title='bbox 105 1695 149 1736; x_wconf 86' lang='lat' dir='ltr'><strong>rreo</strong></span> <span class='ocrx_word' id='word_1_172' title='bbox 162 1684 191 1735; x_wconf 90' lang='lat' dir='ltr'><strong>ad</strong></span> <span class='ocrx_word' id='word_1_173' title='bbox 203 1685 247 1735; x_wconf 86' lang='lat' dir='ltr'><strong>true</strong></span> <span class='ocrx_word' id='word_1_174' title='bbox 255 1685 419 1734; x_wconf 87' lang='lat' dir='ltr'><strong>sacramentum</strong></span> <span class='ocrx_word' id='word_1_175' title='bbox 429 1692 538 1732; x_wconf 88' lang='lat' dir='ltr'><strong>manuum</strong></span> <span class='ocrx_word' id='word_1_176' title='bbox 549 1679 664 1744; x_wconf 88' lang='lat' dir='ltr'><strong>impositio</strong></span> <span class='ocrx_word' id='word_1_177' title='bbox 675 1680 817 1745; x_wconf 85' lang='lat' dir='ltr'><strong>requiritur.)</strong></span> 
     </span>
    </p>
   </div>
   <div class='ocr_carea' id='block_1_3' title="bbox 135 1749 940 1831">
    <p class='ocr_par' dir='ltr' id='par_1_6' title="bbox 135 1749 940 1831">
     <span class='ocr_line' id='line_1_24' title="bbox 135 1749 940 1831; baseline -0.002 -26"><span class='ocrx_word' id='word_1_178' title='bbox 135 1754 270 1818; x_wconf 80' lang='lat' dir='ltr'><strong>Respondes</strong></span> <span class='ocrx_word' id='word_1_179' title='bbox 286 1752 423 1812; x_wconf 85' lang='lat' dir='ltr'><strong>dicendum,</strong></span> <span class='ocrx_word' id='word_1_180' title='bbox 437 1749 498 1814; x_wconf 89' lang='lat' dir='ltr'><strong>quod</strong></span> <span class='ocrx_word' id='word_1_181' title='bbox 515 1750 631 1814; x_wconf 85' lang='lat' dir='ltr'><strong>impositio</strong></span> <span class='ocrx_word' id='word_1_182' title='bbox 651 1763 760 1801; x_wconf 88' lang='lat' dir='ltr'><strong>manuum</strong></span> <span class='ocrx_word' id='word_1_183' title='bbox 771 1753 796 1802; x_wconf 93' lang='lat' dir='ltr'><strong>in</strong></span> <span class='ocrx_word' id='word_1_184' title='bbox 812 1764 890 1803; x_wconf 76' lang='lat' dir='ltr'><strong>mera-</strong></span> <span class='ocrx_word' id='word_1_185' title='bbox 939 1776 940 1831; x_wconf 58' lang='lat' dir='ltr'><strong>p</strong></span> 
     </span>
    </p>
   </div>
   <div class='ocr_carea' id='block_1_4' title="bbox 105 1819 940 1885">
    <p class='ocr_par' dir='ltr' id='par_1_7' title="bbox 105 1819 940 1885">
     <span class='ocr_line' id='line_1_25' title="bbox 105 1819 940 1885; baseline 0 -11"><span class='ocrx_word' id='word_1_186' title='bbox 105 1826 189 1876; x_wconf 84' lang='lat' dir='ltr'><strong>mentis</strong></span> <span class='ocrx_word' id='word_1_187' title='bbox 200 1823 306 1875; x_wconf 64' lang='lat' dir='ltr'><strong>Ecclesia</strong></span> <span class='ocrx_word' id='word_1_188' title='bbox 321 1821 346 1872; x_wconf 86' lang='lat' dir='ltr'><strong>tt</strong></span> <span class='ocrx_word' id='word_1_189' title='bbox 354 1822 382 1872; x_wconf 93' lang='lat' dir='ltr'><strong>ad</strong></span> <span class='ocrx_word' id='word_1_190' title='bbox 396 1819 561 1884; x_wconf 79' lang='lat' dir='ltr'><strong>designandum</strong></span> <span class='ocrx_word' id='word_1_191' title='bbox 577 1819 675 1883; x_wconf 83' lang='lat' dir='ltr'><strong>aliquem</strong></span> <span class='ocrx_word' id='word_1_192' title='bbox 689 1820 807 1884; x_wconf 84' lang='lat' dir='ltr'><strong>eopiosum</strong></span> <span class='ocrx_word' id='word_1_193' title='bbox 814 1821 890 1885; x_wconf 76' lang='lat' dir='ltr'><strong>pratis</strong></span> <span class='ocrx_word' id='word_1_194' title='bbox 939 1842 940 1875; x_wconf 55' lang='lat' dir='ltr'><strong>r</strong></span> 
     </span>
    </p>
   </div>
   <div class='ocr_carea' id='block_1_5' title="bbox 105 1891 890 1958">
    <p class='ocr_par' dir='ltr' id='par_1_8' title="bbox 105 1891 890 1958">
     <span class='ocr_line' id='line_1_26' title="bbox 105 1891 890 1958; baseline 0 -14"><span class='ocrx_word' id='word_1_195' title='bbox 105 1893 223 1958; x_wconf 79' lang='lat' dir='ltr'><strong>edectum3</strong></span> <span class='ocrx_word' id='word_1_196' title='bbox 235 1905 280 1958; x_wconf 94' lang='lat' dir='ltr'><strong>quo</strong></span> <span class='ocrx_word' id='word_1_197' title='bbox 288 1893 322 1943; x_wconf 90' lang='lat' dir='ltr'><strong>itti</strong></span> <span class='ocrx_word' id='word_1_198' title='bbox 334 1893 416 1956; x_wconf 84' lang='lat' dir='ltr'><strong>quitus</strong></span> <span class='ocrx_word' id='word_1_199' title='bbox 427 1903 507 1941; x_wconf 89' lang='lat' dir='ltr'><strong>manus</strong></span> <span class='ocrx_word' id='word_1_200' title='bbox 517 1891 672 1954; x_wconf 89' lang='lat' dir='ltr'><strong>imponuntur,</strong></span> <span class='ocrx_word' id='word_1_201' title='bbox 681 1893 844 1954; x_wconf 87' lang='lat' dir='ltr'><strong>quodammodo</strong></span> <span class='ocrx_word' id='word_1_202' title='bbox 852 1907 890 1958; x_wconf 90' lang='lat' dir='ltr'><strong>per</strong></span> 
     </span>
    </p>
   </div>
   <div class='ocr_carea' id='block_1_6' title="bbox 104 1961 940 2171">
    <p class='ocr_par' dir='ltr' id='par_1_9' title="bbox 104 1961 940 2171">
     <span class='ocr_line' id='line_1_27' title="bbox 104 1961 940 2029; baseline 0 -13"><span class='ocrx_word' id='word_1_203' title='bbox 104 1966 225 2029; x_wconf 85' lang='lat' dir='ltr'><strong>quamdam</strong></span> <span class='ocrx_word' id='word_1_204' title='bbox 248 1962 416 2016; x_wconf 88' lang='lat' dir='ltr'><strong>similitudinem</strong></span> <span class='ocrx_word' id='word_1_205' title='bbox 441 1963 601 2016; x_wconf 72' lang='lat' dir='ltr'><strong>continuantur</strong></span> <span class='ocrx_word' id='word_1_206' title='bbox 622 1961 747 2025; x_wconf 87' lang='lat' dir='ltr'><strong>ministris,</strong></span> <span class='ocrx_word' id='word_1_207' title='bbox 765 1965 792 2014; x_wconf 89' lang='lat' dir='ltr'><strong>in</strong></span> <span class='ocrx_word' id='word_1_208' title='bbox 811 1965 889 2028; x_wconf 80' lang='lat' dir='ltr'><strong>quimus</strong></span> <span class='ocrx_word' id='word_1_209' title='bbox 939 1968 940 1985; x_wconf 66' lang='lat'>³</span> 
     </span>
     <span class='ocr_line' id='line_1_28' title="bbox 104 2032 940 2100; baseline -0.002 -12"><span class='ocrx_word' id='word_1_210' title='bbox 104 2036 170 2100; x_wconf 86' lang='lat' dir='ltr'><strong>eopia</strong></span> <span class='ocrx_word' id='word_1_211' title='bbox 182 2035 259 2099; x_wconf 78' lang='lat' dir='ltr'><strong>gratim</strong></span> <span class='ocrx_word' id='word_1_212' title='bbox 272 2046 323 2086; x_wconf 87' lang='lat' dir='ltr'><strong>esee</strong></span> <span class='ocrx_word' id='word_1_213' title='bbox 333 2033 409 2085; x_wconf 86' lang='lat' dir='ltr'><strong>debet.</strong></span> <span class='ocrx_word' id='word_1_214' title='bbox 423 2032 452 2084; x_wconf 84' lang='lat' dir='ltr'><strong>itt</strong></span> <span class='ocrx_word' id='word_1_215' title='bbox 467 2033 521 2085; x_wconf 91' lang='lat' dir='ltr'><strong>ideo</strong></span> <span class='ocrx_word' id='word_1_216' title='bbox 532 2033 612 2084; x_wconf 84' lang='lat' dir='ltr'><strong>mauis</strong></span> <span class='ocrx_word' id='word_1_217' title='bbox 620 2033 737 2096; x_wconf 86' lang='lat' dir='ltr'><strong>impositio</strong></span> <span class='ocrx_word' id='word_1_218' title='bbox 749 2034 776 2085; x_wconf 88' lang='lat' dir='ltr'><strong>tit</strong></span> <span class='ocrx_word' id='word_1_219' title='bbox 784 2035 889 2086; x_wconf 76' lang='lat' dir='ltr'><strong>insuera-</strong></span> <span class='ocrx_word' id='word_1_220' title='bbox 939 2036 940 2097; x_wconf 58' lang='grc' dir='ltr'>ζ</span> 
     </span>
     <span class='ocr_line' id='line_1_29' title="bbox 104 2102 940 2171; baseline -0.001 -15"><span class='ocrx_word' id='word_1_221' title='bbox 104 2109 182 2156; x_wconf 88' lang='lat' dir='ltr'><strong>mento</strong></span> <span class='ocrx_word' id='word_1_222' title='bbox 202 2103 394 2168; x_wconf 81' lang='lat' dir='ltr'><strong>conflrmationis,</strong></span> <span class='ocrx_word' id='word_1_223' title='bbox 414 2104 438 2154; x_wconf 87' lang='lat' dir='ltr'><strong>iu</strong></span> <span class='ocrx_word' id='word_1_224' title='bbox 460 2115 505 2168; x_wconf 90' lang='lat' dir='ltr'><strong>qno</strong></span> <span class='ocrx_word' id='word_1_225' title='bbox 525 2102 641 2155; x_wconf 78' lang='lat' dir='ltr'><strong>confertur</strong></span> <span class='ocrx_word' id='word_1_226' title='bbox 657 2104 775 2166; x_wconf 86' lang='lat' dir='ltr'><strong>plenitudo</strong></span> <span class='ocrx_word' id='word_1_227' title='bbox 797 2107 888 2171; x_wconf 85' lang='lat' dir='ltr'><strong>spiritus</strong></span> <span class='ocrx_word' id='word_1_228' title='bbox 939 2140 940 2169; x_wconf 57' lang='lat'>2</span> 
     </span>
    </p>
   </div>
   <div class='ocr_carea' id='block_1_7' title="bbox 103 2173 887 2661">
    <p class='ocr_par' dir='ltr' id='par_1_10' title="bbox 103 2173 887 2661">
     <span class='ocr_line' id='line_1_30' title="bbox 104 2173 887 2240; baseline -0.003 -12"><span class='ocrx_word' id='word_1_229' title='bbox 104 2174 193 2240; x_wconf 79' lang='lat' dir='ltr'><strong>saneti3</strong></span> <span class='ocrx_word' id='word_1_230' title='bbox 210 2177 234 2226; x_wconf 89' lang='lat' dir='ltr'><strong>et</strong></span> <span class='ocrx_word' id='word_1_231' title='bbox 246 2174 270 2224; x_wconf 92' lang='lat' dir='ltr'><strong>in</strong></span> <span class='ocrx_word' id='word_1_232' title='bbox 285 2177 425 2226; x_wconf 81' lang='lat' dir='ltr'><strong>sacramento</strong></span> <span class='ocrx_word' id='word_1_233' title='bbox 445 2173 545 2235; x_wconf 89' lang='lat' dir='ltr'><strong>ordinis,</strong></span> <span class='ocrx_word' id='word_1_234' title='bbox 556 2174 582 2225; x_wconf 90' lang='lat' dir='ltr'><strong>in</strong></span> <span class='ocrx_word' id='word_1_235' title='bbox 597 2187 642 2236; x_wconf 92' lang='lat' dir='ltr'><strong>quo</strong></span> <span class='ocrx_word' id='word_1_236' title='bbox 659 2176 775 2226; x_wconf 79' lang='lat' dir='ltr'><strong>confertur</strong></span> <span class='ocrx_word' id='word_1_237' title='bbox 788 2177 887 2240; x_wconf 69' lang='lat' dir='ltr'><strong>quodam</strong></span> 
     </span>
     <span class='ocr_line' id='line_1_31' title="bbox 103 2243 886 2310; baseline -0.005 -11"><span class='ocrx_word' id='word_1_238' title='bbox 103 2245 236 2299; x_wconf 82' lang='lat' dir='ltr'><strong>extollentia</strong></span> <span class='ocrx_word' id='word_1_239' title='bbox 251 2243 369 2310; x_wconf 81' lang='lat' dir='ltr'><strong>potestatis</strong></span> <span class='ocrx_word' id='word_1_240' title='bbox 381 2245 406 2296; x_wconf 93' lang='lat' dir='ltr'><strong>iu</strong></span> <span class='ocrx_word' id='word_1_241' title='bbox 417 2243 501 2296; x_wconf 80' lang='lat' dir='ltr'><strong>diuinis</strong></span> <span class='ocrx_word' id='word_1_242' title='bbox 516 2244 631 2308; x_wconf 69' lang='lat' dir='ltr'><strong>mysteriis</strong></span> <span class='ocrx_word' id='word_1_243' title='bbox 644 2258 652 2293; x_wconf 84' lang='lat' dir='ltr'><strong>r</strong></span> <span class='ocrx_word' id='word_1_244' title='bbox 665 2246 726 2296; x_wconf 88' lang='lat' dir='ltr'><strong>nude</strong></span> <span class='ocrx_word' id='word_1_245' title='bbox 739 2250 765 2296; x_wconf 90' lang='lat' dir='ltr'><strong>et</strong></span> <span class='ocrx_word' id='word_1_246' title='bbox 777 2247 795 2297; x_wconf 89' lang='lat' dir='ltr'><strong>tt</strong></span> <span class='ocrx_word' id='word_1_247' title='bbox 805 2247 840 2297; x_wconf 82' lang='lat' dir='ltr'><strong>od</strong></span> <span class='ocrx_word' id='word_1_248' title='bbox 850 2247 886 2298; x_wconf 74' lang='lat' dir='ltr'><strong>tr·-</strong></span> 
     </span>
     <span class='ocr_line' id='line_1_32' title="bbox 104 2313 886 2382; baseline -0.003 -13"><span class='ocrx_word' id='word_1_249' title='bbox 104 2316 192 2374; x_wconf 72' lang='lat' dir='ltr'><strong>moro„</strong></span> <span class='ocrx_word' id='word_1_250' title='bbox 201 2316 221 2379; x_wconf 92' lang='lat'><strong>1,</strong></span> <span class='ocrx_word' id='word_1_251' title='bbox 234 2315 332 2366; x_wconf 85' lang='lat' dir='ltr'><strong>dieitur:</strong></span> <span class='ocrx_word' id='word_1_252' title='bbox 345 2314 493 2367; x_wconf 77' lang='lat' dir='ltr'><strong>«resuscites</strong></span> <span class='ocrx_word' id='word_1_253' title='bbox 503 2313 599 2379; x_wconf 73' lang='lat' dir='ltr'><strong>gratiam</strong></span> <span class='ocrx_word' id='word_1_254' title='bbox 608 2314 659 2376; x_wconf 83' lang='lat' dir='ltr'><strong>ttei,</strong></span> <span class='ocrx_word' id='word_1_255' title='bbox 667 2327 719 2378; x_wconf 83' lang='lat' dir='ltr'><strong>que</strong></span> <span class='ocrx_word' id='word_1_256' title='bbox 730 2319 768 2367; x_wconf 89' lang='lat' dir='ltr'><strong>est</strong></span> <span class='ocrx_word' id='word_1_257' title='bbox 779 2317 805 2367; x_wconf 89' lang='lat' dir='ltr'><strong>in</strong></span> <span class='ocrx_word' id='word_1_258' title='bbox 816 2322 839 2368; x_wconf 86' lang='lat' dir='ltr'><strong>te</strong></span> <span class='ocrx_word' id='word_1_259' title='bbox 849 2329 886 2382; x_wconf 88' lang='lat' dir='ltr'><strong>per</strong></span> 
     </span>
     <span class='ocr_line' id='line_1_33' title="bbox 103 2385 885 2451; baseline 0.003 -14"><span class='ocrx_word' id='word_1_260' title='bbox 103 2385 271 2451; x_wconf 85' lang='lat' dir='ltr'><strong>impositionem</strong></span> <span class='ocrx_word' id='word_1_261' title='bbox 284 2398 392 2436; x_wconf 85' lang='lat' dir='ltr'><strong>manuum</strong></span> <span class='ocrx_word' id='word_1_262' title='bbox 408 2396 519 2436; x_wconf 87' lang='lat' dir='ltr'><strong>mearum.</strong></span> <span class='ocrx_word' id='word_1_263' title='bbox 531 2401 546 2433; x_wconf 84' lang='lat' dir='ltr'><strong>o</strong></span> <span class='ocrx_word' id='word_1_264' title='bbox 558 2385 730 2436; x_wconf 77' lang='lat' dir='ltr'><strong>sacromentum</strong></span> <span class='ocrx_word' id='word_1_265' title='bbox 745 2392 820 2439; x_wconf 86' lang='lat' dir='ltr'><strong>autem</strong></span> <span class='ocrx_word' id='word_1_266' title='bbox 836 2401 885 2450; x_wconf 80' lang='lat' dir='ltr'><strong>pur-</strong></span> 
     </span>
     <span class='ocr_line' id='line_1_34' title="bbox 104 2454 884 2519; baseline 0.004 -13"><span class='ocrx_word' id='word_1_267' title='bbox 104 2455 204 2507; x_wconf 81' lang='lat' dir='ltr'><strong>uitentim</strong></span> <span class='ocrx_word' id='word_1_268' title='bbox 213 2469 259 2508; x_wconf 89' lang='lat' dir='ltr'><strong>non</strong></span> <span class='ocrx_word' id='word_1_269' title='bbox 267 2455 382 2507; x_wconf 87' lang='lat' dir='ltr'><strong>ordinatur</strong></span> <span class='ocrx_word' id='word_1_270' title='bbox 392 2456 421 2507; x_wconf 85' lang='lat' dir='ltr'><strong>td</strong></span> <span class='ocrx_word' id='word_1_271' title='bbox 435 2456 616 2518; x_wconf 86' lang='lat' dir='ltr'><strong>consequendam</strong></span> <span class='ocrx_word' id='word_1_272' title='bbox 625 2454 724 2519; x_wconf 83' lang='lat' dir='ltr'><strong>aliquam</strong></span> <span class='ocrx_word' id='word_1_273' title='bbox 736 2459 884 2509; x_wconf 80' lang='lat' dir='ltr'><strong>eroettentism</strong></span> 
     </span>
     <span class='ocr_line' id='line_1_35' title="bbox 104 2526 886 2590; baseline 0 -10"><span class='ocrx_word' id='word_1_274' title='bbox 104 2527 193 2590; x_wconf 77' lang='lat' dir='ltr'><strong>gratioe,</strong></span> <span class='ocrx_word' id='word_1_275' title='bbox 203 2527 244 2580; x_wconf 89' lang='lat' dir='ltr'><strong>sed</strong></span> <span class='ocrx_word' id='word_1_276' title='bbox 255 2528 284 2578; x_wconf 89' lang='lat' dir='ltr'><strong>ad</strong></span> <span class='ocrx_word' id='word_1_277' title='bbox 293 2527 439 2577; x_wconf 87' lang='lat' dir='ltr'><strong>remotionem</strong></span> <span class='ocrx_word' id='word_1_278' title='bbox 449 2529 609 2590; x_wconf 83' lang='lat' dir='ltr'><strong>peomtorum:</strong></span> <span class='ocrx_word' id='word_1_279' title='bbox 623 2530 647 2576; x_wconf 91' lang='lat' dir='ltr'><strong>et</strong></span> <span class='ocrx_word' id='word_1_280' title='bbox 658 2526 710 2578; x_wconf 89' lang='lat' dir='ltr'><strong>ideo</strong></span> <span class='ocrx_word' id='word_1_281' title='bbox 722 2529 752 2578; x_wconf 87' lang='lat' dir='ltr'><strong>ad</strong></span> <span class='ocrx_word' id='word_1_282' title='bbox 761 2530 807 2580; x_wconf 85' lang='lat' dir='ltr'><strong>troo</strong></span> <span class='ocrx_word' id='word_1_283' title='bbox 818 2541 886 2580; x_wconf 67' lang='lat' dir='ltr'><strong>sacre</strong></span> 
     </span>
     <span class='ocr_line' id='line_1_36' title="bbox 104 2596 885 2661; baseline 0 -11"><span class='ocrx_word' id='word_1_284' title='bbox 104 2603 205 2650; x_wconf 86' lang='lat' dir='ltr'><strong>mentum</strong></span> <span class='ocrx_word' id='word_1_285' title='bbox 224 2611 270 2649; x_wconf 90' lang='lat' dir='ltr'><strong>non</strong></span> <span class='ocrx_word' id='word_1_286' title='bbox 287 2597 408 2661; x_wconf 85' lang='lat' dir='ltr'><strong>requiritur</strong></span> <span class='ocrx_word' id='word_1_287' title='bbox 420 2609 528 2648; x_wconf 88' lang='lat' dir='ltr'><strong>manuum</strong></span> <span class='ocrx_word' id='word_1_288' title='bbox 546 2596 676 2661; x_wconf 89' lang='lat' dir='ltr'><strong>impositio,</strong></span> <span class='ocrx_word' id='word_1_289' title='bbox 690 2597 751 2648; x_wconf 87' lang='lat' dir='ltr'><strong>sieut</strong></span> <span class='ocrx_word' id='word_1_290' title='bbox 767 2600 836 2650; x_wconf 80' lang='lat' dir='ltr'><strong>edam</strong></span> <span class='ocrx_word' id='word_1_291' title='bbox 846 2611 885 2650; x_wconf 84' lang='lat' dir='ltr'><strong>neu</strong></span> 
     </span>
    </p>
   </div>
   <div class='ocr_carea' id='block_1_8' title="bbox 104 2666 940 2733">
    <p class='ocr_par' dir='ltr' id='par_1_11' title="bbox 104 2666 940 2733">
     <span class='ocr_line' id='line_1_37' title="bbox 104 2666 940 2733; baseline 0.002 -15"><span class='ocrx_word' id='word_1_292' title='bbox 104 2669 132 2720; x_wconf 94' lang='lat' dir='ltr'><strong>ad</strong></span> <span class='ocrx_word' id='word_1_293' title='bbox 145 2669 296 2733; x_wconf 81' lang='lat' dir='ltr'><strong>baptismum,</strong></span> <span class='ocrx_word' id='word_1_294' title='bbox 307 2667 331 2718; x_wconf 89' lang='lat' dir='ltr'><strong>iu</strong></span> <span class='ocrx_word' id='word_1_295' title='bbox 341 2679 385 2730; x_wconf 92' lang='lat' dir='ltr'><strong>quo</strong></span> <span class='ocrx_word' id='word_1_296' title='bbox 401 2671 478 2719; x_wconf 89' lang='lat' dir='ltr'><strong>tamen</strong></span> <span class='ocrx_word' id='word_1_297' title='bbox 490 2667 516 2716; x_wconf 87' lang='lat' dir='ltr'><strong>or</strong></span> <span class='ocrx_word' id='word_1_298' title='bbox 528 2666 617 2730; x_wconf 89' lang='lat' dir='ltr'><strong>ptenior</strong></span> <span class='ocrx_word' id='word_1_299' title='bbox 625 2667 730 2718; x_wconf 87' lang='lat' dir='ltr'><strong>remissio</strong></span> <span class='ocrx_word' id='word_1_300' title='bbox 738 2674 883 2732; x_wconf 74' lang='lat' dir='ltr'><strong>poematorum</strong></span> <span class='ocrx_word' id='word_1_301' title='bbox 939 2678 940 2685; x_wconf 56' lang='lat'>¹</span> 
     </span>
    </p>
   </div>
   <div class='ocr_carea' id='block_1_9' title="bbox 104 2736 884 2874">
    <p class='ocr_par' dir='ltr' id='par_1_12' title="bbox 104 2736 884 2874">
     <span class='ocr_line' id='line_1_38' title="bbox 139 2736 884 2803; baseline -0.001 -13"><span class='ocrx_word' id='word_1_302' title='bbox 139 2739 203 2790; x_wconf 78' lang='lat' dir='ltr'><strong>ticet</strong></span> <span class='ocrx_word' id='word_1_303' title='bbox 213 2739 326 2790; x_wconf 87' lang='lat' dir='ltr'><strong>interdum</strong></span> <span class='ocrx_word' id='word_1_304' title='bbox 341 2741 505 2789; x_wconf 86' lang='lat' dir='ltr'><strong>sacramentum</strong></span> <span class='ocrx_word' id='word_1_305' title='bbox 519 2736 660 2800; x_wconf 71' lang='lat' dir='ltr'><strong>poenitentia</strong></span> <span class='ocrx_word' id='word_1_306' title='bbox 673 2737 783 2802; x_wconf 64' lang='lat' dir='ltr'><strong>(protiosae</strong></span> <span class='ocrx_word' id='word_1_307' title='bbox 798 2739 884 2803; x_wconf 85' lang='lat' dir='ltr'><strong>retpri·</strong></span> 
     </span>
     <span class='ocr_line' id='line_1_39' title="bbox 104 2808 882 2874; baseline 0.003 -16"><span class='ocrx_word' id='word_1_308' title='bbox 104 2809 175 2874; x_wconf 77' lang='lat' dir='ltr'><strong>outre)</strong></span> <span class='ocrx_word' id='word_1_309' title='bbox 188 2811 277 2864; x_wconf 79' lang='lat' dir='ltr'><strong>montis</strong></span> <span class='ocrx_word' id='word_1_310' title='bbox 288 2811 419 2874; x_wconf 76' lang='lat' dir='ltr'><strong>impositio</strong></span> <span class='ocrx_word' id='word_1_311' title='bbox 432 2810 492 2874; x_wconf 89' lang='lat' dir='ltr'><strong>apud</strong></span> <span class='ocrx_word' id='word_1_312' title='bbox 505 2808 734 2874; x_wconf 85' lang='lat' dir='ltr'><strong>reteresappottotur,</strong></span> <span class='ocrx_word' id='word_1_313' title='bbox 743 2811 780 2862; x_wconf 83' lang='lat' dir='ltr'><strong>rot</strong></span> <span class='ocrx_word' id='word_1_314' title='bbox 790 2823 832 2874; x_wconf 89' lang='lat' dir='ltr'><strong>per</strong></span> <span class='ocrx_word' id='word_1_315' title='bbox 842 2821 882 2860; x_wconf 85' lang='lat' dir='ltr'><strong>nra·</strong></span> 
     </span>
    </p>
   </div>
   <div class='ocr_carea' id='block_1_10' title="bbox 0 0 976 3284">
    <p class='ocr_par' dir='ltr' id='par_1_13' title="bbox 0 0 976 3284">
     <span class='ocr_line' id='line_1_40' title="bbox 0 0 976 3284; baseline 0 1"><span class='ocrx_word' id='word_1_316' title='bbox 0 0 976 3284; x_wconf 95' lang='lat' dir='ltr'><strong> </strong></span> 
     </span>
    </p>
   </div>
  </div>
 </body>
</html>
