1942 3284
205 142 236 178 DE
250 141 298 184 ΗΒΘ
313 140 476 186 EUGWS'M
492 142 538 180 m
553 141 682 183 Gssisswl·
795 132 842 180 MS

58 217 116 266 Sed
138 220 216 270 annisa
240 220 289 278 est,
303 217 365 281 quid
388 217 449 269 idom
463 218 566 270 Cnrutus
583 218 623 282 qui
640 221 689 268 orat
713 218 739 267 in
757 229 840 282 ornos,

25 289 119 340 fuisset
138 289 162 340 iu
179 289 391 341 summouisset
411 289 435 340 iu
449 302 518 340 ornos
536 289 683 340 moriebatur.
701 290 760 353 Ergo
776 292 800 339 st
816 289 841 339 iu

25 365 185 412 sacramento
195 365 336 412 sonuerunto
351 371 482 412 moreretur.

59 435 273 496 (Concnnsrom
290 433 346 484 Girsu
359 434 418 484 idom
432 433 536 485 Christus
551 434 650 497 quierat
668 434 692 484 in
713 446 795 492 ornes,
816 432 841 483 iu

25 509 182 556 sacramanto
192 505 264 554 otiam
277 505 358 556 fuisset
367 539 373 565 ,
381 504 401 556 si
414 507 457 555 hon
470 508 636 556 sacramentum
647 509 750 568 tenpore
761 504 843 555 mortis

27 576 84 638 ejus
101 580 222 628 servatum
237 577 336 636 fuisset,
349 589 494 640 musaquens
511 580 546 626 ost
558 576 672 628 Christum
681 578 749 628 otiam
764 576 790 626 iu
801 589 843 628 sa-

27 651 157 698 cramento
170 651 286 698 mortuum
302 649 399 709 fuisso.)

62 720 212 783 Respondes
223 720 342 770 diooudum
352 757 358 783 ,
368 720 429 784 quod
438 732 522 784 corpus
535 719 618 770 Christi
632 720 693 770 idom
704 720 728 770 iu
737 721 843 770 suostan-

29 788 63 837 tia
76 794 119 840 ost
130 791 155 840 iu
165 792 211 841 hon
221 795 369 853 sacramento,
382 795 405 840 st
417 791 440 841 in
451 791 541 854 propria
555 790 641 854 specio,
652 791 692 841 sod
705 804 751 840 nou
761 791 842 840 oodoni

31 861 118 911 modo.
134 863 193 912 Natu
207 862 232 912 in
245 863 335 926 propria
349 862 425 928 specio
439 863 551 926 contingit
563 862 734 913 circumstantia
749 876 844 928 oorpora

35 947 77 995 por
87 934 199 999 proprias
219 935 383 998 dimensiones,
400 949 446 986 uou
461 938 538 986 autom
551 938 618 998 prout
626 938 663 985 ost
680 935 703 984 in
713 935 757 986 hoo
771 948 844 986 saera·

34 1010 128 1068 monto,
141 1009 171 1056 ut
182 1007 252 1070 supri
261 1007 344 1057 diuinus
355 1011 390 1058 ost
401 1011 450 1072 (qu,
468 1011 508 1069 ts,
523 1010 566 1056 art.
583 1010 609 1066 t,
626 1010 678 1057 tot
692 1007 732 1070 6).
747 1007 776 1056 ut
792 1007 844 1057 idon

32 1076 151 1140 quidquid
166 1079 266 1142 partinet
278 1079 306 1129 ad
325 1078 438 1129 Christum
453 1077 578 1128 secuudum
595 1077 655 1141 quod
668 1078 693 1127 in
702 1091 728 1128 so
739 1082 790 1141 est,
803 1091 844 1142 po

33 1151 84 1198 test
111 1150 205 1200 attribui
219 1151 241 1200 oi
255 1154 279 1202 ot
291 1151 315 1201 in
332 1151 424 1216 propria
444 1151 534 1214 specie,
549 1154 573 1200 ot
586 1151 610 1199 in
630 1155 771 1201 sacramento
783 1151 843 1201 oxis-
944 1182 946 1186 ν

33 1221 117 1282 tenti,
132 1219 194 1270 siout
208 1221 298 1280 sivero,
314 1222 385 1282 usuri,
402 1221 492 1282 dolore,
507 1221 631 1271 animatum
646 1221 685 1270 vel
695 1221 845 1271 inanimatum

35 1301 102 1348 esso,
117 1294 231 1342 etoaetura
241 1291 379 1356 hujusmodi.
394 1292 546 1354 Quacumque
557 1291 612 1342 soro
621 1291 761 1342 conueniunt
771 1292 794 1341 oi
804 1304 845 1356 per

36 1363 239 1426 comparationem
254 1363 282 1413 ad
301 1375 395 1428 corpora
408 1363 554 1423 extrinseca,
567 1367 663 1427 possunt
677 1363 699 1413 oi
711 1362 804 1414 attribui
820 1361 845 1411 in

36 1432 137 1496 propria
152 1435 229 1496 specis
245 1434 362 1497 existenti,
372 1448 418 1484 nou
438 1438 515 1484 autem
531 1439 598 1498 prout
611 1438 648 1485 ost
660 1435 685 1485 iu
694 1437 845 1495 sacmmouto,

38 1502 103 1554 nont
118 1505 213 1566 irudori,
236 1507 345 1570 conspui,
361 1505 475 1569 crucifigi,
491 1507 609 1570 flagellari,
621 1510 645 1556 et
664 1511 749 1558 castora
761 1508 847 1572 hujus-

38 1577 115 1627 modi.
128 1577 192 1628 Unus
205 1581 228 1628 ot
241 1578 333 1641 quidam
345 1577 438 1628 metrici
450 1578 573 1628 dixerunt:

164 1695 228 1732 uiride
241 1703 313 1734 servato
326 1695 397 1745 poteris
410 1695 482 1732 sociare
498 1693 585 1732 dotorem

169 1754 270 1798 [nnstuuus
285 1754 316 1790 sod
329 1766 368 1790 nnn
381 1755 444 1791 illatus
456 1755 545 1791 convenit
556 1754 590 1790 illi.

76 1855 113 1906 tid
129 1855 228 1920 primum
244 1857 445 1920 augaunensium,
462 1856 523 1920 quoti
537 1857 595 1907 sicut
608 1857 693 1908 dicturo
713 1860 758 1921 ost,
772 1855 848 1920 passio

44 1929 157 1978 conuenit
170 1928 259 1992 norpori
276 1941 344 1992 passo
359 1942 401 1992 per
414 1929 606 1993 comparationum
619 1930 648 1978 ad
666 1942 738 1992 agens
760 1928 862 1997 ‹sutrin-v

47 2012 136 2048 sonum.
151 2000 180 2048 ut
199 1999 251 2052 idoo
264 2000 380 2058 Christus,
396 1999 519 2050 secundinus
534 2000 642 2064 quidest
657 2001 757 2051 subitos
772 2013 848 2050 saura-

48 2075 136 2134 monto,
151 2071 199 2134 pati
211 2085 257 2122 non
270 2076 359 2136 potest,
374 2077 450 2136 potest
464 2077 541 2122 tarnen
553 2073 619 2122 mori.

83 2144 116 2192 nu
130 2145 255 2194 secundum
265 2143 460 2208 dicentium,qutd
471 2143 602 2208 sioutsupr'a
612 2143 697 2193 diotuun
706 2146 742 2194 est
751 2143 799 2207 (qu.
811 2147 851 2206 to,

50 2219 92 2264 art.
104 2219 149 2278 a),
167 2215 209 2265 sub
223 2215 298 2278 spooie
310 2215 377 2280 panis
391 2220 425 2266 est
439 2229 522 2280 uorpus
541 2215 625 2265 Christi
642 2229 671 2264 or
689 2215 712 2264 vi
734 2227 851 2265 consecra-

53 2285 134 2346 tionis,
149 2287 243 2350 sanguis
262 2291 337 2338 autern
360 2287 402 2336 sub
421 2287 498 2350 specio
517 2287 574 2338 uini.
597 2287 641 2336 Sed
661 2300 722 2336 nuuc
742 2286 852 2350 quiden,

53 2359 141 2418 quaudo
155 2358 246 2408 realiter
256 2357 349 2420 sanguis
365 2357 453 2408 Christi
469 2372 515 2409 nou
529 2363 564 2408 est
576 2363 694 2422 separatus
703 2358 790 2420 abnjus
803 2371 853 2407 nor-

53 2442 159 2493 pure,ex
173 2430 229 2480 ronti
239 2429 416 2480 couromitautia
431 2433 454 2480 ot
467 2430 561 2492 sanguis
577 2429 663 2480 Christi
673 2433 709 2498 ost
724 2429 766 2478 sub
778 2428 853 2493 specio

54 2500 118 2561 panis
128 2501 196 2550 simui
208 2515 260 2550 nuru
274 2513 383 2564 corporo,
393 2503 416 2551 ot
427 2514 510 2564 corpus
524 2502 567 2551 suit
577 2501 653 2564 spoois
661 2501 712 2550 sini
721 2501 791 2550 simui
800 2512 852 2550 oum

53 2572 168 2635 sauguine.
183 2573 227 2625 Soti
246 2573 266 2622 si
280 2575 380 2634 tompore
399 2573 513 2636 passionis
533 2571 636 2635 curisti,
652 2573 743 2636 quando
760 2571 853 2622 rsuiitor

56 2643 143 2705 sanguis
163 2645 208 2693 tuit
225 2647 345 2708 separatus
359 2643 371 2693 a
385 2657 479 2708 corporo
498 2645 596 2710 Qhristi,
613 2644 695 2694 inisset
712 2646 755 2694 troo
771 2655 852 2692 satura-

58 2719 154 2766 neutum
167 2719 337 2776 consecratum,
352 2715 393 2766 sub
406 2715 481 2780 specio
495 2717 562 2780 panis
580 2716 661 2767 fuisset
675 2714 748 2766 solium
760 2726 852 2777 corpus,

57 2790 77 2834 et
88 2787 128 2838 suh
140 2787 219 2850 specio
233 2787 284 2838 vini
299 2785 381 2838 iuissot
393 2785 466 2838 solium
476 2788 578 2850 sanguis.

84 2859 115 2908 id
129 2858 221 2910 tortium
237 2858 369 2922 dicundum,
378 2857 438 2924 quod
450 2858 509 2911 nont
522 2859 588 2924 supra
603 2858 732 2910 dictumest
744 2855 800 2919 (qu.
813 2859 854 2916 tt,
