1942 3284
267 202 298 238 os
314 204 416 241 carcero
432 206 606 244 conrassroros.
801 199 848 248 ott

14 274 154 337 jusmodi,
169 280 272 339 respectu
289 290 383 340 qnorum
403 280 528 331 attenditur
543 280 649 332 meritum
667 281 834 334 accidentaliter

17 351 47 395 et
65 344 231 397 secundario:
245 352 268 398 et
278 349 330 399 ideo
346 350 463 401 confessos
475 356 500 401 et
512 351 645 412 absolutos,
655 352 730 405 minda
743 352 767 402 in
781 367 835 418 pur·

20 416 129 476 gatorio
147 416 263 481 punietur,
278 418 344 481 qodm
358 420 467 471 contritus
480 420 576 472 entim.

335 596 495 649 annectitis
510 599 552 651 ΙΙΙ.

207 718 292 763 Utrdm
304 721 417 775 contemto
425 723 517 777 operiat
527 724 673 777 paradisum.

62 844 103 893 Ad
121 843 216 893 tertium
231 843 263 895 sic
272 845 409 908 proceditur.
420 844 514 895 Videtur
524 845 585 908 qood
595 848 709 900 confessio
722 862 767 900 noo
777 864 834 915 ape-

23 914 80 965 riat
91 914 233 977 paradisum.
248 914 305 973 Quia
317 914 456 967 diversorum
469 921 660 967 sacramentorum
680 920 832 973 divertisset

24 984 146 1034 effectus.
155 984 201 1034 Sed
220 986 306 1048 apertio
318 984 415 1047 paradisi
428 988 464 1035 est
478 984 572 1037 effeetus
584 986 699 1050 dammi.
712 989 772 1053 Ergo
784 1004 832 1041 non

26 1057 71 1106 est
87 1054 187 1104 effeetus
201 1053 358 1105 confessionis.

67 1127 96 1172 2.
112 1124 239 1184 Preterea,
255 1124 279 1173 io
292 1124 315 1175 id
325 1124 386 1188 quod
397 1124 499 1175 clausum
511 1130 547 1176 est
554 1163 563 1189 ,
576 1130 631 1177 ante
642 1128 783 1191 apertionem
796 1132 832 1181 io-

27 1194 93 1245 trari
108 1206 155 1245 non
168 1198 252 1257 potest
269 1194 315 1245 Sed
334 1198 387 1245 anto
400 1196 566 1247 contessionem
582 1198 681 1249 moriens
693 1200 778 1251 intrare
791 1214 832 1265 pa-

30 1264 141 1314 radisum
154 1268 237 1329 potest.
251 1264 311 1329 Ergo
323 1264 489 1317 contessionon
502 1267 576 1331 aperit
588 1268 725 1331 paradisum.

67 1334 118 1384 Sed
132 1338 224 1397 eontra,
236 1336 412 1387 ostermaro
421 1337 537 1388 honinem
546 1337 629 1403 subjici
638 1339 742 1401 claribus
752 1341 831 1392 Eosde-

32 1406 89 1455 siae.
102 1403 147 1455 Sed
160 1417 201 1469 per
211 1418 250 1456 eas
259 1406 359 1471 aperitur
369 1406 593 1471 paradisostirpoet
603 1423 645 1472 per
654 1410 829 1462 contessionem.

67 1476 438 1539 (conmrrro.-srcramcntatis
446 1478 558 1529 contessio
566 1477 618 1528 edm
627 1478 716 1543 deolpa
725 1484 749 1531 et
756 1494 830 1544 poene

33 1550 105 1596 reatu
120 1545 234 1597 hominem
248 1546 340 1609 liberet,
349 1547 443 1611 januam
451 1547 645 1610 paradisiaperira
654 1549 715 1600 recto
728 1551 830 1614 dicitnr.)

71 1616 208 1679 {despondeo
226 1616 360 1679 dicendum,
373 1615 434 1680 qudd
450 1617 464 1667 d
479 1616 580 1680 paradisi
593 1616 688 1667 introito
700 1620 831 1682 prohibetur

34 1684 123 1749 aliquis
136 1698 177 1749 per
190 1688 279 1751 culpam
289 1690 410 1739 otrentum
418 1698 509 1751 poeoe3
518 1691 542 1737 et
551 1686 605 1749 qnia
614 1687 831 1751 traeimpedimenta

35 1755 154 1807 confessio
165 1761 263 1818 amovet,
276 1763 302 1807 ot
311 1768 341 1808 ex
353 1756 421 1809 dictis
432 1761 497 1820 patet
506 1758 565 1821 (art.
580 1760 592 1806 1
604 1761 629 1807 et
638 1760 654 1805 a
662 1757 832 1819 )‚ideodicitnr

36 1826 169 1895 paradisum
183 1827 279 1892 aperire.

70 1898 106 1948 nd
122 1898 219 1961 primum
241 1910 295 1962 ergo
310 1898 445 1961 dicendum,
461 1899 523 1961 quod
543 1899 647 1964 quamvis
663 1898 790 1962 baptismos
808 1903 834 1950 et

36 1967 176 2035 poenitentia
189 1968 238 2018 sint
254 1970 343 2021 diversa
354 1972 505 2032 eramenta,
519 1973 596 2019 nmen
609 1973 681 2033 agorn
689 1968 714 2018 in
728 1968 752 2020 ri
761 1968 832 2019 unios

38 2037 152 2105 passionis
164 2037 262 2101 Christi,
273 2050 391 2103 perquam
405 2039 479 2091 adiens
490 2039 591 2103 paradisi
605 2043 752 2103 catapanus.

71 2110 106 2159 nd
118 2108 241 2159 secundom
252 2109 388 2171 dicendum,
398 2108 458 2173 quod
468 2113 522 2160 ante
534 2114 613 2161 votnm
627 2109 779 2161 confessionis
790 2120 832 2174 pa·

39 2178 131 2231 radisns
149 2178 242 2227 onasus
257 2182 307 2228 erat
318 2178 421 2242 peccanti
434 2179 564 2240 mortaliter,
582 2178 687 2242 oreimis
699 2184 778 2242 postea
791 2191 833 2243 per

40 2248 199 2302 contritionem
221 2250 380 2312 importantem
401 2254 480 2298 votnm
497 2250 663 2310 ooatoenonis,
675 2253 770 2314 apertus
787 2252 831 2308 sit,

41 2321 111 2372 etiam
122 2324 174 2369 ante
188 2319 354 2370 contessionem
368 2318 486 2368 actuatiter
499 2319 596 2381 taetam3
612 2330 658 2369 oon
668 2324 747 2370 nmen
757 2320 832 2370 obsta·

40 2392 115 2443 cutum
125 2390 202 2439 reatris
216 2392 251 2440 est
258 2388 358 2442 totaliter
368 2391 467 2439 amotrm
481 2393 537 2442 ante
548 2388 716 2442 contessionem
728 2393 753 2439 et
766 2390 833 2441 satis-

43 2461 167 2514 actionem.
