1942 3284
126 161 170 210 nto
258 173 459 223 eurrnunsnruu,
476 174 571 222 punse.
589 175 660 222 xxix,
677 176 734 214 nur.
755 177 791 212 ιιι.

124 249 194 310 valet,
208 260 235 298 uu
245 248 266 298 si
277 251 447 300 conseeruretur
457 247 494 298 bis
506 249 586 300 eudem
599 249 678 300 nostin
685 286 695 313 ,
708 251 773 312 quot
786 251 849 302 nullo
863 252 919 303 uio

125 319 255 371 laciendum
268 324 311 372 est.
325 321 372 372 Neo
385 323 462 370 umen
476 319 632 370 ministrorum
647 321 769 385 pluralitas
786 323 843 374 tollit
856 324 921 374 unite·

125 396 173 442 tenr
186 390 409 455 hujusncramentt
423 391 475 456 quin
485 391 690 443 instrumentaliter
698 393 791 444 tuntirnr
799 398 921 458 operentur,

127 460 225 584 rfrrgtetio
245 465 322 514 eutem
341 462 495 513 martellorum
514 475 561 512 non
583 463 642 514 tollit
661 463 777 515 unitatem
796 464 924 529 operationis

138 545 150 582 a
167 547 196 585 rr.

418 640 579 691 tflrleulnis
591 642 630 691 lll.

173 765 259 811 viriam
272 765 315 810 troc
327 769 505 811 sacromentum
515 765 596 820 feeerit
606 767 620 810 ri
630 766 728 811 Christo
742 768 895 814 institutum„

160 889 195 942 nd
209 889 300 942 tertium
319 889 352 940 siu
368 889 507 953 proceditur.
520 889 616 940 Videtur
633 890 695 955 quid
705 893 752 942 hoo
768 899 927 945 sacramentor

131 975 177 1012 non
190 961 260 1012 tuerit
269 961 399 1012 institutum
411 961 533 1014 ichristo.
543 961 601 1022 Quia
609 963 638 1013 de
649 962 800 1016 institutione
808 979 928 1016 saeunen

129 1039 203 1084 torum
213 1072 220 1094 ‚
232 1048 283 1098 quet
295 1033 399 1085 Christus
412 1033 528 1095 instituit,
542 1035 567 1084 lit
579 1034 667 1086 mentio
679 1035 704 1085 in
720 1037 866 1101 Evangelio,
879 1039 927 1088 sieut

130 1105 158 1156 de
171 1105 311 1156 lluolreristiu
331 1109 353 1155 et
366 1103 493 1168 Baptismo.
506 1104 552 1155 Sed
570 1105 632 1154 nullu
646 1105 672 1155 iit
686 1107 779 1158 mentio
794 1109 826 1158 rte
839 1114 927 1160 extrenu

131 1176 249 1228 unctione.
262 1179 321 1242 Ergo
343 1189 388 1227 non
407 1174 467 1226 esti
482 1174 573 1226 Christo
588 1175 704 1227 institute.

162 1253 186 1299 2.
202 1235 330 1308 Preteree,
341 1247 448 1309 Magister
464 1245 751 1310 expossuerunt,
769 1250 930 1302 Dietireetioer
957 1244 959 1325 i

131 1319 216 1383 llell,
231 1317 291 1383 quod
309 1322 344 1368 est
355 1317 488 1368 institutum
504 1317 532 1368 ab
546 1319 666 1382 apostolis.
681 1320 743 1384 Ergo
760 1320 814 1386 ipse
835 1322 929 1372 curisu
957 1328 959 1397 l

131 1404 173 1455 per
185 1405 210 1442 se
220 1404 267 1442 non
280 1389 388 1441 instituit.
957 1402 959 1451 p

164 1465 186 1512 t.
209 1464 335 1523 Pteleon,
350 1467 518 1514 sacramentnm
532 1463 591 1525 quot
607 1462 718 1513 Christus
732 1463 860 1526 instituit,
875 1465 931 1515 etun
957 1464 958 1467 ’

132 1533 182 1597 ipse
191 1547 232 1598 per
242 1547 267 1586 se
280 1532 395 1594 exhibuit,
407 1537 433 1583 ut
446 1537 511 1598 patet
525 1534 552 1584 te
562 1533 706 1584 noctuinis
717 1538 742 1585 et
750 1535 885 1600 Baptismo.
894 1535 929 1585 Cei

132 1605 177 1655 hoc
188 1608 353 1658 sacramentum
368 1605 425 1656 nulli
438 1605 488 1670 ipse
503 1605 613 1656 exhibuit.
627 1605 686 1668 Ergo
704 1619 746 1670 per
764 1620 792 1656 se
806 1621 858 1658 uon
872 1606 930 1657 iusti

134 1677 189 1728 tuit.

165 1749 211 1802 Sed
222 1755 300 1802 contu
310 1765 317 1800 ι
329 1749 473 1800 Sucronentu
482 1761 549 1800 nove
560 1747 618 1812 legis
628 1752 683 1798 sunt
695 1747 805 1812 digniora
818 1751 889 1816 quim
900 1764 931 1800 su-

135 1824 251 1873 oruurente
269 1820 351 1872 veteris
367 1819 434 1882 legis.
453 1820 500 1870 Sed
517 1819 594 1870 omniu
615 1826 760 1870 sacramenta
784 1823 876 1873 veteris
888 1821 932 1883 lep't
957 1828 958 1835 ’

136 1894 191 1944 sunt
203 1891 217 1942 i
230 1893 276 1944 lleo
298 1892 410 1942 institute.
423 1891 483 1954 Ergo
503 1890 577 1940 multi
597 1889 678 1941 lortius
698 1891 781 1942 ornnie
800 1896 933 1944 summonte

135 1976 201 2014 novae
219 1961 277 2026 legis
294 1963 379 2012 habent
392 1961 556 2012 institutionem
569 1961 661 2026 abipso
676 1962 782 2014 Christo.

166 2034 291 2095 Preterea,
301 2034 403 2097 ejusdem
415 2038 450 2083 est
459 2033 577 2084 instituere
590 2038 613 2084 et
622 2036 735 2083 statutum
746 2047 885 2087 removere.
900 2035 934 2085 Ser
957 2083 959 2096 ,

134 2101 234 2153 Eurlesia
244 2117 294 2168 que
305 2103 328 2154 in
340 2105 510 2154 successoribus
521 2103 680 2168 Apostolorum
689 2104 761 2154 hauet
772 2108 885 2158 eamdem
892 2118 936 2156 euc-
957 2120 959 2125 ·

133 2171 264 2238 toritatem,
281 2189 349 2238 quarn
363 2176 466 2240 Apostoli
478 2176 618 2233 habuerunt,
630 2188 678 2225 uon
694 2180 777 2240 posset
798 2179 893 2230 auterre
903 2190 934 2227 se·

135 2247 275 2294 uramentum
286 2249 394 2298 extremae
402 2245 525 2298 unctionis.
534 2246 594 2311 Ergo
604 2246 709 2309 Apostoli
721 2260 771 2296 nun
783 2247 936 2300 insutnuurt.

133 2313 174 2364 sed
186 2313 236 2378 ipse
248 2315 360 2368 Christus.

167 2385 322 2448 (Concnusro.
337 2416 369 2426 —
384 2389 497 2440 Extremae
514 2389 629 2440 unctionis
642 2393 834 2454 sacramentum,
850 2393 904 2442 cim
914 2403 935 2440 u
957 2398 959 2401 ·

133 2455 279 2508 institutione
291 2459 416 2510 elllceuiem
431 2460 523 2524 hebeat,
532 2473 584 2523 que
597 2459 623 2510 ei
637 2459 733 2510 nonnisi
745 2460 868 2514 (livinitus
881 2465 938 2514 luet
957 2462 959 2529 l

134 2527 251 2579 ichriuto
268 2527 340 2582 tuisse
351 2531 497 2595 institutum,
516 2531 577 2582 sieut
588 2535 613 2582 et
627 2535 710 2582 caewra
725 2541 894 2597 enemente,
907 2534 940 2586 lif-
957 2546 959 2557 ·

134 2599 212 2662 debet,
224 2601 329 2666 quemvis
343 2603 371 2653 ab
384 2604 501 2668 Apostolis
512 2603 679 2668 promulgatum
694 2601 756 2666 sit.)

164 2671 299 2734 llespoudeo
323 2673 443 2724 dicendum
455 2712 464 2738 ,
475 2673 536 2738 quod
551 2673 610 2724 circe
630 2675 675 2723 troo
689 2678 728 2724 est
749 2676 841 2740 duplex
859 2678 939 2742 opinio.

135 2739 231 2800 Quidam
244 2741 305 2792 enim
319 2743 410 2808 dieunt,
423 2745 485 2810 quod
500 2747 667 2796 strumentum
680 2744 760 2809 istud,
773 2752 802 2797 et
821 2749 939 2800 cononu-

136 2807 219 2872 tionis,
233 2811 338 2862 Christus
353 2827 399 2864 nou
410 2814 509 2868 instituit
525 2828 566 2881 per
579 2829 621 2878 se,
631 2816 674 2867 seul
684 2817 807 2879 nposrolis
823 2819 941 2870 instituet

138 2879 190 2929 durn
205 2881 304 2946 dimisit;
315 2884 369 2947 quie
383 2886 431 2938 neo
443 2887 488 2936 duo
499 2889 589 2953 propter
601 2887 768 2950 plenitudinem
783 2889 885 2954 graue,
899 2903 937 2952 put
