1942 3284
159 216 402 267 na-rnnrrurrnnrorm
416 215 468 255 uox
483 217 704 259 nxcouxunrnarrs.
788 210 833 259 ‘tlt

23 293 147 344 municato
160 292 217 343 licet
228 292 407 357 communicare,
417 294 513 345 sednon
526 294 579 345 licet
590 294 611 346 ei
625 298 766 345 sacramenta
780 308 835 347 con·

21 364 98 417 terre.
109 363 208 414 aliaest
219 364 292 426 major
301 364 546 429 excommunicationi
555 366 607 417 hec
617 368 708 429 separet
718 364 834 416 hominem

22 439 50 487 et
61 436 78 486 d
88 434 241 485 sacramentis
252 434 376 498 Ecclesiae,
390 437 413 485 et
427 434 441 485 d
453 436 613 503 cummunione
626 436 739 499 fidelium,
748 440 772 487 el
784 437 836 487 ideo

26 504 230 559 excommunicato
243 504 284 555 tali
291 505 527 557 excommunicatione
536 507 703 559 communicare
715 520 760 557 nou
772 507 834 561 licet.

23 576 73 629 Sed
87 576 264 641 duodecimo
280 576 540 628 excommunicationem
559 580 587 629 ad
602 578 729 641 medelam,
748 582 772 629 el
789 591 835 630 non

22 649 56 700 ad
80 647 201 699 interitum
227 647 331 709 inducit,
348 648 402 698 ideo
423 648 569 713 excipiuntur
588 650 615 699 ab
631 652 674 701 hac
689 650 837 714 generalitate

24 720 136 784 quonam
148 719 174 769 in
184 718 268 783 quibus
277 720 445 771 communiente
458 720 527 785 lieet,
543 720 630 771 scilicet
643 721 669 771 in
677 722 714 773 his
723 735 774 785 que
785 734 837 785 per-

23 792 105 843 tinent
115 790 145 842 ad
158 791 267 852 salntem,
278 790 369 854 quiade
385 790 469 841 minus
481 792 551 842 horno
565 790 628 842 licite
641 796 716 856 puteal
730 807 783 844 cunr
795 806 837 843 cx·

23 861 200 915 communicato
213 862 292 925 loqui;
306 865 382 926 potest
391 862 461 913 etiam
475 866 499 913 et
512 862 557 913 alia
570 863 640 913 rerba
655 864 800 929 interserere,
807 867 834 915 ul

22 933 123 985 facilius
134 934 204 985 uerba
218 947 248 985 ex
263 933 418 984 familiaritate
433 933 584 998 recipiantur.
600 934 752 996 Excipiuntur
767 936 837 987 etiam

23 1006 138 1069 quandam
150 1018 255 1070 personae
263 1042 271 1067 ,
279 1006 307 1055 ad
314 1018 371 1069 quas
380 1006 513 1070 specialiter
523 1005 621 1071 pertinet
631 1006 731 1069 provisio
743 1022 836 1059 excom·

23 1075 150 1140 manicati,
165 1076 253 1128 scilicet
263 1091 330 1141 uxor,
340 1077 409 1139 lilius,
421 1090 511 1140 servus,
520 1077 619 1127 rusticus
630 1080 653 1128 et
665 1078 777 1128 serviens.
790 1080 836 1129 Sed

23 1150 74 1200 hoc
82 1146 257 1211 intelligendum
267 1151 303 1199 est
312 1148 403 1199 delitiis
413 1161 459 1199 non
469 1148 629 1213 emancipatis,
641 1148 697 1199 alias
704 1152 837 1213 tenerentur

23 1219 101 1269 vitare
112 1223 209 1283 patrem.
224 1220 256 1270 lte
269 1219 321 1269 aliis
330 1224 408 1270 autem
420 1220 564 1282 intelligitur,
573 1218 633 1283 qudd
641 1220 694 1271 licet
702 1232 837 1271 excommu-

23 1292 105 1343 nicato
123 1291 299 1354 communicare,
313 1292 333 1342 si
346 1296 399 1342 ante
411 1292 672 1343 excommunicationem
684 1306 709 1343 se
718 1291 741 1343 ei
754 1292 837 1343 subdi-

23 1363 127 1425 derant,
141 1366 277 1415 nouantem
297 1362 391 1427 sipost.
406 1365 502 1423 Quidam
516 1368 593 1415 autem
607 1364 739 1428 intelligunt
752 1364 766 1417 i
780 1378 835 1415 oon-

23 1446 115 1495 verso,
133 1433 220 1485 scilicet
237 1434 300 1499 quid
321 1436 451 1499 superiores
467 1440 565 1500 possunt
583 1435 647 1487 licite
666 1436 836 1486 communicare

24 1504 193 1568 inferioribus,
208 1506 247 1556 alii
257 1506 313 1557 uerd
323 1508 462 1556 contrarium
475 1508 561 1557 dicunt.
578 1507 623 1557 Sed
637 1507 752 1557 adruinus
766 1507 790 1555 iu
799 1507 836 1559 his

24 1576 198 1629 communicare
220 1578 256 1627 eis
276 1578 375 1640 debent,
394 1577 517 1641 inquibus
535 1582 588 1628 sunt
606 1576 640 1627 eis
655 1577 763 1641 obligati,
778 1578 836 1640 qnia

25 1649 91 1701 mcut
107 1647 229 1699 interiores
242 1650 369 1713 obligantur
382 1651 411 1700 ad
425 1648 559 1712 obsequium
572 1649 730 1714 superiorum,
743 1649 776 1699 ita
796 1664 835 1699 sn-

26 1719 133 1785 periorcs
143 1719 172 1769 ad
181 1721 349 1784 providentiam
359 1720 501 1773 interiorum.
512 1720 569 1769 Sunt
583 1721 652 1770 etiam
665 1718 756 1783 quidam
770 1732 836 1769 casus

26 1789 139 1853 excepti,
152 1790 212 1841 sicut
227 1792 318 1855 quando
333 1792 450 1855 ignoratur
470 1790 693 1853 excommunicatio,
707 1793 732 1841 et
745 1790 836 1853 quando

25 1861 104 1926 aliqui
118 1865 173 1911 sunt
184 1863 301 1928 peregrini
314 1868 339 1932 et
350 1862 449 1914 uiatores
459 1863 484 1913 in
498 1867 557 1913 terra
570 1862 831 1924 excommunicaturum,

26 1937 72 2000 qni
84 1930 147 1981 icini
164 1939 261 1997 possunt
278 1937 307 1987 al)
321 1936 356 1986 eie
369 1948 445 1985 emere
456 1973 463 1995 ,
473 1935 513 1985 rel
528 1934 599 1985 etiam
618 1933 722 1997 accipere
735 1932 836 1983 elecmo-

26 2016 124 2069 synam.
139 2006 169 2055 Et
182 2004 288 2056 similiter
301 2006 418 2071 siciliquis
431 2006 507 2057 uideat
517 2004 739 2057 excommunicatum
752 2003 777 2054 in
793 2016 835 2053 ne-

26 2075 154 2136 cessitate,
169 2076 223 2138 qnia
240 2080 298 2127 tunc
310 2090 341 2127 ex
355 2081 469 2141 precepto
483 2076 603 2127 eharitatis
616 2079 707 2126 tenetur
723 2075 744 2127 ei
756 2074 835 2139 provi·

26 2149 102 2210 dere3
118 2150 141 2196 et
151 2146 197 2197 ista
214 2148 259 2198 lroe
273 2160 341 2198 uersu
354 2148 517 2199 continentur:

155 2258 220 2305 Utile,
233 2259 275 2305 lex,
288 2258 373 2305 humile,
387 2272 418 2297 res
430 2260 530 2307 ignorata,
545 2271 637 2297 necesse:

30 2362 64 2412 Ut
78 2360 144 2410 utile
154 2361 264 2417 referatur
276 2362 303 2411 ad
314 2361 383 2410 rerba
396 2362 486 2424 salutis,
496 2361 538 2411 lea
550 2362 578 2412 ad
590 2362 773 2425 matrimonium,
789 2360 837 2409 lcu-

30 2431 99 2483 mile
117 2433 145 2482 ad
157 2431 323 2495 subjectionem
339 2446 347 2481 ι
364 2435 447 2482 cetera
460 2436 549 2495 patent.

64 2502 102 2553 lid
117 2502 216 2565 nmmum
235 2517 290 2567 ergo
305 2503 426 2553 dicendum
438 2507 492 2563 est,
505 2502 566 2567 qudd
581 2502 705 2567 corporalia
720 2503 747 2552 nd
769 2500 838 2565 spiri-

28 2574 106 2625 tualia
117 2574 250 2625 ordinantur
265 2592 271 2624 :
284 2578 309 2626 et
323 2574 376 2625 ideo
387 2578 488 2639 notmtas
501 2590 552 2639 unm
566 2588 591 2625 se
606 2574 706 2626 extendit
725 2574 754 2625 ad
768 2573 838 2637 spiri-

27 2645 120 2704 tualia,
129 2644 198 2695 etiarn
208 2647 237 2695 ad
250 2648 375 2710 corporalia
389 2659 414 2696 se
427 2647 551 2697 extendere
564 2650 655 2710 potest,
666 2646 772 2700 siculam
785 2658 837 2708 quae

29 2720 69 2767 est
82 2717 111 2767 de
123 2716 185 2778 fine,
202 2716 299 2781 imperat
316 2718 344 2767 de
363 2717 400 2767 his
418 2730 469 2779 quae
486 2720 540 2766 scrut
559 2718 588 2769 ad
601 2716 683 2767 linem.

65 2788 100 2837 ad
116 2788 239 2837 secundnm
255 2789 389 2851 dicendum,
407 2787 467 2851 quod
484 2790 510 2837 in
528 2788 567 2838 illo
582 2800 637 2839 casu
652 2787 677 2837 in
690 2798 736 2850 quo
751 2786 838 2849 aliquis

28 2873 63 2911 ex
80 2863 192 2922 mumulo
209 2859 327 2909 enotatis
340 2858 510 2911 communicare
523 2862 623 2922 terretur,
635 2872 681 2911 non
694 2856 841 2922 promimur,

32 2933 60 2979 ut
78 2941 109 2979 ex
123 2927 190 2979 dictis
205 2931 282 2993 patet,
