1942 3284
141 207 172 244 us
187 205 374 246 cunemannus
389 205 423 244 cu
438 205 617 246 semmurum
632 205 751 247 nlrnsm.
800 199 846 248 lit
939 233 940 236 ,

71 282 182 334 innomine
200 282 320 334 Trinitatis
334 285 370 334 est
386 283 414 334 de
430 284 567 335 necessitate
589 284 709 350 baptismi,
727 285 760 337 ita
776 287 845 338 etiem

69 352 160 418 baptisare
177 354 238 406 trina
255 354 401 406 immersione
416 355 505 407 uidetur
520 370 570 409 esse
586 357 615 408 de
632 357 768 411 necessitate
784 359 847 424 bap-
939 359 940 362 ’

71 426 125 476 leni.

91 503 110 547 t.
121 500 241 564 Preterea,
257 499 278 550 si
294 501 353 550 trina
366 499 481 552 immersio
499 514 543 551 nou
555 501 585 552 sit
598 501 627 554 tle
640 503 775 554 necessitate
789 503 846 570 bap·

67 569 128 634 teni,
140 584 191 635 ergo
204 573 233 622 ao
248 571 345 637 primam
360 571 530 624 immersionem
544 571 625 636 aliquis
640 572 748 637 baptismi
763 587 849 626 conse·

67 643 126 704 quitur
136 649 309 696 sacramentum.
318 645 343 696 Si
351 659 405 710 ergo
416 645 510 696 addatur
517 645 616 696 secunde
625 646 662 696 uel
672 646 748 710 tertia,
759 647 849 698 uidetur

70 715 116 776 quii
130 718 228 770 secundo
250 719 289 769 uel
301 718 370 770 tertib
387 719 526 785 baptizetur;
542 719 602 784 quod
618 722 654 770 est
671 719 846 771 inconveniens.

70 785 163 853 Norergo
175 805 220 842 nna
231 790 347 841 immersio
360 790 444 841 sufficit
456 792 484 842 cd
498 795 662 842 sacramentum
673 791 795 856 baptismi,
809 792 848 844 secl

67 860 113 911 tina
123 863 210 915 ridetur
222 879 273 916 esse
286 866 315 916 de
323 865 459 916 necessitate
472 864 555 929 ipsius.

91 932 268 999 Sedmntroest,
281 939 342 1002 quod
351 938 472 1002 Gregorius
488 936 542 988 dicit
554 935 656 988 scribens
671 937 774 989 Leandro
788 937 850 1003 Epi-

69 1016 126 1069 scopo
142 1008 194 1068 (lib.
210 1011 234 1072 l,
246 1010 319 1074 Epist.
337 1009 401 1072 tlt:
420 1007 631 1073 «Reprehensibile
651 1023 701 1060 esse
722 1009 851 1062 umlcmnus

70 1079 131 1138 potest
144 1080 252 1131 imantem
267 1081 292 1131 in
306 1082 442 1146 baptismate
460 1082 498 1131 uel
511 1085 546 1132 ter
558 1080 594 1130 uel
611 1081 681 1131 semel
701 1080 848 1144 immergere,

69 1150 191 1208 meismet
208 1153 232 1203 io
246 1152 318 1203 tribus
332 1152 480 1204 mersionibus
494 1164 641 1216 personarum
660 1151 771 1214 Trinitas,
790 1157 813 1204 et
827 1153 851 1204 in

69 1232 104 1270 oua
114 1226 185 1286 potest
198 1224 326 1275 divinitatis
339 1224 483 1288 singularitas
496 1224 608 1288 designari
621 1226 664 1286 tt).
678 1240 692 1272 n

92 1292 363 1357 (enimuero-licite
376 1300 452 1360 potest
469 1295 577 1361 baptismi
596 1299 775 1357 sacramentum,
790 1296 850 1359 quoti

68 1362 144 1428 atejus
156 1371 258 1418 naturam
272 1367 366 1429 attinet,
381 1366 448 1417 unici
463 1367 502 1417 vel
517 1365 577 1416 trina
595 1365 673 1430 perlici
686 1366 850 1430 immersione3

68 1436 179 1502 etubrque
189 1440 271 1491 modos
284 1438 380 1490 diuersis
393 1439 421 1488 de
430 1437 505 1489 causis
519 1437 546 1488 ab
557 1437 656 1489 Ecclesia
665 1437 719 1488 olim
732 1435 851 1488 institutus

71 1505 109 1556 luit.
120 1509 182 1560 Nunc
192 1515 270 1561 muron
283 1523 330 1560 non
340 1511 390 1560 sine
403 1512 496 1575 peccato
509 1508 675 1559 ministraretur
688 1513 853 1562 sacramentum

73 1574 156 1653 baptimi
169 1583 259 1646 absque
276 1583 336 1633 trina
346 1581 517 1644 immersione.)

96 1651 219 1717 &pendeo
230 1655 359 1714 dicendum,
373 1649 443 1716 quod,
459 1652 518 1702 sicut
527 1650 592 1716 priis
606 1651 693 1702 dictum
707 1655 743 1702 est
758 1653 815 1716 (art.
829 1658 852 1716 7,

70 1721 133 1786 adil,
147 1727 174 1775 ad
190 1725 331 1787 baptismum
343 1738 384 1789 per
399 1738 424 1775 se
440 1723 563 1788 requiritur
571 1723 656 1774 ablutio
671 1736 747 1788 sque,
757 1737 807 1788 quse
821 1729 855 1776 est

69 1792 92 1841 dt
103 1797 233 1848 necessitate
247 1796 397 1860 sacrementi3
415 1797 496 1847 modus
513 1800 588 1846 auteur
606 1794 728 1846 ablutionis
740 1810 780 1860 per
794 1798 854 1850 acci-

69 1862 115 1915 dens
130 1880 153 1917 se
173 1868 243 1919 habet
262 1869 290 1917 ad
305 1870 480 1918 sacramentum.
501 1869 530 1918 Et
548 1866 612 1928 ideo,
627 1867 686 1918 sicut
701 1881 730 1918 ex
749 1869 855 1934 predicta

69 1937 188 1990 aucmmbte
198 1938 304 2002 Gregorii
316 1941 394 2003 patet,
404 1937 514 2002 quantum
527 1940 561 1990 est
574 1939 602 1989 de
613 1951 650 2000 se,
662 1941 782 2002 utrumque
793 1937 856 1988 licite

67 2005 108 2057 ieri
121 2013 205 2073 potest,
220 2009 307 2060 scilicet
330 2014 354 2060 et
371 2010 441 2060 semel
460 2013 485 2060 et
505 2013 541 2060 ter
558 2010 704 2074 immergere,
718 2011 770 2074 quia
788 2009 857 2061 unica

66 2075 199 2133 immersione
208 2081 350 2146 significatur
359 2083 436 2132 unitas
445 2083 525 2134 mortis
535 2082 651 2134 Christiet
661 2083 737 2133 unitas
752 2083 855 2146 deitatis;

67 2162 99 2211 per
107 2152 187 2205 trinam
201 2156 280 2204 autem
289 2153 458 2205 immersionem
469 2154 611 2218 significatur
620 2153 720 2204 triduum
734 2154 857 2218 sepulture

66 2221 146 2285 mrbti,
155 2229 179 2276 et
188 2225 257 2276 etiam
269 2224 369 2276 Trinitas
381 2239 537 2291 personarum.
552 2226 597 2277 Sed
610 2225 707 2278 diuersis
721 2239 750 2276 ex
762 2225 854 2290 causis,

68 2295 179 2347 secundior
203 2297 370 2348 ordinationem
392 2297 516 2359 Ecclesiae,
536 2298 671 2362 quandoque
693 2297 810 2348 institutus
825 2301 858 2350 est

68 2379 118 2417 mus
129 2370 217 2432 modus,
229 2369 365 2432 quaudoque
374 2369 439 2419 alius.
451 2369 510 2429 Quia
523 2370 583 2420 enim
596 2369 730 2434 iprincipio
745 2370 859 2422 nascentis

69 2435 179 2502 Ecclesia,
190 2441 285 2504 puidam
299 2440 327 2490 de
338 2440 448 2492 Trinitate
462 2439 520 2492 male
534 2441 676 2503 sentiebant,
688 2439 801 2492 Christum
814 2455 859 2504 pu-

70 2521 111 2558 rum
125 2513 239 2564 bominem
250 2526 301 2564 esse
311 2513 463 2576 estimantes,
478 2525 521 2564 nec
536 2513 579 2564 dici
589 2513 673 2564 Filium
686 2513 727 2564 bei
741 2517 764 2564 et
778 2513 858 2576 iteum,

73 2579 110 2630 uisi
120 2589 210 2648 propter
218 2585 324 2635 meritum
334 2585 394 2648 ejus,
406 2587 466 2648 quod
476 2583 589 2649 precipue
605 2585 650 2636 tuit
663 2585 688 2634 in
701 2588 773 2636 morte
787 2600 793 2634 :
808 2585 860 2634 ideo

74 2662 111 2701 oon
123 2655 266 2719 baptizabant
280 2657 304 2706 in
318 2657 410 2707 nornine
420 2657 553 2718 Trinitatis,
563 2657 603 2708 sed
613 2657 637 2706 in
647 2655 860 2708 commemoratione

75 2726 141 2777 mortis
152 2728 250 2789 Christi,
272 2732 295 2778 et
307 2727 354 2779 not
365 2727 521 2780 immersione.
536 2729 601 2790 Quod
618 2729 762 2792 reprobatum
780 2725 823 2776 iuuit
835 2725 861 2776 io

73 2795 175 2856 minino
189 2799 301 2852 Ecclesia.
316 2801 381 2852 bote
400 2802 425 2851 in
440 2801 534 2852 Conon.
550 2799 727 2863 Apostolorum
740 2801 804 2860 (can.
818 2795 861 2858 L.)

103 2939 131 3006 (¹)
142 2947 169 2996 lli
181 2947 300 3006 mooe,
313 2949 349 2998 Do
362 2949 569 3016 emeramni.
582 2945 608 3008 i,
622 2957 675 3004 cap.
691 2945 725 2992 De
737 2942 815 2990 mcc.

33 3027 34 3052 r
