1942 3284
110 154 141 202 td
292 165 353 202 nans
369 166 410 213 m,
428 164 520 207 cuasa.
538 164 610 211 nxrrr,
627 162 682 201 nnn.
700 164 727 199 n.
825 114 839 149 ¹

109 239 181 291 tiaris
197 239 288 290 diuina.
304 240 348 289 Sed
364 239 393 289 ad
409 243 473 288 actus
494 238 657 288 couvenientes
677 236 785 301 praesenti
800 238 928 293 Ecclesiae

110 310 247 374 deputantur
255 310 353 373 quadam
361 309 474 373 spirituali
484 309 600 372 signaculo
610 308 643 359 eis
653 308 777 371 insignita,
786 310 849 371 quad
863 312 931 363 cha-

108 386 184 432 racter
196 386 350 445 nuncupatur.

141 455 174 503 hd
188 454 312 502 secundnm
328 451 462 512 dicendum,
480 450 542 515 qnbd
558 452 675 501 character
690 449 770 500 anima
786 448 929 514 impressus

109 523 178 573 habet
194 524 305 573 rationem
317 522 391 585 sigui,
406 521 430 571 iu
445 526 555 584 quantum
567 535 606 585 pen
621 521 727 571 sensibile
743 527 926 575 sacramentum

107 596 262 660 imprimitur3
277 608 319 659 per
335 597 379 644 bcc
393 594 454 644 euim
468 594 540 643 scitur
556 593 638 656 aliquis
651 606 701 644 esse
714 592 845 657 baptismali
858 597 929 649 cha-

108 672 196 718 ractere
212 667 352 730 insignitus,
367 665 428 728 qndd
441 670 477 715 est
489 665 578 715 ablutus
591 665 649 728 aqua
664 665 776 715 sensibili.
792 664 929 718 Nihilomi-

109 752 154 789 nus
164 740 241 787 tamen
251 740 367 787 character
375 737 412 786 rel
426 737 566 799 signaculum
581 736 626 787 dici
638 740 726 799 potest,
743 738 930 799 perquamdam

111 808 296 868 similitudinem,
307 821 374 858 omne
389 808 449 871 quad
462 808 588 870 configurat
601 807 683 867 alicui,
699 806 736 855 rel
748 807 877 869 distinguit
894 812 929 862 ab

110 878 170 942 alic,
186 879 333 929 etiamsinon
345 880 375 928 sit
391 878 509 940 sensibile3
523 879 580 927 sicut
597 878 700 928 Christus
720 878 802 927 dicitur
814 895 829 925 u
843 881 931 943 ligura

108 951 148 1001 nel
165 952 280 1001 character
299 954 399 1014 pateram
419 950 568 1009 substantiae,
589 966 602 997 r>
619 948 742 1001 secundum
762 951 927 1015 Apostolum,

108 1021 194 1077 Heba„
210 1022 228 1071 l.

140 1094 175 1141 hd
186 1093 279 1143 tertium
292 1093 421 1153 dicendum,
430 1092 500 1155 quiid,
516 1090 650 1154 sicutsnpnh
664 1092 748 1141 dictum
763 1096 799 1141 est
810 1092 861 1155 (qu.
877 1098 927 1157 62,

108 1171 152 1214 art.
163 1167 202 1229 6),
215 1170 353 1215 sacramenta
367 1166 453 1214 uetanis
465 1164 523 1227 legis
542 1176 587 1213 nun
602 1164 717 1213 habebant
734 1165 757 1213 in
769 1178 794 1213 sc
807 1166 928 1227 spiritua-

109 1238 156 1288 lem
173 1238 280 1287 uirtutem
294 1238 322 1285 ad
336 1236 434 1301 aliquem
449 1236 590 1299 spiritualem
601 1236 706 1285 ellectum
721 1238 875 1298 operandum.
891 1242 926 1291 Et

109 1308 161 1359 idea
177 1308 202 1358 in
221 1306 268 1358 illis
282 1307 430 1357 sacramentis
450 1321 497 1357 nan
513 1308 669 1370 requirebatur
689 1306 772 1368 aliquis
788 1306 926 1371 spiritualis

109 1381 235 1440 character,
244 1379 285 1429 sed
294 1379 421 1429 sufficiebat
433 1379 464 1429 ibi
476 1378 598 1442 ccrpcralis
608 1378 763 1440 circumcisio,
773 1391 842 1441 qnam
852 1384 926 1444 ilpu-

110 1452 181 1502 stolns
194 1452 384 1514 «signaculum»
398 1450 510 1513 nominat,
525 1452 606 1507 liam„
622 1450 661 1500 ill.

406 1603 565 1655 antiatibus
580 1603 609 1653 ll.

247 1720 332 1765 Utrhm
342 1720 466 1764 character
474 1720 506 1763 sit
516 1718 651 1775 spiritualis
659 1721 769 1773 potestas.

141 1838 176 1888 hd
189 1840 312 1889 secundum
323 1837 356 1886 sic
365 1837 494 1901 proceditur
502 1838 544 1899 (it.
558 1836 652 1884 Videtur
664 1833 724 1898 quhd
738 1836 855 1886 character
865 1851 924 1893 uon

111 1911 144 1961 sit
153 1909 277 1975 spiritualis
287 1912 396 1971 potestas.
407 1908 527 1957 Character
538 1908 601 1957 enim
614 1907 673 1957 idem
683 1906 770 1957 ridetur
784 1920 835 1957 esse
849 1915 922 1972 quod

109 1983 197 2046 ligura3
215 1982 275 2031 rande
289 1980 373 2036 Heba„
384 1980 403 2041 l,
416 1979 454 2029 nbi
467 1978 550 2029 dicitur
564 1996 577 2026 n
590 1980 662 2041 ligura
673 1979 808 2029 substantia
818 1981 881 2044 ejus,
904 2000 922 2033 a

109 2052 135 2102 in
149 2066 223 2117 graec
240 2052 336 2101 habetur
352 2051 403 2100 lacn
417 2050 509 2113 figura,
527 2066 540 2097 a
559 2052 712 2099 character.»
728 2049 772 2099 Sed
786 2050 857 2113 ligura
880 2061 925 2107 est

109 2125 134 2174 in
145 2130 226 2188 quarta
239 2123 315 2187 specie
328 2123 457 2186 qualitatis,
469 2126 493 2172 et
508 2122 539 2173 ita
554 2124 628 2173 ditiert
642 2122 655 2173 h
669 2124 794 2187 potestate,
809 2137 862 2185 quaa
878 2132 921 2179 est

110 2196 136 2246 in
155 2197 252 2247 secunda
266 2194 343 2257 specie
365 2194 489 2257 qualitatis.
511 2194 632 2244 character
649 2205 703 2255 ergo
725 2198 825 2243 nonest
845 2195 922 2259 spiri.

111 2268 180 2318 tualis
192 2270 304 2330 potestas.

142 2343 167 2387 2.
178 2340 305 2394 Praeterea.
320 2337 442 2401 Dionysius
460 2337 527 2399 dicit,
544 2339 573 2388 11.
592 2350 643 2401 cap.
662 2336 755 2387 Ecclee.
774 2335 920 2397 hierarch„

96 2408 171 2473 ‚qubd
186 2427 200 2456 u
209 2408 285 2458 divina
296 2409 411 2459 beatitudo
420 2410 568 2459 accedentem
581 2410 609 2459 ad
620 2408 756 2471 baptismum
768 2406 793 2455 in
811 2406 847 2455 sni
860 2421 923 2470 par-

110 2479 267 2544 ticipationem
280 2479 377 2544 recipit,
389 2485 413 2531 et
424 2482 517 2545 propria
531 2479 630 2535 lumine,
646 2478 712 2541 quasi
723 2478 821 2541 quodam
834 2478 928 2545 signo,-

110 2552 157 2616 ipsi
169 2553 237 2602 tradit
254 2564 317 2601 suam
333 2553 548 2616 participationem
561 2568 575 2597 n
589 2555 612 2600 et
626 2551 659 2600 sic
674 2550 764 2599 videtur
780 2550 840 2613 quhd
860 2552 922 2605 cha.

110 2627 183 2675 racter
194 2624 225 2673 sit
234 2624 346 2687 quoddam
357 2625 442 2677 lumen.
455 2624 498 2674 Sed
512 2623 588 2673 lumen
603 2623 630 2671 ad
645 2622 736 2673 tertiam
749 2623 848 2685 speciem
858 2637 920 2686 qua·

110 2693 181 2745 litatis
192 2694 281 2745 ridetur
291 2696 414 2759 pertinere.
426 2696 476 2745 Non
490 2706 542 2756 ergo
557 2694 673 2745 character
684 2698 720 2744 est
732 2698 847 2757 potestas,
860 2710 918 2760 quar

111 2764 200 2816 ridetur
214 2765 243 2815 ad
255 2767 375 2817 secundam
388 2765 488 2830 speciem
500 2764 616 2827 qualitatis
628 2765 753 2829 pertinere.

146 2870 180 2937 (i)
197 2876 229 2921 Ite
239 2876 354 2924 bisetium
367 2877 410 2933 iv,
424 2873 502 2925 Seni„
515 2872 569 2920 dist.
579 2874 605 2935 l,
620 2888 658 2933 qu.
672 2872 695 2931 l,
710 2878 755 2921 art.
774 2873 796 2919 t.
