1942 3284
207 173 269 213 DE
301 173 584 214 mutemus
616 175 915 214 munuum!
950 171 1301 213 EUanmsnAE.
1469 165 1555 209 Htw:

24 253 90 302 Ad
114 253 313 316 primum
337 266 443 315 ergo
464 252 865 315 dicendum,un
888 252 1090 315 petimus
1108 254 1161 301 ut
1188 250 1276 301 hoc
1300 262 1555 300 sacramen*

0 338 52 373 im
96 325 158 374 sit
202 325 371 375 ablutio
418 326 637 375 scelerum
680 326 753 375 vel
792 338 976 387 eorum,
1007 337 1197 386 quorum
1233 322 1555 373 conscientium

0 411 45 446 >n
77 398 303 447 habemus
335 397 622 461 (secundum
658 397 766 446 illud
803 396 938 446 Psal.
977 396 1112 446 XVIII
1145 411 1156 444 :
1189 410 1216 441 «
1256 394 1321 444 Ab
1369 395 1559 444 occultis

0 468 66 518 eis
93 470 263 518 munda
301 480 402 529 me,
423 468 614 518 Domine
633 468 678 531 );
710 485 736 514 »
767 469 842 518 vel
870 472 922 517 ut
944 464 1156 517 contritio
1180 466 1226 515 in
1260 465 1390 516 nobis
1423 467 1555 528 perti-

2 544 97 589 atur
135 541 194 589 ad
230 540 455 590 scelerum
499 540 841 601 remissionem
878 540 953 589 vel
997 538 1132 589 etiam
1174 542 1225 588 ut
1257 537 1390 588 nobis
1426 539 1559 586 robur

0 615 85 660 {tur
110 612 169 661 ad
191 613 362 661 scelera
387 611 594 661 vitanda.

21 684 85 732 Ad
112 683 367 733 secundum
394 682 653 745 dicendum,
676 682 796 745 quod
821 682 1075 746 baptismus
1102 686 1173 732 est
1199 680 1445 745 spiritualis
1483 695 1535 743 ge

0 754 125 805 aratio
146 794 159 814 ,
192 768 294 818 quae
322 758 393 805 est
424 753 700 819 mutatioqde
728 768 818 805 non
846 769 949 803 esse
977 753 1199 817 spirituali
1220 753 1270 802 in
1296 766 1397 801 esse
1423 751 1556 815 spiri-

0 827 107 887 tale,
140 829 188 877 et
228 828 365 876 datur
398 840 483 890 per
518 826 699 877 modum
733 826 1004 887 ablutionis3
1034 829 1081 875 et
1116 826 1218 875 ideo
1255 828 1473 888 quantum
1503 827 1555 871 ad

0 902 233 962 trumque,
274 912 367 949 non
409 899 785 949 inconvenienter
829 897 1005 947 accedit
1044 899 1100 947 ad
1144 897 1446 961 baptismum,
1483 911 1556 959 ιῑμιι

0 968 89 1019 abet
110 970 445 1021 conscientiam
462 971 637 1034 peccati
662 971 879 1020 mortalis.
902 970 992 1020 Sed
1022 983 1103 1033 per
1119 970 1207 1019 hoc
1228 970 1559 1019 sacramentum

0 1053 91 1090 omo
116 1042 262 1092 sumit
288 1042 336 1091 in
365 1056 415 1091 se
446 1041 674 1092 Christum
694 1055 774 1106 per
795 1043 976 1092 modum
996 1040 1245 1105 spiritualis
1273 1038 1559 1092 nutrimenti,

0 1114 72 1162 uod
98 1126 193 1164 non
224 1114 443 1179 competit
468 1118 647 1164 mortuo
668 1114 715 1163 in
734 1114 950 1178 peccatis,
975 1114 1033 1163 Et
1052 1113 1157 1162 ideo
1180 1124 1271 1162 non
1298 1115 1368 1160 est
1396 1109 1555 1159 simui-

0 1185 88 1236 itio.

21 1258 83 1307 Ad
112 1258 305 1308 tertium
336 1258 606 1318 dicendum,
642 1256 761 1321 quod
790 1257 933 1320 gratia
966 1260 1035 1306 est
1064 1255 1299 1306 sufficiens
1325 1267 1462 1303 causa
1491 1267 1563 1303 iu-

0 1326 195 1379 uissionis
224 1329 402 1394 pcccati
428 1329 632 1380 mortalis
651 1344 666 1391 ;
686 1341 777 1379 non
798 1332 950 1377 tamen
969 1332 1078 1377 actu
1105 1326 1292 1377 remittit
1324 1327 1559 1389 peccaturi.

0 1402 175 1464 tortalc,
206 1401 302 1450 nisi
324 1401 429 1451 cum
457 1402 606 1465 primo
629 1401 760 1451 datur
783 1400 1030 1464 peccatori.
1047 1399 1123 1449 Sic
1146 1404 1297 1449 autem
1319 1410 1410 1448 non
1435 1396 1555 1446 dat-ui

0 1473 120 1524 thoe
150 1476 457 1525 sacramento.
493 1473 619 1524 Unde
644 1473 761 1524 ratio
798 1486 888 1523 non
929 1474 1154 1536 sequitur.

546 1651 872 1703 ARTICULUS
905 1651 983 1701 lv,

0 1779 139 1824 ltrt'tm
158 1790 253 1836 per
284 1778 369 1824 hoc
397 1780 753 1823 sacramentum
781 1776 1098 1820 remittantur
1122 1776 1315 1829 peccata
1347 1772 1567 1818 veniaiin.

28 1906 91 1954 Ad
125 1908 337 1969 quartum
382 1904 448 1955 sic
483 1903 766 1966 proceditur.
798 1902 989 1951 Videtur
1019 1900 1143 1964 quod
1180 1914 1262 1964 per
1290 1901 1380 1950 hoc
1412 1912 1571 1950 sacra—-

0 1981 166 2027 mentum
212 1989 304 2027 non
341 1977 632 2027 remittuntur
672 1978 859 2039 peccata
887 1972 1101 2022 venialia.
1132 1972 1233 2022 Hoc
1267 1971 1388 2022 enim
1426 1984 1570 2021 sacru

0 2052 199 2110 neutum,
224 2051 275 2097 ut
313 2047 595 2110 Augustinus
630 2046 738 2097 dicit
768 2060 923 2110 super
961 2047 1107 2095 Joan.
1142 2046 1313 2108 (tract.
1354 2046 1473 2104 26),
1503 2051 1563 2091 uu!

0 2135 1 2139 ¹
27 2123 358 2170 sacramentum
385 2119 642 2169 charitatis.
660 2135 687 2165 »
718 2119 802 2168 Sed
833 2116 1030 2168 venialia
1051 2118 1241 2179 peccata
1266 2128 1358 2165 non
1386 2123 1571 2164 contra-

0 2187 138 2239 iautur
174 2189 419 2250 charitati,
460 2193 510 2238 ut
544 2189 593 2238 in
631 2189 833 2239 secunda
873 2192 1001 2251 parte
1048 2186 1252 2236 habitum
1285 2190 1356 2237 est
1385 2187 1469 2250 (1,
1499 2187 1567 2239 lt,

0 2274 48 2319 iu.
77 2265 162 2323 88,
185 2266 273 2312 art.
304 2266 323 2310 1
364 2265 412 2312 et
430 2266 461 2310 2
481 2264 514 2321 ).
533 2258 648 2310 cum
679 2273 787 2323 ergo
819 2258 1094 2310 contrarium
1124 2258 1305 2308 tollatur
1332 2270 1413 2321 per
1439 2271 1571 2306 suum

0 2333 265 2395 :ontrarium,
296 2332 475 2383 videtur
499 2331 620 2396 quod
646 2335 831 2395 peccata
863 2330 1061 2381 venialia
1088 2342 1171 2393 per
1195 2330 1283 2379 hoc
1318 2342 1575 2379 sacramen⁵

0 2416 66 2451 um
93 2418 185 2455 non
212 2404 516 2455 remittantur.

38 2477 81 2523 2.
110 2476 339 2527 Praeterea
358 2514 371 2539 ,
402 2476 444 2525 si
477 2480 660 2540 peccata
687 2474 885 2525 venialia
910 2488 994 2538 per
1020 2475 1110 2524 hoc
1142 2476 1472 2523 sacramentum
1507 2491 1551 2523 n·

0 2543 229 2609 ninantur,
247 2561 336 2610 qua
365 2547 539 2597 ratione
564 2545 806 2597 remittitur
827 2560 967 2596 unum
985 2583 1000 2609 ,
1026 2545 1314 2596 remittuntur
1332 2547 1379 2593 et
1402 2547 1571 2593 omnin-

0 2615 63 2666 ied
93 2632 183 2671 non
215 2620 393 2669 videtur
416 2617 534 2681 quod
565 2619 715 2668 omnia
745 2619 1050 2679 remittantur3
1081 2620 1188 2681 quia
1218 2616 1286 2666 sic
1314 2616 1563 2679 frequenti-i

0 2685 137 2750 iliquis
167 2694 292 2741 esset
318 2690 490 2754 absque
518 2690 642 2740 omni
668 2694 857 2754 peccato
883 2689 1078 2750 veniali,
1107 2693 1268 2739 contra
1288 2686 1334 2735 id
1361 2687 1478 2750 quod
1511 2687 1571 2731 [ii-

0 2756 128 2811 :iturt
158 2762 363 2816 Joan.,1
386 2776 398 2810 :
427 2779 453 2809 «
480 2760 530 2811 Si
553 2761 799 2811 dixerimus
821 2760 925 2824 quia
949 2764 1184 2824 peccatum
1213 2771 1306 2809 non
1333 2757 1571 2807 habemus,

0 2831 65 2891 psi
88 2846 170 2885 nos
202 2832 482 2885 seducimus.
511 2850 537 2880 »ι
571 2834 669 2884 Non
696 2845 805 2895 ergo
834 2846 916 2896 per
943 2834 1033 2883 hoc
1057 2832 1391 2882 sacramentum
1421 2828 1568 2877 remit-

0 2898 86 2953 zitur
120 2906 305 2971 aliquod
329 2908 566 2971 peccatum
590 2903 788 2955 veniale.

1840 2925 1843 2931 —
1841 2910 1843 2915 —
1840 2837 1849 2863 v

1851 2959 1864 2976 D
1865 2896 1867 2899 Α

1879 2972 1888 2979 q
1875 2921 1884 2935 a
1881 2894 1883 2901 .
