1942 3284
115 224 146 273 aa
274 219 277 226 “
299 234 359 273 runs
373 231 413 283 nr,
429 230 523 277 onnsu
539 230 606 282 ιω,
621 229 677 271 aar.
694 230 727 268 rx.

406 414 567 467 marculus
582 416 622 467 lX.

186 543 271 589 Uirium
278 542 338 599 fides
346 542 454 588 ministri
463 542 497 587 eit
507 542 535 587 ‹ie
546 542 684 587 necessitate
694 543 848 587 sacramenti.

150 671 184 721 inl
196 683 282 721 nonum
301 669 335 720 sic
347 667 479 734 proceditur
492 668 537 733 (l).
557 668 651 721 Videtur
665 667 726 732 quid
739 668 795 719 tides
817 669 929 724 ministri

118 742 148 793 sit
168 742 196 793 de
215 740 352 792 necessitate
365 739 509 791 sacramenti.
523 738 657 791 sicutenim
669 739 753 790 dictum
765 743 801 791 est
814 740 872 804 (art.
887 744 926 808 8),

118 813 216 865 intentio
233 812 332 862 ministri
351 814 387 863 est
400 811 529 862 necessaria
546 811 575 861 ad
591 810 726 862 sacramenti
745 810 930 874 perfectionem.

119 885 165 936 Sed
178 885 255 935 otides
265 882 416 935 intentionem
428 882 519 945 dirigit,
529 900 543 931 u
556 886 582 933 nl
595 883 735 947 Augustinus
752 882 808 932 dicit
822 884 929 937 Contra

119 955 253 1005 talianum
264 954 319 1019 (lilr.
328 955 371 1019 lv,
384 968 436 1019 cap.
446 959 474 1019 a,
485 958 509 1005 et
519 954 651 1017 expressius
660 955 768 1018 Prasot.
780 955 807 1003 in
819 955 929 1008 esaim.

120 1027 217 1091 XXXl).
231 1028 298 1090 Ergo,
313 1026 334 1077 si
346 1025 407 1078 desit
419 1039 475 1077 uera
490 1026 546 1079 fides
559 1026 584 1077 in
603 1026 724 1087 ministro,
743 1038 789 1076 non
802 1026 933 1089 perficitur

120 1101 296 1167 sacramentum.

151 1173 176 1220 2.
188 1170 338 1232 materensi
353 1170 458 1221 minister
471 1169 576 1221 Ecoleuae
591 1182 669 1221 ueram
683 1167 751 1219 fidem
765 1181 811 1218 nnn
825 1168 929 1233 habeat,

82 1300 85 1303 ⁴
120 1241 210 1293 vilem
224 1254 276 1293 esse
284 1242 413 1293 hereticus.
427 1242 473 1293 Sed
486 1241 606 1305 haretici,
618 1244 643 1291 nt
654 1240 750 1302 videtur,
761 1252 807 1290 nnn
821 1247 932 1304 possunt

121 1317 261 1365 sacramanta
274 1314 391 1377 conterre;
405 1314 462 1364 dicit
473 1314 537 1363 enim
555 1312 680 1378 Cyprianus
692 1310 718 1362 in
733 1312 819 1371 Epist.
832 1318 933 1364 contro

121 1386 250 1437 haereticos
264 1386 321 1450 (lib.
334 1386 354 1436 l.
368 1385 492 1451 Epistol„
504 1385 577 1450 Epist.
592 1385 648 1449 llll)
661 1400 669 1433 t
685 1382 789 1435 «Omnia
803 1396 935 1447 quecum-

121 1470 167 1521 que
179 1457 268 1508 faciunt
280 1456 382 1508 heretici
393 1456 493 1508 carnalia
505 1460 574 1521 sunt,
584 1460 607 1509 et
621 1455 706 1518 inania,
714 1458 738 1507 et
751 1454 820 1518 talea,
831 1458 858 1505 ut
867 1457 933 1507 nihil

122 1541 200 1579 eornm
215 1542 266 1593 qua
283 1528 316 1578 illi
336 1529 448 1592 gesserint
467 1528 560 1579 anobis
580 1527 669 1593 probari
688 1527 778 1579 debeat.
796 1541 810 1573 n
827 1528 858 1577 Et
881 1530 934 1581 Len

121 1601 185 1665 Papa
194 1602 249 1652 dicit
262 1602 286 1652 in
297 1601 384 1667 Epist.
395 1601 431 1651 od
441 1601 545 1651 Leonem
559 1601 703 1664 Aupurtum
719 1598 802 1665 (Epist.
817 1598 932 1667 CLXV):

125 1673 294 1724 ollanilestnm
304 1678 340 1724 est
348 1687 390 1737 per
404 1672 584 1723 crudelissimam
593 1675 617 1721 et
628 1670 796 1721 insanissimam
804 1672 934 1723 vesaniam

123 1744 148 1793 in
166 1743 317 1796 Menandrina
337 1746 391 1796 seule
410 1757 476 1795 omne
489 1743 615 1794 caelestium
634 1750 827 1793 sacramentorum
846 1742 933 1796 lumen

124 1814 265 1879 extinctum3
280 1815 407 1879 intercepta
416 1819 453 1867 est
464 1814 571 1865 sacrificii
585 1812 684 1876 oblatio;
698 1812 780 1864 deiecit
793 1812 936 1867 chrismatis

126 1887 288 1949 sanctificatio,
304 1890 329 1937 et
346 1886 517 1950 parricidalibus
537 1884 643 1935 manibus
663 1883 785 1947 impiorum
803 1884 887 1936 omnia
908 1901 934 1938 se

125 1958 255 2009 subtraxere
265 1958 381 2023 mysteria.
398 1974 413 2005 n
427 1958 487 2021 Ergo
499 1969 553 2007 uera
567 1956 624 2006 tides
635 1954 733 2005 ministri
745 1958 783 2005 est
796 1955 826 2005 de
844 1970 935 2011 neces·

126 2027 194 2079 sitaie
210 2028 354 2079 sacamenti.

159 2105 183 2149 3.
196 2102 318 2165 Preietos,
327 2101 359 2151 illi
375 2100 469 2165 quinon
482 2102 568 2152 habent
577 2114 653 2153 ueram
667 2098 862 2163 alamoinorum
876 2116 934 2155 esse
958 2112 959 2133 ¹

130 2185 172 2237 per
187 2172 446 2225 excommunicationem
462 2175 491 2223 ab
506 2172 608 2223 Ecclesia
626 2171 743 2237 separati;
757 2170 841 2221 dicitnr
861 2176 936 2225 enim

125 2244 150 2295 in
166 2244 196 2295 ll.
213 2246 307 2295 Canon.
318 2246 408 2295 ioum:
423 2244 474 2295 «Si
488 2244 539 2309 quis
551 2242 614 2295 venit
625 2244 654 2295 ad
668 2257 723 2308 vos,
735 2246 758 2293 et
768 2243 828 2292 hanc
838 2244 934 2297 doctri·

127 2329 180 2366 nam
192 2317 325 2378 nuncient,
335 2316 406 2368 nolte
419 2330 471 2367 eum
479 2316 582 2381 recipere
593 2315 618 2366 in
627 2316 734 2376 domum,
748 2327 791 2365 nec
804 2313 855 2365 Ave
866 2317 937 2369 dixe-
957 2374 958 2391 χ

126 2388 178 2438 ritis
190 2388 228 2452 ei;
244 2405 258 2436 u
273 2393 297 2439 et
307 2388 342 2438 od
358 2388 480 2449 Tit.,1ll:
498 2405 511 2436 o
525 2386 661 2439 lleretioum
679 2386 796 2437 hominem
811 2390 864 2449 post
884 2392 936 2453 pri·
957 2396 958 2405 ¹

126 2472 187 2509 mam
195 2463 218 2510 et
228 2461 349 2511 secundam
361 2460 528 2524 correptionem
536 2460 621 2510 devita.
632 2476 646 2507 u
658 2459 703 2510 Sed
716 2458 937 2514 excommunicatus

127 2543 175 2582 nun
188 2532 278 2583 uidetur
297 2545 364 2596 posse
382 2532 485 2585 conterre
501 2532 609 2584 Ecclesia
629 2534 813 2591 sacramentum,
828 2528 885 2581 cim
908 2535 940 2585 ab

127 2604 228 2657 Ecclesia
241 2605 271 2655 sit
288 2609 422 2671 separatus,
437 2607 465 2657 ad
478 2605 545 2671 cujus
559 2605 709 2656 ministerium
726 2603 826 2668 pertinet
846 2616 936 2657 sacra-
956 2620 957 2668 l

128 2680 255 2727 menmium
272 2676 420 2742 dispensatio.
435 2678 494 2742 Ergo
509 2676 598 2730 uitetur
614 2676 676 2742 quid
689 2688 744 2727 uera
758 2675 815 2725 ides
826 2676 936 2729 ministri

128 2748 159 2800 sit
171 2750 199 2801 ola
208 2749 345 2802 necessitate
357 2750 503 2802 sacramenti.

130 2902 197 3014 util
211 2908 244 3014 ξε
262 2907 298 2953 nr·
315 2908 385 2954 enam
397 2908 440 2968 ru,
453 2906 532 2959 sone,
545 2906 598 2955 noe.
611 2906 643 2967 u,
657 2916 698 2963 qu.
710 2904 739 2965 1,
754 2910 797 2951 an.
815 2901 840 2963 a,
853 2917 941 2963 quos.
955 2898 956 2930 u

149 2981 203 3016 unc.
231 3003 238 3015 .
