1942 3284
105 170 150 217 448
265 179 325 216 rhos
341 179 380 228 111,
399 177 493 222 QUAEST.
510 179 614 229 dmin,
632 177 686 216 m.
705 179 743 217 111.

105 255 211 306 tratribus
219 291 227 319 ,
241 255 266 305 in
278 255 388 304 laicorum
402 258 477 304 autem
495 267 563 318 opera
578 255 636 319 (uel
649 256 747 320 mum)
763 270 812 308 non
825 258 904 309 dehent

105 327 203 378 admitti.
221 345 234 376 u
250 327 277 376 Et
293 325 368 382 iord„
385 325 485 389 legitur:
503 342 518 373 u
532 327 704 391 lithmeade,
720 331 839 389 cathedra,
850 343 903 378 can·

105 400 220 450 dolabrum
234 402 258 448 et
273 399 362 460 aelium,
375 398 394 448 si
406 397 491 448 luerint
501 401 615 449 uetustate
632 403 785 464 consumpta,
800 401 902 451 incendio

98 472 186 521 -dentur
196 511 202 532 ‚
212 471 301 522 cineres
316 483 405 534 quoque
420 482 498 520 eorum
512 470 536 518 iu
548 469 706 534 baptisterium
719 470 855 536 interantur,
866 477 904 522 aut

103 543 128 592 in
142 544 237 605 pariete,
248 549 288 592 aut
298 543 321 591 in
333 542 401 592 lossis
417 540 599 604 pavimentorum
608 542 735 605 jactentur,
747 556 777 593 ne
787 543 901 595 inhoeun·

107 615 163 664 tium
175 616 270 678 pedihus
287 613 444 676 inquinentur.

136 687 169 735 hd
182 691 291 750 quartum
300 685 427 747 dicendum,
439 685 499 748 oudd
512 685 566 748 quia
579 685 721 736 consecratio
729 686 808 738 altaris
820 700 900 751 repra·

105 761 179 808 seutat
197 759 341 807 sanctitatem
353 757 453 819 Christi,
471 757 611 807 consecratio
625 757 681 806 rech
700 758 782 808 domos
795 760 902 810 sanctita-

104 833 149 879 tem
163 828 370 890 rodmundum,
386 829 438 879 ideo
450 828 625 880 convenientius
643 829 752 879 recolitur
772 844 823 880 cum
838 845 901 881 sanc·

104 901 169 950 titate
188 907 211 951 et
231 899 373 952 solemnitate
390 901 531 952 consecratio
551 901 654 952 ecclesia
673 902 710 952 vel
730 903 823 963 altaris,
839 903 901 966 quam

104 972 258 1036 aliorumque
272 979 443 1036 consecrantum
455 973 618 1038 propterquod
632 974 703 1023 etiam
712 978 764 1024 octo
778 975 858 1024 diebus
867 988 901 1024 so

104 1045 211 1094 lemuitas
228 1045 375 1094 dedicationis
390 1045 472 1108 agitur,
492 1046 520 1094 ad
534 1045 705 1108 significandam
722 1045 811 1095 beatam
828 1059 900 1096 resur·

103 1116 226 1165 rectionem
237 1116 321 1164 Christi
334 1119 356 1165 et
368 1117 519 1166 membrorum
531 1115 648 1165 Ecclesia.
657 1117 705 1165 Nec
713 1121 750 1165 est
763 1130 819 1180 opus
831 1117 898 1166 solius

104 1187 203 1236 hominis
216 1187 353 1236 consecratio
366 1187 475 1238 Ecclesiae
492 1191 515 1236 et
530 1187 616 1248 altaris,
630 1187 681 1236 oiim
697 1189 780 1238 haheat
795 1188 899 1252 spiritua·

103 1259 149 1308 lem
169 1260 294 1317 virtutem3
310 1261 369 1310 unde
384 1261 420 1309 De
436 1261 638 1314 Consecrutr‘oue,
655 1260 709 1309 dist.
728 1261 807 1309 eadem
822 1259 899 1308 dicitur

104 1329 146 1393 (ex
162 1331 254 1379 Decreto
267 1330 348 1380 Felicis
363 1332 446 1394 Papa)
461 1347 467 1382 :
489 1349 503 1378 u
516 1331 677 1381 solemnitates
690 1331 855 1382 dedicationum
867 1343 899 1380 ee

104 1401 223 1452 etesiarum
240 1415 281 1465 per
298 1402 400 1464 singulos
419 1417 491 1453 annos
506 1403 637 1454 solemniter
657 1408 711 1453 sunl
727 1405 897 1454 celebranda.»

103 1473 166 1531 Quod
188 1477 263 1523 autem
290 1477 340 1524 octo
368 1473 448 1524 diehus
470 1474 571 1524 encenia
592 1477 646 1523 sunt
668 1474 815 1535 celebranda,
836 1475 861 1523 iu
879 1475 896 1522 l.

104 1547 172 1610 lieo..
193 1547 292 1610 perlecta
314 1545 454 1596 dedicatione
468 1547 547 1610 templi
566 1548 682 1610 reperies,
702 1545 790 1596 seilicet
802 1547 838 1596 lll.
858 1547 898 1594 lle-

103 1631 178 1681 qum,
194 1619 253 1668 Vlll.
309 1611 315 1624 '

134 1691 166 1740 hd
187 1689 291 1752 quintum
310 1689 447 1749 dicendum,
461 1689 522 1754 quod
537 1689 596 1739 sicul
614 1689 699 1752 legitur
715 1691 752 1738 De
774 1690 897 1739 Consecra-

105 1763 185 1820 tione,
200 1762 232 1810 l:
248 1779 261 1809 u
276 1761 374 1824 Altaria,
391 1761 411 1810 si
428 1774 474 1811 non
495 1761 578 1810 luerint
592 1760 682 1824 lapidea
694 1761 830 1810 chrismatis
845 1771 897 1808 uno·

103 1833 165 1884 lione
180 1846 226 1882 non
236 1837 403 1882 consecrentur.
415 1849 428 1880 u
442 1833 507 1891 Quod
519 1832 608 1896 quidem
620 1833 731 1895 competit
744 1829 893 1896 significationi

104 1905 172 1967 hujus
185 1903 334 1965 sacramenti,
350 1906 396 1952 turn
411 1903 466 1967 quia
477 1904 547 1952 altare
557 1902 671 1965 significat
684 1903 810 1966 Christnm3
822 1901 894 1952 dicitnr

103 1975 179 2024 adtem
193 1976 211 2024 1.
227 1974 295 2028 Coc,
309 1974 329 2022 ll
345 1989 350 2021 :
372 1991 386 2021 u
400 1975 467 2024 Petra
487 1978 562 2024 autem
577 1975 758 2037 eratchristus3
771 1973 893 2024 tumeliam

103 2045 156 2107 qnia
173 2057 255 2106 corpus
272 2042 359 2092 Ghristi
373 2044 397 2094 in
412 2046 533 2109 sepulchro
556 2045 646 2108 lapideo
660 2045 703 2095 luit
723 2046 892 2095 reconditum.»

103 2115 219 2178 Competit
231 2114 299 2163 etiam
309 2115 382 2176 quoad
392 2129 459 2165 usum
471 2116 609 2164 sacrementi
621 2131 627 2164 :
640 2114 699 2180 lapis
712 2117 806 2166 enimet
818 2115 892 2166 solidus

103 2189 147 2248 est,
158 2190 181 2235 et
194 2186 223 2235 de
234 2185 295 2234 lucili
309 2190 385 2248 potest
400 2187 500 2237 inveniri
518 2187 612 2250 ubique,
622 2188 683 2252 quod
699 2201 746 2238 non
759 2191 808 2239 erat
822 2198 891 2236 neces
944 2206 945 2267 u

103 2257 185 2308 sarium
195 2257 219 2306 in
229 2257 301 2307 veteri
315 2259 375 2321 lege,
383 2258 422 2308 uhi
434 2258 503 2309 debat
513 2259 538 2308 in
548 2273 593 2309 uuo
605 2259 656 2310 loco
664 2259 742 2311 altore.
752 2261 815 2319 Quod
824 2263 888 2308 autem
944 2296 945 2347 1

103 2330 221 2380 mandatur
238 2329 307 2380 altare
320 2330 370 2380 lieri
385 2333 412 2382 de
430 2338 503 2393 terra,
517 2333 553 2382 vel
569 2333 597 2383 de
610 2331 724 2396 lapidibus
738 2331 841 2392 insectis,
855 2327 889 2377 rm
944 2350 945 2415 r

102 2402 129 2451 ad
143 2401 292 2452 idololatriam
307 2404 475 2454 removendam.
944 2422 945 2467 3

134 2474 168 2524 dd
180 2478 267 2524 sextum
281 2475 412 2536 dicendum,
426 2475 487 2539 quhd
503 2477 562 2526 sieut
573 2477 596 2526 in
609 2476 758 2527 distinctione
772 2477 846 2527 eadem
859 2472 887 2521 di·

102 2547 168 2606 nitur,
187 2559 236 2610 cap.
254 2547 319 2596 Voou
331 2547 374 2611 (l);
392 2563 406 2595 u
418 2548 531 2611 qruondam
545 2549 674 2598 sacerdotes
694 2561 740 2598 nou
753 2547 836 2608 aureis,
853 2543 886 2593 sel

102 2616 182 2679 ligneis
202 2617 310 2668 calicibus
331 2619 461 2683 utebantur,
481 2620 622 2684 zepherinus
642 2624 719 2670 autem
737 2621 797 2684 l‘apa
811 2615 886 2682 patenis
944 2616 945 2681 l

103 2690 180 2741 uitreis
193 2691 284 2741 Missam
295 2691 402 2742 celebrari
413 2693 542 2742 coustituit.
552 2694 637 2744 Deinde
648 2693 752 2743 Urbanus
761 2691 833 2745 omnia
841 2688 885 2737 feeit

103 2767 217 2826 argentea.
236 2779 249 2809 u
264 2763 408 2829 Postmodum
429 2767 505 2814 eutem
521 2768 630 2815 statutum
652 2767 687 2815 est
702 2782 715 2812 u
731 2768 758 2816 ut
779 2764 834 2814 calix
849 2761 885 2809 oe

26 2959 105 3242 h

135 2902 168 2965 (l)
187 2907 222 2951 Ex
236 2904 338 2953 Gouoilio
352 2904 509 2966 Trlhuriensi‚
525 2917 578 2964 cup.
595 2905 632 2951 la.
