1942 3284
456 107 548 151 33ss
827 112 947 151 PARS
972 112 1028 148 m
1043 136 1056 160 ,
1082 112 1270 157 QUAEST.
1297 112 1442 161 Lux,
1467 110 1578 148 Aar-
1619 110 1667 147 V-

456 204 621 255 corpus
647 188 819 239 Christi
844 187 895 237 in
916 186 1070 251 spec-ie
1099 187 1394 249 sacramenti;
1417 184 1616 236 secundo
1629 222 1646 248 ‚
1675 185 1790 249 quia
1815 185 1936 236 iuud

460 271 609 311 rutum
648 260 872 326 processit
907 273 966 309 ex
1002 258 1257 309 intentione
1301 257 1493 308 nocendi
1532 256 1719 308 Christo
1741 295 1754 319 ,
1786 271 1884 308 non
1923 270 1942 306 a

456 335 548 383 ‘huc
576 336 827 399 peccatum.

528 407 588 455 „tri
626 405 870 454 secundum
905 402 1171 462 dicendum,
1208 399 1331 463 quod
1360 400 1606 451 fornicator
1633 399 1876 465 accipiens
1912 414 1942 449 οι

460 476 651 536 Christi,
673 479 955 541 comparatur
978 476 1104 524 Judae
1131 471 1364 522 Christum
1390 471 1646 534 osculanti,
1666 471 1893 535 quantum
1919 486 1942 520 a

467 563 524 595 [sii
536 551 540 596 Ι
552 548 771 599 'it-udinem
793 546 997 605 criminis
1018 545 1144 611 (quia
1160 549 1349 607 uterque
1365 556 1423 594 ex
1433 544 1564 608 signo
1579 545 1819 594 charitatis
1836 545 1942 595 Chri

464 620 655 671 offendit
673 620 692 684 J
713 633 727 679 ;
757 623 1028 670 nontamen
1049 616 1268 681 quantum
1297 616 1354 665 ad
1375 615 1578 665 criminis
1601 616 1927 679 quantitatem,

468 695 604 743 uti-arn
642 690 772 756 priiis
804 690 976 740 dictum
1013 693 1103 739 est.
1133 688 1239 739 Haec
1273 691 1422 736 tamen
1450 686 1654 737 criminis
1694 688 1942 737 similitudo

472 763 621 813 minus
649 762 869 827 competit
902 760 1002 811 aliis
1037 758 1354 823 peccatoribus
1394 757 1528 821 quam
1563 758 1939 820 fornicatoribus3

476 839 520 883 et
552 848 629 899 per
656 835 744 885 alia
768 837 955 898 peccata
981 831 1190 882 mortalia
1213 830 1359 893 agitur
1387 834 1542 881 contra
1564 830 1836 881 charitatem
1863 833 1939 881 Ch

476 907 607 971 cujus
641 907 822 970 signum
850 908 921 956 est
952 906 1044 954 hoc
1077 907 1438 964 sacramentum,
1465 906 1512 953 et
1548 902 1676 952 tanto
1709 903 1868 967 magis,
1898 918 1942 967 qi

476 980 661 1039 peccata
692 981 801 1027 sunt
827 976 1052 1040 graviora.
1083 972 1342 1025 Secundum
1367 974 1474 1037 quid
1491 977 1648 1023 tamen
1675 981 1912 1039 peccatum
1935 980 1942 1025 1

480 1050 667 1100 rationis
688 1048 831 1112 magis
852 1047 1000 1098 reddit
1022 1046 1259 1096 hominem
1278 1046 1483 1109 ineptum
1503 1047 1556 1095 ad
1575 1047 1918 1111 perceptionem

480 1121 776 1183 sarci-amenti,
816 1120 1115 1182 inquantum
1161 1118 1337 1168 scilicet
1369 1132 1451 1181 per
1487 1119 1573 1168 hoc
1614 1125 1855 1181 peccatum
1895 1134 1942 1183 sp

484 1191 677 1243 ariarime
708 1191 831 1242 carni
870 1190 1140 1251 subjicitur,
1171 1193 1218 1239 et
1247 1190 1310 1239 ita
1339 1190 1584 1253 impeditur
1610 1189 1768 1241 fervor
1797 1192 1942 1241 dilecti

484 1267 560 1323 qui
592 1262 832 1327 requiritur
859 1263 906 1311 in
927 1263 1016 1311 hoc
1037 1264 1338 1311 sacramento.
1373 1262 1482 1311 Plus
1506 1266 1663 1311 tamen
1689 1263 1912 1325 ponderat
1934 1262 1942 1310 i

488 1339 733 1385 dimentum
761 1334 906 1397 ipsius
940 1332 1196 1394 charitatiS‚
1216 1331 1351 1395 quam
1380 1332 1572 1383 fervoris
1598 1332 1734 1396 ejus;
1761 1334 1882 1383 unde
1908 1337 1942 1383 et

488 1411 633 1455 catum
656 1405 951 1469 infidelitatis,
975 1405 1095 1467 quod
1117 1403 1324 1454 funditus
1341 1410 1520 1468 separat
1535 1405 1770 1455 hominem
1797 1407 1854 1456 ab
1874 1406 1942 1455 Ec(

488 1479 679 1541 unitate,
698 1477 969 1541 simpiiciter
985 1476 1231 1539 loquendo,
1250 1475 1447 1526 maxime
1460 1476 1694 1527 hominem
1712 1477 1942 1542 ineptumz

492 1551 544 1599 zui
584 1551 920 1614 susceptionem
961 1550 1102 1613 hujus
1136 1547 1435 1611 sacramenti,
1475 1550 1597 1613 quod
1638 1552 1712 1599 est
1753 1563 1942 1600 sacram*

492 1621 809 1673 ricciesiasticae
838 1620 1053 1677 unitatis„
1083 1623 1134 1668 ut
1160 1619 1298 1682 supra
1332 1620 1505 1670 dictum
1537 1623 1607 1670 est
1636 1619 1749 1684 (qu.
1795 1626 1876 1684 73,
1899 1634 1942 1670 ar

496 1695 618 1744 [nde
644 1698 693 1744 et
718 1693 901 1757 gravius
929 1694 1088 1756 peccat
1115 1690 1313 1741 infidelis
1345 1691 1578 1755 accipiens
1606 1693 1694 1742 hoc
1723 1705 1942 1742 sacramen

496 1767 627 1827 quam
655 1766 805 1817 fidelis
827 1768 1068 1829 peccator3
1100 1765 1148 1813 et
1171 1763 1590 1827 magis’contemnit
1620 1764 1860 1814 Christum
1878 1804 1892 1825 ‚
1930 1779 1942 1815 ε

496 1835 601 1885 rium
635 1836 758 1901 quod
789 1841 861 1887 est
886 1836 971 1886 sub
994 1837 1084 1885 hoc
1121 1840 1428 1899 sacramento,
1452 1836 1778 1899 praesertim‚si
1811 1850 1905 1887 non
1940 1859 1942 1878 ι

500 1908 729 1959 titii-istum
748 1908 856 1959 vere
885 1908 969 1957 sub
988 1908 1077 1957 hoc
1107 1911 1387 1957 sacramento
1406 1920 1504 1957 esse
1522 1945 1536 1970 ,
1565 1908 1672 1971 quia
1699 1907 1921 1970 quantum

500 1991 568 2039 se,
588 1980 800 2031 diminuit
822 1978 1105 2029 sanctitatem
1126 1979 1264 2041 hujus
1283 1978 1582 2038 sacramenti,
1600 1982 1647 2029 et
1667 1979 1888 2029 virtutem
1922 1979 1942 2027 ί

496 2052 722 2115 superantis
757 2051 806 2099 in
840 2052 927 2100 hoc
952 2054 1264 2112 sacramento,
1295 2051 1414 2114 quod
1437 2054 1508 2100 est
1533 2055 1828 2101 contemnere
1854 2050 1942 2114 ipsi

496 2128 771 2175 *ramentum
790 2122 837 2171 in
864 2121 1036 2186 seipso.
1052 2122 1226 2172 Fidelis
1247 2127 1400 2173 autem
1417 2161 1430 2187 ,
1460 2123 1664 2187 quicum
1687 2123 1942 2174 conscienti

496 2197 584 2247 rati
612 2195 769 2256 sumit,
793 2196 1046 2245 contemnit
1074 2196 1162 2244 hoc
1201 2199 1550 2256 sacramentum,
1582 2208 1676 2245 non
1710 2194 1759 2243 in
1798 2196 1942 2259 seipso

492 2267 715 2331 quantum
756 2266 813 2316 ad
846 2280 1012 2330 usum,
1038 2266 1227 2330 indigne
1263 2266 1508 2330 accipiens.
1562 2268 1688 2317 Unde
1734 2270 1783 2317 et
1829 2270 1942 2332 Apos

495 2343 524 2391 Ι-
556 2343 693 2396 Cor„
724 2340 783 2390 XI
804 2378 816 2401 ,
849 2340 1091 2405 assignans
1113 2340 1333 2391 rationem
1357 2341 1497 2405 hujus
1523 2341 1732 2405 peccati,
1765 2341 1875 2391 dicit
1901 2357 1913 2391 :
1941 2367 1942 2380 κ

492 2412 744 2475 dijudicans
770 2424 935 2476 corpus
964 2412 1171 2473 Domini,
1190 2429 1218 2459 »
1243 2412 1296 2461 id
1317 2415 1415 2471 est,
1442 2426 1534 2463 non
1557 2412 1821 2463 discernens
1852 2412 1942 2477 ipsu

492 2483 592 2531 titiis
630 2482 776 2545 cibis;
808 2484 928 2546 quod
962 2481 1158 2535 maxime
1187 2482 1298 2532 facit
1334 2482 1410 2533 ille
1443 2484 1523 2547 qui
1552 2497 1646 2534 non
1685 2484 1831 2535 credit
1861 2484 1942 2533 Chr

488 2567 588 2603 esse
615 2556 700 2605 sub
728 2556 815 2605 hoc
850 2559 1151 2606 sacramento.

552 2626 616 2676 nd
631 2626 816 2677 tertium
837 2627 1100 2691 dicendum,
1118 2625 1335 2690 quoditie
1360 2627 1441 2690 qui
1457 2627 1701 2691 projiceret
1719 2630 1808 2679 hoc
1827 2640 1942 2679 sacra

492 2703 584 2747 turn
628 2698 676 2747 in
714 2698 885 2760 lutum,
921 2699 1065 2749 multo
1098 2696 1280 2761 gravius
1312 2702 1551 2761 peccaret,
1586 2699 1725 2763 quam
1751 2700 1829 2751 ille
1861 2698 1934 2763 qui

488 2768 768 2821 conscientia
813 2770 993 2834 peccati
1025 2768 1228 2821 mortalis
1271 2769 1329 2819 ad
1363 2769 1452 2820 hoc
1484 2776 1817 2822 sacramentum
1852 2782 1942 2821 acce

488 2839 630 2903 primo
656 2840 859 2905 quidem,
878 2842 989 2906 quia
1007 2842 1082 2893 ille
1109 2842 1200 2892 hoc
1219 2840 1391 2891 faceret
1418 2854 1478 2892 ex
1498 2840 1754 2894 intentione
1776 2842 1942 2906 injur-iai
