1942 3284
270 195 301 230 nn
315 193 371 231 niun
385 193 462 232 nurus
476 194 635 232 sacramenia.
807 183 853 232 sen

82 270 116 320 ad
131 282 221 320 nonum
234 269 368 333 dicendum,
380 270 440 334 qu'od
452 271 556 321 sacerdos
575 285 621 321 non
631 270 690 334 petit
702 283 777 334 neque
792 272 853 335 quod

33 343 140 406 ,species
164 342 341 392 sacramentales
366 342 497 394 deierantur
514 342 538 391 ia
558 343 657 404 coelunr,
676 355 748 404 neque
762 355 854 407 corpus

52 413 137 464 Cbristi
150 427 247 473 verum,
262 416 320 477 quod
335 415 367 464 ibi
384 428 435 464 esse
451 428 497 465 non
515 414 613 476 desinit;
625 414 667 464 sed
684 413 742 478 petit
755 415 800 464 boc
813 429 854 478 pro

51 497 146 548 corpore
163 485 259 548 rnpstico
274 487 351 548 (quod
371 486 459 536 scilicet
476 486 501 535 in
519 487 563 536 boe
580 490 720 535 sacramento
734 485 850 548 signitica-

51 559 105 620 tur),
117 562 143 607 ut
156 557 245 608 scilicet
254 557 368 608 orationes
378 559 501 609 sacerdotis
510 562 533 608 et
542 558 628 623 populi,
638 559 733 622 angelus
741 557 853 608 assistens

53 629 136 680 divinis
162 628 279 694 mysteriis
302 631 347 680 Deo
367 635 530 694 repraesentet,
552 628 676 680 secunddm
695 629 750 679 illud
768 629 853 693 apoc,

52 700 118 749 vill:
138 717 152 746 u
168 699 277 752 Ascendit
287 699 363 750 lurnus
378 700 523 751 incensorum
538 701 566 751 de
576 699 728 750 oblationibus
742 699 778 763 (1)
789 714 854 750 sane·

55 773 144 831 torum,
160 772 188 820 de
203 785 273 820 manu
288 771 370 834 angeli.
390 789 403 817 rr
417 771 517 821 sublime
534 775 609 821 aulem
624 771 692 820 altare
711 770 753 820 liei
771 771 854 822 dicitur

54 843 88 892 sol
107 842 161 905 ipsa
177 841 279 892 Ecclesia
298 842 457 906 triumphans,
473 842 497 891 in
515 855 583 906 quam
602 841 719 891 transferri
740 842 852 905 petimus„-

54 914 88 962 uel
103 914 156 978 ipse
176 915 250 974 Deus,
262 913 328 977 cujus
343 913 542 976 participationem
557 913 663 977 petimus.
686 913 716 964 lle
731 914 774 964 lanc
785 913 853 964 etiam

54 985 115 1035 altari
126 987 210 1036 dicitur
223 986 318 1042 Educet..
328 987 386 1036 llll:
401 985 470 1036 «Non
484 986 594 1036 ascendes
609 986 635 1035 ad
645 985 715 1034 altare
729 998 803 1035 meum
813 999 854 1048 per

53 1059 152 1118 gradus,
173 1075 187 1106 »
204 1058 292 1120 idest,
306 1055 430 1108 secundino
452 1057 570 1119 Glossam,
585 1074 598 1104 u
612 1056 636 1106 iu
648 1056 756 1106 Trinitate
772 1058 855 1120 gradus

54 1139 98 1178 nou
118 1129 201 1179 lacics.
216 1146 229 1176 n
245 1129 285 1179 Vel
298 1141 338 1192 per
357 1128 461 1191 angelum
475 1127 611 1191 intelligitur
624 1127 674 1190 ipse
687 1127 802 1187 Christus,
815 1129 854 1191 qui

53 1205 87 1249 est
97 1217 110 1248 u
122 1201 202 1264 magni
216 1200 305 1251 consilii
317 1201 415 1263 Angelus
424 1201 467 1263 (bt,
483 1216 498 1246 o
510 1200 549 1262 qui
558 1213 639 1264 corpus
652 1213 718 1249 snum
734 1201 853 1264 mysticum

24 1273 25 1276 ’
53 1272 97 1322 lieo
112 1273 175 1322 Patri
187 1272 319 1337 conjungit,
332 1277 354 1322 et
369 1271 478 1322 Ecclesiae
496 1270 654 1335 triumphanti.
669 1269 698 1321 Et
707 1276 798 1336 propter
811 1272 855 1322 boc

55 1348 122 1394 etlam
142 1344 212 1395 llissa
225 1345 363 1406 nominatur,
378 1343 430 1407 quia
444 1357 485 1407 per
499 1344 604 1406 angelum
616 1345 721 1394 sacerdos
734 1357 814 1408 preces
827 1345 854 1396 ad

55 1417 122 1466 lleum
134 1417 223 1478 mittit,
234 1417 293 1468 sicut
307 1415 405 1480 populus
419 1428 460 1479 per
474 1414 626 1478 sacerdotem
637 1414 676 1464 uel
688 1415 741 1481 qnia
752 1415 856 1465 Christus

55 1493 86 1538 est
103 1489 182 1542 hostia
197 1488 263 1540 nobis
273 1490 340 1538 missa
350 1487 363 1538 d
372 1489 433 1550 beo;
446 1489 506 1538 unde
520 1492 543 1538 et
555 1486 579 1536 in
591 1487 636 1538 dne
650 1486 725 1538 disse
739 1487 855 1549 diaconus,

56 1561 77 1610 in
96 1561 189 1612 festivis
206 1561 301 1624 diebus,
321 1561 429 1624 populum
449 1559 569 1621 licentiat,
584 1559 662 1608 dicens
680 1575 686 1608 z
703 1576 717 1607 u
735 1561 768 1609 lte
789 1560 857 1610 llissa

56 1639 102 1696 est;
118 1652 133 1681 r
154 1632 241 1684 scilicet
257 1632 331 1683 hostia
347 1632 374 1682 ad
389 1633 460 1683 lteum
482 1644 523 1695 per
536 1629 659 1692 angelum,
677 1634 702 1679 ut
722 1629 809 1681 scilicet
828 1629 857 1679 sit

56 1706 99 1756 beo
112 1709 216 1769 accepta.

57 1815 90 1860 vel
105 1814 233 1862 secundnm
247 1814 443 1870 Theodotionem
459 1813 624 1872 inflammavit
635 1824 679 1857 scre
691 1815 774 1869 s'poem
787 1815 855 1859 misit

55 1890 129 1934 cuper
142 1889 247 1924 mutiero
259 1878 327 1935 ejece,
337 1877 409 1922 ueluti
419 1888 447 1922 ca
461 1877 579 1933 probem
590 1875 638 1929 vel,
652 1875 779 1920 secundnm
789 1877 855 1933 Syn*

57 1943 180 2000 maehum,
195 1941 324 1986 delectatus
341 1943 374 1986 eat
387 1940 417 1984 e'tc
436 1937 579 1984 metatoribus
596 1938 664 1996 eice,
678 1939 745 1995 quasi
762 1951 790 1984 ee
800 1951 853 1986 cusan

58 2005 173 2060 veluptate
186 2003 327 2060 respiciam
341 2004 392 2058 uel,
406 2001 532 2048 secunddm
546 2001 672 2046 editionem
687 2005 775 2059 syram,
792 2015 854 2048 ccm-

58 2067 151 2120 ptcccil
161 2067 209 2112 eibi
223 2079 297 2124 crepes
304 2065 408 2110 munera
417 2066 478 2122 ejus.
491 2068 524 2110 lle
535 2065 634 2110 Abrahae
643 2070 721 2109 antem
730 2064 852 2124 sacrificio,

60 2132 151 2180 Genea..
172 2131 228 2187 XV,
251 2129 312 2186 quod
334 2135 456 2186 propterea
471 2129 493 2173 ei
512 2133 596 2172 terram
616 2127 776 2183 promissionis
793 2131 855 2176 Deus

60 2189 163 2250 dederit}
184 2193 243 2237 sicut
267 2199 290 2236 et
306 2191 399 2240 Genea,
411 2192 490 2246 xxti,
504 2190 566 2246 qubd
588 2197 682 2246 propter
702 2196 854 2247 spontaneam

60 2253 199 2300 oblationem
221 2255 287 2299 isaac
298 2286 304 2311 ‚
315 2254 359 2298 etsi
372 2253 448 2310 reipsa
467 2265 515 2298 non
535 2251 678 2309 perlectam,
694 2265 772 2298 semen
794 2253 855 2298 itlius

61 2318 190 2371 promiserit
202 2317 409 2374 multiplicandum.
425 2318 457 2360 Dc
474 2315 644 2362 Melchisedech
657 2317 713 2360 item
726 2315 855 2374 sacrificio,

62 2382 154 2430 dener„
176 2382 242 2434 xlv,
258 2380 320 2436 quod
339 2379 472 2426 Abrahemo
486 2378 530 2434 ipsi
551 2379 739 2424 benedictionem
756 2380 857 2425 dlvinam

61 2441 202 2500 impetrarit,
216 2455 268 2498 quac
280 2454 333 2498 cap.
347 2454 397 2499 seq.
411 2441 559 2487 describitur.
765 2492 767 2495 ¹

94 2510 126 2575 (l)
136 2515 180 2562 Vel
189 2514 218 2560 de
229 2513 391 2562 crottooe'bce,
398 2517 424 2557 ut
432 2525 499 2558 sacer
508 2518 585 2560 textus
596 2513 677 2569 habet,
685 2514 752 2569 iuxta
761 2525 860 2570 grecum

62 2571 217 2644 προσευχαῖς
233 2577 273 2622 sed
292 2577 321 2622 ad
342 2575 473 2622 oblationes
486 2576 569 2623 selenci
580 2576 651 2623 etiam
662 2582 753 2633 potest,
767 2581 863 2632 propter

63 2645 196 2702 adiunctum
214 2648 387 2698 incensorum,
404 2648 452 2693 sive
467 2645 636 2716 θυμιαμάτων,
651 2652 676 2693 nt
700 2649 725 2694 in
744 2647 863 2702 impressis

65 2720 148 2772 passim
163 2725 188 2765 et
204 2719 230 2763 in
241 2721 396 2778 manuscripto
411 2720 462 2778 ipso
476 2719 590 2765 Summe.

64 2854 73 2894 t
94 2789 126 2852 (2)
140 2794 171 2838 Ut
190 2790 277 2835 dicitnr
290 2793 363 2842 leci..
379 2793 423 2851 tx,
437 2791 461 2851 6,
475 2793 542 2848 juxta
558 2790 687 2838 versionem
704 2789 735 2834 70
748 2789 865 2844 interpre-

73 2862 117 2899 um.

727 3018 770 3067 13*
