1942 3284
126 149 181 215 'tto'
272 176 475 230 surrmmnm,
491 173 581 223 onem.
598 175 779 227 innume-1.

125 256 187 305 retur
208 252 239 303 ei.
253 252 299 303 Sed
320 251 342 303 si
359 255 453 317 peccata
464 252 539 317 quoad
557 252 648 317 culpam
665 251 810 317 remitteret,
824 264 930 318 coepere

124 328 187 376 retur
195 323 218 375 ei
228 323 252 373 in
263 324 410 376 mundatione
420 322 534 383 interiori.
542 324 602 388 ereo
616 326 720 387 potestas
734 324 839 375 clarium
850 337 899 377 nou
907 337 929 375 e

125 395 230 448 extendit
250 396 278 447 ad
291 396 365 461 eulpae
381 395 551 446 remissionem.

157 468 279 530 Preterea,
291 470 409 531 peceatum
421 479 468 517 uon
480 466 613 529 remittitur,
627 465 674 517 nisi
685 476 727 532 per
737 465 857 531 Spiritum
868 480 930 521 mu·

125 544 184 590 tum.
199 539 244 590 Sed
257 540 310 590 dare
322 538 430 603 spiritum
444 540 548 589 sanetum
560 550 606 589 nou
619 540 655 589 est
668 536 769 603 alicujus
782 538 932 603 hominis,rt

126 610 152 661 iu
169 612 188 660 1.
204 609 245 659 tib.
259 611 339 667 sect„
354 610 407 661 dist.
423 612 468 671 tt,
481 608 590 675 Magister
608 608 675 661 dixit.
694 609 758 673 Ergo
776 622 825 660 nee
845 616 933 677 mucan

126 679 241 732 remittere
252 680 327 745 quoad
337 680 438 747 eulpam.

158 749 317 816 (Coretusro.
339 751 447 803 -Solus
460 750 521 801 Dens
533 750 629 802 remittit
639 762 681 815 per
694 762 721 801 se
732 750 835 817 cuipam
846 767 854 802 z
865 764 934 803 sacer·

126 825 168 876 dos
183 822 239 875 rard
253 823 430 875 ministerialiter
446 822 530 873 uirtute
543 822 664 889 potestatis
679 820 801 885 clavium,
814 837 870 889 que
883 835 933 889 qut-
961 848 962 857 κ

126 895 247 949 dammodo
261 894 379 945 ordinatur
393 894 422 945 ad
435 894 510 957 culpe
524 892 708 959 remissionem.)

157 966 295 1030 despondeo
312 964 448 1028 dicendum,
459 964 522 1029 qudd
538 968 677 1017 sacramenta
688 960 844 1029 (secundum
864 966 932 1033 aure

127 1051 196 1101 nem,
209 1038 249 1088 lin.
261 1038 299 1087 De
311 1038 503 1093 sacramentis,
514 1039 575 1101 part.
585 1036 629 1099 tx,
640 1048 693 1099 cap.
708 1037 755 1098 2),
768 1052 785 1084 u
794 1048 826 1087 ex
841 1036 934 1089 mnudi·

127 1109 218 1161 catione
232 1108 371 1159 munditiem
384 1106 480 1170 gratian
494 1107 621 1159 contiuent.
632 1122 646 1154 e
659 1106 708 1157 Sed
717 1107 866 1171 hujusmodi
877 1122 933 1160 saur

127 1180 223 1233 tidcatio
235 1180 370 1245 quaudoque
387 1179 417 1230 ad
427 1179 589 1234 uccecsttatcn
598 1178 737 1231 sacramenti
747 1179 884 1243 requiritur
894 1186 935 1231 ιιι
962 1204 963 1215 i

128 1253 154 1303 in
167 1251 275 1313 materia,
288 1249 357 1315 quam
370 1249 525 1313 inminutae,
539 1250 597 1301 sicut
610 1253 673 1314 patet
694 1248 722 1299 in
741 1250 935 1313 confirmatione
962 1228 963 1303 i

128 1327 225 1375 etstunc
236 1322 273 1372 ris
286 1321 456 1372 emunctis
467 1325 504 1372 eet
514 1322 539 1371 iu
549 1324 646 1385 utroque
656 1319 820 1385 conjunctim.
835 1323 938 1383 Quande

127 1407 173 1460 que
183 1398 261 1445 autem
270 1407 298 1445 er
311 1392 449 1444 necessitate
463 1392 599 1445 sacrarent
613 1405 658 1443 nou
668 1391 799 1456 requiritur
813 1394 864 1447 nisi
878 1406 937 1446 nant·

127 1465 223 1518 tidcatio
232 1465 341 1529 materie,
352 1464 413 1515 sicut
425 1463 451 1514 iu
460 1462 584 1529 baptismo,
593 1463 645 1527 quia
656 1474 703 1513 nou
717 1463 795 1515 habet
810 1464 936 1516 ministrum

54 1590 55 1593 ,
129 1536 304 1590 determinatum
319 1534 429 1600 quantum
442 1534 518 1586 adsui
534 1534 708 1597 necessitatem
724 1538 750 1585 et
768 1538 833 1587 tuuc
847 1538 898 1588 iota
909 1534 937 1584 r‘c

129 1606 299 1663 sacmmentaiis
311 1606 416 1658 consistit
426 1605 452 1656 in
466 1604 571 1657 materia.
588 1604 728 1669 Quandoque
742 1606 805 1659 vero
819 1608 852 1659 de
867 1620 935 1660 necte

130 1681 195 1735 strae
211 1680 346 1731 sacramenti
361 1678 484 1743 requiritur
496 1678 649 1741 consecratio,
667 1676 706 1727 nel
723 1676 891 1731 sanctificatio
903 1676 936 1729 mi

130 1752 198 1804 nistri
213 1752 265 1803 siue
276 1751 351 1815 aliqua
366 1749 546 1801 sanctificatione
559 1748 671 1812 materie3
686 1749 709 1799 et
718 1748 780 1799 tuuc
797 1752 852 1801 teta
861 1750 897 1801 ris
910 1760 939 1800 tr

130 1823 275 1875 eramentaiis
294 1821 399 1873 consistit
417 1822 442 1871 in
461 1820 582 1885 ministro,
596 1820 654 1871 sicat
672 1820 706 1869 est
728 1818 755 1869 iu
775 1822 938 1885 paenitentia:

130 1895 192 1947 unde
207 1895 287 1946 eodem
299 1894 366 1945 modo
380 1906 405 1945 se
416 1892 485 1943 habet
495 1894 597 1957 potestas
609 1890 721 1953 clarium,
736 1904 794 1955 quae
811 1896 854 1944 est
869 1893 896 1945 iu
909 1904 940 1943 st·

131 1968 231 2028 cerdote,
246 1966 273 2016 ad
291 1965 398 2016 effectum
415 1964 554 2016 sacramenti
572 1961 724 2029 penitentie,
746 1962 815 2015 sicut
834 1978 863 2016 se
882 1964 942 2016 urta

131 2038 205 2089 dnus
216 2048 267 2100 que
276 2039 311 2086 est
321 2035 346 2085 iu
359 2048 419 2101 aqua
428 2034 535 2100 baptismi
549 2036 577 2086 ad
591 2032 697 2085 effectum
714 2032 845 2099 baptismi.
860 2034 942 2103 Bapti·

131 2112 273 2159 merentem
289 2112 314 2157 et
328 2109 494 2158 sacramentum
510 2104 652 2172 penitentie
665 2104 814 2156 conveniunt
835 2108 942 2172 quodem

131 2179 198 2230 modo
210 2178 235 2228 iu
249 2176 346 2241 effectu,
363 2178 417 2245 quia
434 2181 555 2243 utrumque
570 2180 647 2229 centra
662 2172 754 2241 eulpam
765 2178 898 2230 ordinatur
912 2178 941 2231 tt-

132 2248 204 2314 recte,
217 2251 277 2315 quod
286 2262 334 2301 non
346 2253 383 2301 est
391 2249 423 2300 itt
436 2250 464 2299 de
477 2248 529 2299 aliis
543 2248 688 2300 sacramentis
701 2263 707 2298 :
720 2248 763 2298 sed
778 2248 808 2298 in
824 2251 875 2302 hoc
884 2250 942 2302 dide

131 2325 198 2383 runt,
217 2321 272 2387 quia
292 2323 458 2373 sacramentum
479 2319 633 2385 penitentie,
648 2316 676 2369 ed
694 2317 757 2382 qadd
779 2321 864 2373 habet
883 2326 941 2375 arur

131 2390 279 2458 suscipientis
294 2391 360 2457 quasi
374 2391 516 2456 materiales,
529 2403 574 2442 uon
587 2392 662 2455 petest
675 2388 724 2439 dari
743 2388 792 2439 nisi
805 2392 913 2459 adultis,
924 2394 942 2443 iu

131 2464 215 2535 quibm
225 2464 347 2529 requiritur
363 2462 496 2527 preparatio
510 2462 538 2513 ad
552 2460 722 2526 suscipiendum
735 2459 859 2515 eiiectum
875 2476 944 2517 saun·

132 2540 271 2587 mentorum.
284 2535 328 2587 Sed
338 2534 464 2598 baptismus
479 2534 615 2599 quandoque
628 2532 693 2583 dator
706 2530 814 2593 adultis,
829 2540 858 2586 et
875 2550 943 2603 quau-

132 2608 207 2671 doque
219 2607 309 2671 pueris,
328 2610 352 2657 et
372 2606 423 2657 aliis
442 2606 572 2655 urentibus
591 2618 635 2655 usu
652 2604 747 2655 rationis
766 2611 813 2656 :et
834 2606 893 2661 ideo
910 2620 944 2675 per

132 2676 269 2740 baptismum
285 2676 353 2727 datur
371 2676 444 2739 gratia
458 2680 482 2727 et
498 2676 604 2727 remissio
622 2678 766 2741 peecatorum
788 2678 879 2740 pueris
900 2678 945 2731 siue

131 2746 207 2811 aitqua
222 2747 259 2797 sut
274 2747 437 2811 preparatione
456 2747 616 2812 precedente,
630 2758 676 2797 uon
696 2749 775 2797 autem
797 2749 907 2815 adultis,
923 2751 945 2801 iu

131 2818 214 2878 quidm
220 2816 367 2881 preerigitur
374 2818 508 2883 preparatio
517 2830 637 2870 removens
645 2816 769 2869 fictionem.
777 2816 840 2877 Quae
849 2821 943 2885 quidem

130 2885 264 2947 preparatio
274 2888 409 2953 quaudoque
422 2886 528 2952 precedit
543 2892 661 2952 tempore,
676 2886 796 2939 antidana
811 2888 847 2940 ad
860 2892 941 2956 gratie
