1942 3284
1439 0 1462 37 ’ἲ

317 55 346 82 ,rt

263 196 327 232 mr
358 194 453 232 usn
484 194 817 234 Eucmntsruss
850 198 898 234 ut
929 196 1166 236 connum.
1424 188 1515 234 ΠΒ

0 273 381 337 [Βοιωωειο.-
413 271 531 321 Chm
558 285 719 336 corpus
755 272 930 323 Christi
950 273 1002 323 in
1027 276 1308 325 sacramento
1341 287 1519 337 semper

0 347 180 394 maneat
210 346 354 393 donec
382 343 560 405 species
588 345 941 395 sacramentales
969 348 1346 408 corrumpantur,
1379 346 1519 397 etiam

0 420 115 466 ustos
140 415 351 485 homipes
372 414 544 465 Christi
572 429 735 479 corpus
768 417 1038 467 manducare
1065 417 1420 481 consequitur.)

0 486 251 552 despondeo
284 487 558 549 dicendum,
586 487 706 550 quod
729 488 853 537 circa
879 488 966 538 hoc
987 488 1166 550 quidam
1191 489 1370 552 antiqui
1390 503 1515 539 erra-

0 567 85 608 unt
103 559 306 609 dicentes
318 597 335 623 ‚
352 558 476 622 quod
500 572 663 621 corpus
691 559 855 609 Christi
874 572 959 609 nec
981 560 1117 609 etiam
1135 561 1519 611 sacramentaliter

0 630 287 680 ›eccatoribus
311 629 532 690 sumitur,
561 631 639 680 sed
671 630 805 694 quam
843 630 935 682 cito
968 631 1099 682 labiis
1123 633 1376 696 peccatoris
1407 645 1519 683 eon-

0 702 131 765 gitur,
155 705 249 751 tam
286 700 376 751 cito
416 702 501 752 sub
527 702 768 764 speciebus
794 702 1195 753 sacramentalibus
1228 702 1399 753 desiuit
1419 717 1519 755 esse

0 788 91 836 pus
114 772 304 823 Christi.
334 774 423 823 Sed
456 774 543 823 hoc
566 778 635 823 est
668 786 935 837 erroneum;
966 776 1152 835 derogat
1181 775 1302 824 enim
1337 775 1519 825 veritali

0 845 63 905 jus
96 844 400 905 sacramenti,
430 846 484 894 ad
514 858 646 907 quarn
670 846 900 909 pertinet,
938 846 1060 897 sicut
1086 845 1222 907 supra
1253 846 1422 895 dictum
1451 851 1519 895 est

0 932 45 965 u.
78 921 134 965 76
162 920 210 966 et
252 917 383 980 77),
415 915 533 979 quod
571 918 857 967 manentibus
883 917 1122 980 speciebus
1163 930 1324 981 corpus
1350 917 1519 967 Christi

0 1004 11 1038 i
50 988 116 1038 eis
146 1001 248 1038 esse
286 1002 379 1038 non
413 988 608 1038 desinat.
646 989 831 1052 Species
877 994 1028 1039 autem
1063 993 1278 1051 manent,
1308 991 1519 1053 quamdiu

0 1061 180 1112 »stantia
206 1060 338 1125 panis
365 1065 566 1111 maneret
586 1098 603 1123 ,
627 1062 667 1110 si
698 1062 761 1111 ibi
790 1062 989 1124 adesset,
1019 1064 1069 1110 ut
1097 1060 1232 1125 supra
1253 1060 1427 1111 dictum
1455 1067 1523 1111 est

0 1148 39 1181 u.
76 1133 191 1196 77).
217 1131 503 1183 Manifestum
541 1138 611 1183 est
648 1136 800 1183 autem
834 1132 957 1196 qudd
991 1133 1242 1183 substantia
1281 1134 1414 1199 panis
1442 1147 1523 1183 as-

0 1209 109 1269 npta
130 1205 155 1255 a
181 1209 415 1269 peccatore
437 1242 449 1264 ,
468 1218 559 1255 non
584 1204 737 1255 statim
765 1219 865 1255 esse
888 1205 1071 1267 desinit,
1089 1206 1168 1256 sed
1195 1211 1348 1255 manet
1367 1219 1523 1268 quam-

0 1322 2 1326 .
39 1291 119 1341 per
150 1277 345 1328 calorem
388 1278 638 1327 naturalem
678 1278 923 1341 digeratur.
968 1280 1098 1330 Unde
1146 1278 1319 1328 tamdiu
1364 1292 1527 1342 corpus

0 1349 99 1399 risti
139 1350 223 1399 sub
266 1349 506 1413 speciebus
543 1351 946 1401 sacramentalibus
984 1350 1191 1401 maneta
1220 1350 1530 1415 peccatoribus

0 1422 140 1485 nptis.
185 1422 315 1471 Unde
343 1421 580 1471 dicendum
608 1426 708 1482 est,
748 1422 867 1485 quod
896 1427 1107 1486 peccator
1139 1421 1527 1472 sacramentaliter

0 1508 90 1557 'pus
129 1493 305 1543 Christi
339 1492 611 1544 manducare
634 1498 809 1558 potest,
833 1499 879 1545 et
907 1509 1000 1546 non
1023 1493 1170 1545 soliim
1197 1496 1366 1558 justus.

0 1568 55 1616 Ad
83 1566 279 1630 primum
307 1580 414 1628 ergo
441 1567 704 1630 dicendum,
732 1567 853 1630 quod
877 1568 1016 1618 verba
1047 1568 1122 1617 illa
1154 1571 1201 1617 et
1229 1566 1394 1616 similia
1421 1571 1527 1616 suni

2 1639 219 1702 elligenda
246 1638 303 1688 de
328 1638 552 1701 spirituali
577 1638 946 1700 manducatione,
969 1652 1069 1701 quae
1097 1637 1412 1701 peccatoribus
1439 1651 1527 1687 nun

0 1710 141 1759 ivenit
175 1724 187 1758 ε
223 1713 270 1759 et
296 1710 399 1759 ideo
442 1723 503 1760 ex
536 1723 676 1774 pravo
711 1710 946 1760 intellectu
987 1711 1146 1759 horum
1183 1708 1422 1758 verborum
1453 1711 1531 1755 ri*

0 1796 59 1831 2ur
84 1781 331 1845 praedictus
354 1795 479 1832 error
506 1783 800 1846 processisse,
828 1782 936 1832 dum
963 1780 1230 1831 nescierunt
1254 1778 1531 1843 distinguere..

0 1867 44 1903 er
80 1854 360 1916 corporalem
400 1858 447 1903 et
482 1854 763 1918 spiritualem
797 1854 1212 1903 manducationem.

0 1928 59 1984 Ad
88 1928 337 1984 secundum
372 1927 611 1977 dicendum
632 1965 647 1989 ,
672 1927 788 1991 quod
812 1926 993 1977 etiamsi
1018 1924 1216 1975 infidelis
1249 1928 1398 1975 sumat
1421 1938 1523 1988 spe-

2 2013 23 2048 s
69 1999 457 2061 sacramentaleS,
488 2013 651 2063 corpus
690 1998 862 2049 Christi
904 1998 988 2049 sub
1029 1998 1310 2047 sacramento
1341 1997 1479 2046 sumit
1519 2011 1531 2043 t

0 2075 50 2123 de
84 2075 328 2123 manducat
371 2073 603 2123 Christum
646 2073 1051 2133 sacramentaliter,
1091 2071 1132 2121 si
1173 2072 1220 2135 ly
1255 2085 1535 2120 sacramen-

0 2145 114 2195 liter
140 2144 413 2195 determinat
439 2146 626 2195 verbum
658 2158 716 2195 ex
747 2150 875 2209 parte
900 2142 1192 2204 manducati3
1229 2142 1266 2192 si
1297 2147 1451 2192 autem
1479 2159 1535 2191 eir

0 2222 60 2266 rte
100 2217 442 2277 manducantis,
487 2220 596 2266 tunc
634 2214 817 2280 proprie
856 2216 1112 2278 loquendo,
1149 2228 1243 2265 non
1295 2215 1535 2264 manducat

0 2287 380 2346 eramentalz'ter
398 2328 413 2344 ,
449 2289 555 2352 quia
582 2301 675 2338 non
702 2289 844 2338 utitur
870 2301 925 2338 eo
950 2288 1072 2350 quod
1105 2285 1270 2350 accipit
1302 2289 1353 2334 ut
1389 2298 1536 2335 sacra—

0 2364 111 2420 ento‚
139 2362 220 2411 sed
244 2364 294 2409 ut
316 2360 516 2425 simplici
541 2360 670 2425 cib03
691 2360 779 2411 nisi
813 2360 927 2410 forte
950 2360 1148 2409 infidelis
1172 2359 1432 2409 intenderet
1462 2371 1535 2407 rs-

0 2444 90 2493 pere
125 2432 239 2481 illud
278 2433 399 2495 quod
433 2432 638 2482 Ecclesia
680 2431 893 2490 confert,
925 2432 1033 2481 licet
1061 2445 1152 2481 non
1181 2431 1368 2480 haberet
1405 2430 1539 2479 fidem

4 2517 92 2553 ram
114 2506 236 2555 circa
263 2505 380 2555 alios
406 2505 645 2564 articulos,
665 2509 740 2553 vel
769 2506 907 2555 etiam
932 2502 1052 2554 circa
1073 2504 1160 2554 hoc
1187 2505 1539 2552 sacramentum.

9 2576 70 2624 Ad
88 2575 269 2625 tertium
301 2576 541 2626 dicendum
560 2614 572 2638 ,
603 2576 722 2639 quod
745 2575 925 2626 etiamsi
956 2588 1057 2624 mus
1086 2575 1160 2624 vel
1194 2573 1320 2623 cauis
1347 2571 1543 2622 hostiam

0 2652 248 2698 nsecratam
279 2648 541 2708 manducet,
568 2648 821 2698 substantia
848 2645 1052 2709 corporis
1075 2644 1245 2694 Christi
1265 2658 1362 2694 non
1379 2643 1543 2693 desinit

0 2732 38 2767 se
74 2721 155 2770 sub
187 2720 457 2783 speciebuS,
484 2720 704 2783 quamdiu
737 2719 914 2783 speeies
944 2718 1033 2768 illae
1063 2721 1274 2779 manent,
1314 2719 1403 2766 hoc
1440 2719 1511 2765 est
1531 2755 1543 2771 ,

0 2790 155 2841 iamdiu
174 2790 431 2841 substantia
459 2791 590 2855 panis
623 2796 845 2849 maneret;
869 2790 992 2840 sicut
1006 2789 1164 2852 etiam,
1189 2789 1230 2838 si
1251 2788 1547 2853 projiceretur

20 2861 171 2912 lutum.
205 2863 303 2911 Nec
337 2863 427 2911 hoc
460 2862 607 2925 vergit
644 2863 693 2913 in
721 2859 1040 2913 detrimentum
1079 2860 1315 2925 dignitatis
1344 2859 1539 2921 corporis

0 2932 108 2989 hristi
128 2970 140 2997 ,
164 2934 250 3007 qui
276 2932 426 2985 voluit
443 2933 465 2982 a
488 2934 799 3007 peccatoribus
816 2932 1021 3000 cruciligi
1048 2935 1223 2995 absque
1243 2927 1547 2989 diminutione

111 3122 135 3146 ς,
