1942 3284
112 162 145 209 ιι
294 168 354 206 rans
370 169 410 217 ru,
428 165 611 217 causamur,
628 165 685 203 aar.
704 166 728 203 v,

145 250 168 295 3.
176 247 299 306 Praeterea,
315 245 419 292 cessante
432 241 477 291 fine
485 278 493 304 ,
509 254 597 291 cessare
611 241 677 293 dehet
691 242 792 293 etiamid
807 244 867 306 quod
879 250 917 296 cst

113 319 142 369 ad
156 318 236 375 finem,
250 314 351 377 alioquin
364 314 446 363 frustra
462 317 590 363 remaneret
605 328 610 361 :
630 312 688 363 sicut
701 317 753 378 post
764 316 915 368 resurrectio-

112 404 166 441 nem
179 401 227 438 uon
238 387 281 437 erit
292 384 473 447 matrimonium,
483 384 538 449 quia
551 383 648 435 cessabit
664 386 792 449 generatio,
808 388 916 451 adquam

113 460 231 511 ordinatur
242 456 419 507 matrimonium.
435 456 515 506 Cultus
526 458 602 506 aulem
612 456 723 518 exterior,
736 458 763 507 ad
779 472 847 521 quem
859 461 915 510 cha-

113 534 187 580 racter
200 530 329 591 ordinatur,
340 542 387 578 non
402 528 528 577 remanebit
538 527 562 576 in
577 528 662 591 patrm,
671 528 694 576 in
705 540 750 591 qua
764 530 820 579 nihil
833 535 915 593 agetur

113 602 139 653 in
157 602 241 665 figura,
260 602 299 651 sed
316 603 389 650 totum
403 600 427 649 iu
442 601 503 649 nuda
516 600 621 649 veritate.
635 599 698 662 Ergo
713 601 828 651 character
840 614 917 652 sacra-

114 672 222 723 mentalis
235 685 282 721 nou
296 674 374 720 manet
386 670 410 720 in
422 674 558 735 perpetuum
572 670 698 731 inanima,
713 674 736 721 et
749 671 782 721 ita
797 686 842 723 non
855 672 919 725 iussi

115 744 275 797 indelebiliter.

147 817 194 866 Sed
210 818 288 865 contra
306 817 342 863 est
350 850 359 877 ‚
378 813 438 877 quod
459 812 598 877 Augustinus
615 813 670 864 dicit
683 813 708 863 in
720 814 761 865 lib.
775 816 804 865 ll.
821 816 919 869 Contra

116 884 454 950 Pur-mentonemtcap.13)
469 900 475 933 ε
491 902 505 932 «
517 886 567 935 Non
585 885 659 935 minus
673 886 761 935 haerent
775 893 920 939 sacramenta

117 958 240 1008 christiana
251 956 319 1021 quim
335 957 458 1019 corporalis
476 960 530 1006 nota
549 956 643 1006 militia.
658 972 671 1003 u
689 955 734 1007 Sed
747 959 864 1008 character
877 959 919 1009 mi·

117 1029 191 1080 litatis
203 1043 251 1080 nou
263 1029 385 1092 repetitur,
393 1028 434 1078 sed
447 1028 538 1091 agnitus
551 1029 685 1091 approbatur
698 1028 811 1091 incoqui
825 1029 920 1081 veniam

117 1106 218 1151 meretur
236 1102 264 1151 ab
282 1102 421 1164 imperatore
435 1105 488 1163 post
504 1100 602 1164 culpam.
617 1101 675 1163 Ergo
693 1114 735 1151 uec
753 1100 869 1151 character
880 1116 919 1153 sa·
955 1150 956 1173 ,

118 1172 265 1236 eramentalis
279 1172 349 1222 deleri
362 1176 447 1235 potest.
955 1174 956 1187 ι

153 1246 353 1307 (Concuusro.—
362 1243 419 1295 Cium
433 1244 552 1294 character
566 1243 596 1293 sit
608 1244 711 1308 quedam
725 1244 751 1293 in
764 1244 868 1296 fidelibus
881 1258 920 1295 sa·

118 1315 264 1368 crameulalis
285 1316 427 1381 participatio
445 1315 566 1366 sacerdotii
583 1316 684 1380 Christi,
701 1330 794 1367 necesse
813 1321 849 1367 cst
868 1330 921 1369 eum

118 1389 255 1439 indelebiter
271 1388 353 1439 animae
368 1389 469 1449 inesse.)

150 1461 287 1524 Respondeo
313 1458 449 1522 dicendum,
464 1457 538 1521 qnod,
560 1459 621 1509 sieut
639 1458 724 1509 dictum
748 1462 783 1510 εει
800 1460 859 1524 (art.
880 1461 921 1524 3),

120 1530 236 1581 character
254 1532 423 1581 sacramentalis
447 1535 482 1581 est
504 1531 608 1593 quaedam
631 1531 773 1595 participatio
800 1532 923 1582 sacerdotii

119 1600 205 1651 Christi
216 1602 241 1651 in
255 1602 358 1652 fidelibus
369 1602 432 1665 ejus3
446 1606 472 1651 ut
483 1600 585 1661 scihcet,
600 1601 659 1651 sicut
669 1603 773 1654 Christus
786 1604 856 1653 habet
870 1604 922 1667 ple·

120 1686 173 1723 nam
188 1672 314 1737 spiritualis
326 1673 447 1723 sacerdotii
460 1675 613 1736 potestatem,
624 1674 656 1721 ita
678 1670 756 1723 fideles
769 1675 820 1737 ejus
832 1673 854 1723 ei
868 1687 924 1725 cou-

122 1744 255 1807 dgurentur‚
265 1746 290 1795 in
301 1748 345 1796 hoe
356 1746 416 1809 qubd
427 1745 566 1811 participant
579 1746 678 1808 aliquam
689 1746 831 1809 spiritualem
845 1749 924 1809 potes-

122 1820 191 1865 tatem
199 1854 208 1880 ,
222 1821 327 1880 respectu
342 1822 535 1867 sacramentorum
555 1819 578 1865 ει
595 1828 672 1866 corum
690 1830 741 1879 qua
760 1818 878 1880 pertinent
894 1818 924 1868 ad

122 1886 226 1937 divinum
240 1889 334 1936 cultum.
349 1890 377 1937 ht
392 1892 484 1952 propter
498 1889 542 1937 hoc
557 1887 626 1937 etiam
639 1888 729 1939 Christo
749 1900 796 1937 uon
813 1890 924 1953 competit

123 1958 208 2008 habere
225 1959 392 2020 characterem,
409 1960 449 2007 sed
463 1961 564 2021 potestas
583 1960 702 2009 sacerdotii
715 1960 766 2023 ejus
780 1964 924 2023 eomparatur

125 2030 153 2079 ad
173 2031 324 2079 characterem
338 2029 395 2079 sicut
408 2030 431 2079 id
442 2032 503 2094 quod
517 2034 553 2081 cst
563 2030 656 2093 plenum
668 2036 691 2081 et
703 2032 828 2095 perlectum
841 2033 870 2081 ad
881 2033 924 2082 ali-

123 2113 192 2165 quam
201 2101 237 2151 sui
246 2101 453 2164 participationem.
464 2102 620 2154 Sacerdotium
631 2106 707 2153 autem
718 2102 804 2152 Christi
813 2107 848 2153 est
858 2107 924 2155 aetcr-
955 2126 956 2135 ι

123 2185 188 2233 num,
203 2171 327 2222 secunddm
338 2172 393 2221 illud
408 2172 503 2222 Psalm.
515 2173 579 2223 Clll:
593 2192 605 2222 u
616 2176 649 2224 Tu
659 2188 685 2225 es
697 2175 803 2233 sacerdos
816 2175 841 2223 in
855 2180 925 2227 aeter·

123 2256 197 2306 num,
212 2243 337 2295 secundbm
356 2244 459 2295 ormnem
477 2245 650 2297 Melchisedech.
671 2262 684 2293 a
699 2246 729 2295 Et
746 2246 799 2294 inde
814 2251 849 2297 est
862 2247 924 2311 quid

123 2316 198 2366 omnis
211 2314 358 2366 sanctificatio
371 2328 421 2379 quae
437 2314 464 2364 tit
473 2330 514 2380 per
529 2318 679 2368 sacerdotium
691 2316 742 2380 ejus
756 2320 792 2365 est
804 2322 924 2382 perpetua,

123 2399 149 2436 re
162 2389 292 2436 consecrata
304 2390 419 2437 manente.
432 2387 495 2445 Quod
507 2392 571 2452 patet
584 2388 653 2437 etiam
667 2388 691 2437 in
701 2387 768 2436 rebus
781 2386 923 2452 inanimatis,

123 2469 176 2507 nam
192 2456 292 2508 ecclesia
306 2458 344 2508 uel
356 2458 432 2509 altaris
445 2463 524 2509 manet
540 2458 678 2510 consecratio
695 2472 800 2522 semper,
816 2459 861 2509 uisi
873 2460 925 2511 des·

122 2530 217 2578 truatur.
230 2526 286 2577 Cim
295 2529 448 2592 igituranima
460 2532 491 2580 sit
505 2530 631 2593 subjectum
646 2530 783 2579 characteris
797 2530 924 2581 secundlrm

122 2597 284 2650 intellectivam
296 2605 397 2666 partem,
412 2602 490 2664 inqua
502 2606 538 2652 est
551 2600 615 2663 fides,
631 2605 656 2650 ut
669 2600 754 2651 dietum
769 2604 803 2651 est
820 2604 882 2662 (art.
899 2605 923 2661 ι,

123 2670 152 2719 ad
162 2675 176 2720 3
186 2672 205 2736 ),
225 2673 370 2724 manifestum
389 2676 425 2723 εει
438 2672 513 2735 qubd,
528 2671 586 2721 sicut
599 2670 727 2723 intellectus
747 2677 871 2737 perpetuus
890 2677 926 2724 est

125 2749 148 2796 ει
161 2744 350 2809 incorruptibilis,
363 2744 395 2794 ita
413 2746 528 2793 character
543 2742 694 2795 indelebiliter
708 2748 784 2794 manet
798 2744 822 2792 in
837 2745 923 2795 anima.

157 2816 191 2866 dd
205 2814 301 2880 primum
315 2829 368 2877 ergo
380 2815 510 2875 dicendum,
521 2813 580 2877 qudd
594 2813 659 2865 aliter
672 2818 708 2865 est
721 2815 746 2863 in
760 2813 836 2864 anima
849 2815 922 2879 gratia

126 2890 150 2939 ει
165 2888 230 2940 aliter
248 2890 377 2951 character3
394 2898 447 2935 nam
463 2885 535 2949 gratia
555 2889 591 2935 est
610 2885 635 2935 in
651 2886 725 2935 anima
748 2884 807 2935 sicut
820 2887 922 2949 quadam
955 2946 956 2955 ἵ
