1942 3284
66 2580 72 2589 =
138 2575 169 2614 co
184 2562 280 2613 conteri.

147 224 206 290 ult
299 231 503 286 emrtnaunrurr,
519 234 612 281 oense.
629 238 661 287 rr,
676 237 730 278 aur.
749 242 776 279 u.

145 313 181 360 cst
194 309 265 373 ipsius
283 321 351 360 causa
364 309 388 359 in
399 322 427 361 eo
439 311 479 373 qui
495 309 554 361 male
571 312 633 374 agit,
653 312 677 362 in
690 314 740 366 cuis
752 318 871 373 terminis
885 327 951 385 stat,

144 393 188 432 uec
200 387 311 447 precepto
327 382 385 444 legis
395 381 456 434 cedit
465 397 473 430 :¹
483 385 508 432 ct
517 382 569 434 ideo
579 383 648 447 hujus
658 385 711 436 mali
722 387 883 452 displicentia
894 411 951 445 rou·

144 454 219 502 tritto
235 466 277 518 per
288 453 457 505 similitudinem
475 453 565 520 dicitur.
581 453 633 506 liec
653 461 728 508 autem
748 460 889 517 similitudo
905 481 950 517 nou

142 527 217 586 potest
231 524 331 588 adaptari
344 525 371 574 ad
389 524 470 576 malum
489 536 576 588 pene,
590 525 644 588 quia
653 538 721 591 penna
730 529 881 595 simplicitur
895 538 949 588 dim

142 593 331 645 diminutionem:
346 597 369 645 et
382 593 433 645 ideo
449 594 477 644 de
491 593 556 645 malis
568 607 642 658 puna
654 600 794 660 potestesse
805 604 889 670 dolor,
904 622 946 659 nor

142 662 255 716 contritio.

172 733 207 784 Ad
218 733 316 797 primum
334 746 387 796 ergo
399 733 529 798 dicendum,
539 733 600 798 qndd
611 736 745 799 penitentia
752 745 891 797 secundnm
903 752 944 798 dr-

141 802 270 868 quslinum,
282 805 348 855 debet
357 815 408 859 esse
423 806 451 856 de
464 807 508 856 luac
524 807 613 857 modali
625 806 685 870 vita,
697 823 743 862 nou
758 813 856 867 ratione
873 819 943 883 ipu‘us

143 873 299 935 mortalitatis,
312 875 356 926 nisi
373 877 518 939 penitentia
530 875 593 939 large
611 874 698 929 dicutur
714 883 794 934 omnis
810 887 891 952 dolor,
907 893 942 942 sel

141 945 227 997 ratione
239 947 383 1009 peccatorum
398 946 426 998 ad
440 957 492 1010 qnae
506 959 536 996 ex
546 946 676 999 infirmitate
689 951 759 1016 hujus
773 953 832 1008 ritae
844 958 941 1011 dodum

141 1027 198 1066 mur.

172 1087 205 1139 ad
218 1086 341 1138 secundum
359 1085 494 1150 dicendum,
503 1086 565 1150 qudd
576 1089 616 1140 illc
628 1090 700 1154 dolor,
714 1107 762 1157 qno
771 1097 827 1159 quis
837 1100 905 1152 dolet
914 1104 940 1152 dc

141 1157 264 1208 amissione
285 1156 375 1208 virtutis
391 1170 432 1220 per
448 1161 580 1220 peceatum,
591 1171 640 1210 non
658 1164 694 1212 cst
713 1168 875 1222 essentialiter
890 1173 938 1236 ipsa

140 1227 308 1289 contritio,scd
321 1230 356 1278 est
368 1227 505 1292 principium
518 1230 585 1292 ejns;
597 1230 655 1280 sicut
668 1231 729 1284 cuim
739 1236 827 1301 aliquis
835 1247 938 1293 moretur
964 1236 965 1243 ’

140 1297 167 1348 ud
182 1297 331 1362 appetendum
347 1296 431 1360 aliquid
445 1301 538 1362 propter
555 1301 639 1351 tonum
654 1306 716 1366 quud
731 1305 791 1360 inde
810 1317 934 1378 expectat,

139 1369 170 1418 ita
183 1370 285 1486 moretur
297 1369 327 1487 ud
338 1367 458 1420 dolendum
471 1369 500 1420 dc
514 1369 589 1434 aliquo
604 1376 696 1436 propter
705 1375 795 1430 mdum
806 1384 870 1445 quod
881 1384 933 1437 iude

139 1448 236 1488 conmcu
247 1449 274 1488 us
292 1449 317 1488 es
329 1477 335 1488 .

425 1545 589 1597 demultus
600 1548 631 1596 lt.

225 1669 309 1714 Uirum
317 1669 428 1713 contritio
443 1681 491 1714 csse
499 1669 580 1717 debeam
589 1671 617 1716 de
623 1678 718 1728 peccato
726 1677 852 1734 eripiendi.

964 1768 965 1791 l

169 1794 203 1844 ld
224 1794 347 1846 secundum
364 1793 397 1844 sic
414 1792 551 1857 proceditur.
569 1794 663 1847 Videtur
680 1797 741 1862 qudd
761 1803 867 1857 couti&
880 1820 928 1858 esse
964 1796 965 1827 ³

139 1864 219 1916 demat
238 1863 267 1914 da
284 1866 376 1926 peccato
389 1862 501 1926 originali.
514 1864 545 1915 lie
563 1869 653 1929 peccato
667 1867 728 1919 cuim
750 1874 834 1924 anuali
846 1880 927 1928 mutui

139 1933 248 1986 dedemus
261 1941 307 1982 uon
319 1933 406 1985 ratione
418 1937 489 1997 actus,
499 1933 641 1998 inquantum
654 1942 690 1988 est
699 1952 743 1990 ens
757 1945 926 2009 quaedamsed
964 1952 965 2009 l

139 2003 225 2054 ratione
238 2001 399 2066 deformitatis3
414 2002 466 2068 quia
480 2007 545 2056 actus
557 2008 682 2059 secundum
701 2023 767 2062 suam
781 2015 929 2068 substantiam
964 2012 965 2071 l

139 2073 223 2124 honum
234 2071 346 2134 quoddam
361 2079 411 2137 cst,
426 2077 450 2124 ct
461 2074 475 2124 d
486 2076 543 2126 Deo.
555 2075 599 2129 Sed
609 2083 727 2142 peccatum
739 2082 850 2148 originale
862 2090 929 2140 tata

139 2141 303 2193 deformitatem
316 2142 375 2194 sieut
388 2147 410 2194 et
423 2145 521 2196 actuale.
530 2146 588 2220 Ergo
601 2147 671 2198 etiam
680 2150 709 2201 de
720 2164 748 2202 eo
762 2158 851 2207 conteri
861 2158 929 2210 delle·

140 2225 199 2264 mus.

168 2285 193 2332 t.
211 2283 341 2344 Praeterea,
364 2298 405 2348 per
424 2288 542 2348 peecatum
561 2288 669 2353 originale
689 2292 757 2344 homo
780 2295 828 2348 luit
847 2298 862 2350 i
884 2299 929 2351 lieo

139 2364 247 2413 aversus,
260 2353 313 2415 quia
328 2367 395 2416 poena
408 2354 458 2417 eius
475 2359 524 2405 crat
542 2360 643 2409 carentia
660 2360 744 2413 diuina
764 2366 871 2420 visionis.
886 2370 928 2422 Sed

139 2421 231 2484 cuilibet
246 2422 312 2474 debet
321 2423 440 2488 displicere
454 2436 478 2474 se
491 2423 585 2478 luisset
598 2429 644 2480 lleo
657 2443 771 2484 aversum.
788 2437 849 2500 Ergo
861 2440 929 2490 homo

139 2491 205 2544 debet
223 2493 306 2543 trabere
320 2493 487 2558 displicentiam
505 2497 593 2560 peccati
604 2499 929 2564 originalis‚etsicdelrctdc
964 2568 965 2601 1

168 2631 213 2684 Sed
225 2635 321 2694 matra,
335 2633 445 2685 medicina
458 2634 526 2686 debet
538 2648 589 2690 esse
601 2640 770 2702 proportionata
782 2647 872 2700 morbo.
887 2651 928 2701 Sed

138 2705 255 2766 peccatum
269 2702 377 2766 originale
389 2703 437 2756 sine
451 2707 529 2757 nostra
543 2708 657 2760 voluntate
666 2714 803 2764 contmetum
817 2719 928 2781 estldrgc

139 2785 185 2824 nun
198 2771 327 2837 requiritur,
341 2773 401 2838 qudd
413 2788 454 2839 per
468 2780 544 2829 actum
557 2781 694 2843 voluntatis,
708 2782 747 2847 qui
761 2789 797 2834 est
813 2789 926 2848 contritio

139 2843 168 2894 ab
181 2843 232 2908 ipso
245 2857 374 2907 purgemur.

172 2913 330 2975 (Couccusro.
348 2940 379 2952 -
394 2915 518 2980 contritio,
537 2919 590 2970 cium
610 2922 640 2971 sit
659 2921 730 2986 dolor,
746 2925 871 2980 vdnnutls
889 2933 927 2982 du-

964 3118 966 3189 l
