1942 3284
306 162 338 199 os
352 161 464 199 smtsrno
479 162 654 201 consuescerem.
834 158 875 206 ott
903 192 913 211 .

47 236 132 289 tione
154 248 214 289 mon
228 236 301 289 solim
314 236 451 287 attendenda
470 239 505 287 est
521 237 637 301 quantitas
653 249 742 301 pens,
755 238 796 290 sed
808 242 877 289 etiam

47 309 144 358 vhtus
166 307 238 371 epus,
252 306 376 357 seorunddm
389 306 449 369 quod
464 310 568 371 estpars
586 308 736 371 sacramenti3
749 313 774 360 et
790 307 824 359 sie
841 321 875 359 re-

45 379 139 443 quirit
156 382 355 429 sacrameutorum
371 378 566 441 dispensatorem,
577 379 682 441 quamuis
694 379 764 429 etiam
773 378 803 429 ab
814 377 876 443 elio;

48 448 135 513 qudam
163 446 184 497 ὲ
199 448 329 509 sacerdote,
343 448 458 511 quantitas
470 461 545 513 prens
559 448 635 499 tanam
646 450 728 514 possit.
760 508 765 514 ¹

88 520 132 569 Ad
152 521 268 582 quartum
286 518 417 579 dicendum,
431 518 492 582 quod
501 532 638 582 cognoscere
647 521 734 571 nultum
745 520 834 585 peeoris
848 520 877 570 ad

51 590 107 641 dno
120 591 216 653 potest
225 588 378 640 necessarium
386 602 437 639 esse
454 604 461 641 :
474 590 647 653 primordiae
659 590 721 656 qnod
734 591 878 643 reordinetur

54 662 133 725 gregi
148 659 260 723 Christi,
276 664 300 709 et
317 659 351 710 siu
368 671 505 723 cognoscere
522 661 611 711 emtum
626 662 716 727 pecoris
732 663 832 727 pertinet
848 662 877 711 ad

53 744 153 782 curam
165 735 196 781 et
208 728 382 791 sollicitudinem
393 731 546 794 pastoratem,
558 744 609 795 qum
625 732 737 783 incumbit
744 733 878 796 quandoque

55 803 111 855 iitis
121 801 173 865 qui
186 814 233 851 non
241 805 295 851 sunt
307 801 444 865 sacerdotes,
453 800 563 864 secundo,
575 802 656 852 adhoc
665 802 724 865 quod
735 804 879 867 provideatur

59 873 87 924 ei
98 874 250 936 competens
263 871 450 922 medicamentum
464 871 544 923 saluis
552 910 559 934 ,
567 876 593 924 et
602 873 780 937 siceognosoere
789 874 877 923 unitum

57 942 170 1007 pecoris
186 942 285 1006 pertinet
298 943 326 992 ad
335 955 387 993 emm
402 946 470 1001 cujus
482 947 519 993 est
531 943 721 994 medicamentum
730 944 811 995 salutis
819 944 880 1005 tsci·

62 1014 127 1065 licet
141 1015 317 1064 sacramentum
332 1012 475 1065 eucharistiae
482 1018 507 1064 et
520 1013 575 1077 alia)
582 1014 690 1078 praebere,
705 1014 791 1065 scilicet
802 1016 830 1065 ad
841 1027 879 1065 sa·

61 1086 200 1135 cerdotem
215 1098 221 1133 ε
236 1086 260 1133 ει
276 1083 304 1133 ad
322 1082 390 1133 tatem
408 1084 562 1147 cognitionem
583 1084 672 1147 pecoris
687 1083 801 1135 confessio
814 1085 879 1139 ordi-

63 1159 152 1206 natm

380 1259 538 1311 tartessus
553 1260 582 1311 ΙΙ.

146 1389 240 1435 vorem
247 1388 275 1432 iss
283 1388 364 1445 aliptae
371 1398 428 1433 coss
437 1388 508 1433 diceet
517 1388 574 1433 aas
581 1388 654 1445 surim
661 1388 821 1435 comestione

435 1452 548 1507 confiteri.

108 1583 147 1635 td
162 1580 291 1633 muudum
308 1579 341 1631 sic
358 1578 496 1643 proceditur.
516 1579 610 1629 Videtur
623 1577 684 1642 qudo
700 1580 726 1630 in
743 1580 807 1631 nullo
825 1594 880 1631 casn

74 1650 151 1703 liceat
165 1650 219 1703 aliis
228 1650 295 1715 onim
310 1648 464 1701 sacerdotibus
474 1648 585 1699 confiteri.
599 1648 657 1708 Quia
676 1650 790 1704 consessio
804 1662 880 1701 sacra·

76 1722 195 1773 mentalis
208 1720 322 1771 accusatio
330 1723 380 1782 est,
393 1723 456 1771 utex
471 1717 623 1783 supraposita
631 1717 763 1771 definitione
772 1720 878 1783 habetur.

78 1792 126 1844 Sed
140 1790 284 1856 dispensatio
297 1789 432 1841 sacramenti
449 1789 478 1839 ad
490 1788 554 1837 iilum
567 1787 655 1841 dantium
668 1789 782 1853 pertinet,
793 1788 834 1853 qui
845 1795 881 1841 est

78 1860 224 1913 sacramenti
240 1860 353 1912 minister.
368 1858 425 1911 Cum
438 1872 493 1921 ergo
503 1859 609 1911 minister
620 1859 756 1910 sacramenti
767 1860 880 1924 poenitan-

79 1934 120 1985 tia
133 1932 245 1998 proprius
257 1932 290 1982 sit
301 1931 423 1995 sacerdos,
433 1931 524 1981 uidetur
537 1930 597 1995 qudd
606 1930 663 1981 nolli
674 1929 715 1980 alii
727 1930 759 1981 sit
767 1931 880 1987 confessio

80 2003 202 2055 mcieuda.

114 2078 141 2124 s.
163 2071 429 2143 Preterea,·eontessio
450 2072 475 2123 iu
488 2072 589 2135 quotmet
597 2072 684 2135 iudicio
696 2073 726 2123 ad
743 2073 880 2123 senteutiam
931 2067 933 2072 ’

83 2144 212 2194 ordinatur.
227 2143 271 2195 Sed
285 2142 397 2193 sententia
409 2142 433 2191 in
444 2142 494 2193 ioco
506 2142 649 2193 contentioso
661 2142 676 2192 d
690 2155 737 2193 non
750 2154 792 2193 suo
802 2142 880 2206 judice

84 2214 149 2278 uta,
168 2214 232 2265 nulia
242 2216 288 2264 est.
307 2212 367 2275 Ergo
379 2225 427 2263 nou
440 2216 476 2263 est
493 2211 596 2263 iacienda
612 2213 726 2263 consessio
740 2214 786 2263 nisi
797 2214 878 2277 jndici.

84 2282 216 2349 Sed'jndax
228 2284 252 2333 iu
263 2282 313 2334 ioio
323 2282 470 2333 conscientiae
482 2287 575 2333 nonest
585 2282 632 2331 nisi
645 2282 758 2343 sacerdos,
765 2282 805 2347 qui
812 2283 881 2336 habet

88 2358 225 2416 potestatem
241 2352 327 2417 ligandi
346 2357 371 2405 et
382 2351 497 2405 soluendi.
512 2352 572 2415 Ergo
591 2355 690 2403 nonest
708 2352 748 2403 alii
766 2353 882 2404 confessio
964 2363 965 2366 ’

86 2424 199 2477 iacienda.

120 2500 143 2545 3.
159 2496 279 2559 Preterea,
290 2494 316 2545 iu
331 2493 444 2558 baptismo
455 2495 510 2558 quia
519 2494 613 2557 quilibet
629 2498 706 2558 potest
717 2494 846 2558 baptizare,
860 2496 881 2545 si

91 2564 190 2630 baptizat
201 2565 282 2627 laicus,
295 2564 363 2616 etiam
377 2564 461 2629 uosque
478 2564 630 2627 necessitate,
642 2576 690 2614 uon
704 2563 794 2613 debota
806 2564 894 2615 sacam

90 2635 143 2686 dote
156 2630 281 2701 baptismus
290 2634 376 2685 iterari.
388 2634 434 2702 ¹Sed
447 2634 468 2685 si
483 2633 567 2697 dionis
580 2634 715 2685 confiteatur
726 2633 881 2684 taim‘incasu

91 2706 248 2770 necessitatis,
260 2705 342 2754 iterum
362 2708 453 2768 tenetur
471 2702 583 2754 sacerdoti
599 2702 716 2766 confiteri,
730 2703 751 2753 si
762 2704 881 2753 articulum

94 2776 235 2828 necessitatis
252 2775 339 2825 evadat.
361 2774 420 2839 Ergo
437 2774 549 2827 consessio
565 2787 612 2825 non
627 2774 694 2824 dehet
711 2773 761 2824 tieri
780 2773 838 2825 taico
857 2775 882 2825 in

93 2855 148 2895 casn
160 2844 310 2900 necessitatis.
