1942 3284
172 223 202 261 nn
217 223 410 261 communiens
427 223 679 262 nonsummum.
783 217 829 264 859

21 299 114 363 cerdos;
132 311 175 349 nec
187 298 268 350 iterum
281 300 388 350 sacerdos
398 299 498 363 majores
508 301 615 362 ordines,
635 301 675 364 qui
688 300 774 351 hahent
785 301 831 352 im·

21 371 148 422 mediatam
165 371 298 420 relationem
313 371 342 420 ad
362 382 445 434 corpus
460 370 561 435 Christi,
581 385 649 436 snpra
671 373 731 434 quod
751 384 833 422 consc-

21 443 132 494 crandum
147 443 209 506 Papa
223 455 270 492 nou
286 443 355 493 hahet
369 443 479 506 majorem
493 447 631 506 potestatem
650 442 718 506 quam
733 442 832 508 simplex

21 514 139 566 sacerdos.

54 587 89 636 hd
104 587 206 648 quartum
220 584 353 648 dicendum,
366 585 428 650 qudd
441 587 546 650 quamuis
559 590 731 638 sacramentum
747 588 831 636 eucha-

21 657 92 708 ristie
104 655 134 706 sit
149 657 272 706 maximum
284 657 450 706 sacramentum
464 657 488 707 iu
497 670 531 720 se,
543 661 620 708 tamen
630 658 795 720 nonsscollocat
807 658 833 708 in

21 728 100 791 aliquo
118 727 209 791 oihcio,
232 727 292 778 sicut
313 728 401 778 ordinis
422 731 596 779 sacramentum.
616 731 644 779 Et
659 730 711 780 ideo
731 731 831 779 nonest

21 799 107 851 similis
123 800 189 850 ratio.

51 871 87 922 Ad
97 871 201 934 quintum
210 870 339 934 dicendum,
350 871 410 936 quod
421 873 449 922 ad
460 872 676 923 communicandum
688 871 756 923 alteri
768 873 830 936 quod

21 942 74 1010 quis
83 942 160 1003 hahet,
175 955 221 992 non
233 942 333 1006 anigitur
346 942 419 993 solium
432 943 607 1008 propinquitas,
617 944 657 992 sed
668 948 692 993 et
705 943 829 1008 completio

21 1013 151 1080 potestatis.
164 1015 193 1063 Et
207 1013 261 1077 quia
280 1014 384 1064 sacerdos
396 1029 443 1066 non
456 1015 526 1064 hahet
540 1015 677 1078 completam
690 1019 829 1078 potestatem

21 1088 44 1138 'm
68 1084 216 1135 hierarchicis
237 1085 333 1147 ciliciis,
352 1085 411 1135 sicut
433 1086 567 1150 episcopus,
591 1085 642 1136 ideo
663 1099 710 1135 non
726 1086 829 1148 sequitur

21 1156 83 1223 qnod
94 1155 166 1220 possit
180 1156 286 1208 diaconos
296 1157 371 1208 lacere
381 1196 387 1219 ‚
396 1157 503 1221 quamvis
513 1157 552 1207 illc
566 1157 620 1207 ordo
635 1157 666 1207 sit
679 1157 722 1206 sihi
733 1156 830 1220 propin·

21 1243 91 1295 quus.

321 1334 480 1386 aaaleohtls
495 1335 525 1384 ll.

79 1463 165 1508 Utrdm
174 1461 277 1508 heretici
291 1467 314 1508 et
323 1464 353 1508 ab
363 1465 469 1582 Echesr'o
479 1465 571 1522 procui
577 1465 670 1522 possint
681 1463 775 1508 ordines

365 1539 408 1571 con
421 1540 482 1571 erre.

51 1657 88 1708 ad
102 1657 228 1706 secundum
247 1657 280 1706 sic
294 1656 434 1720 proceditur.
457 1656 553 1707 Videtur
565 1655 627 1720 quod
641 1655 746 1706 heretici
757 1658 782 1706 ct
797 1656 827 1707 ah

21 1727 126 1781 Ecclesia
138 1728 228 1792 praecisi
241 1741 287 1779 uon
296 1727 386 1792 possint
395 1727 488 1780 ordines
503 1729 615 1779 conferre.
624 1728 698 1790 llajus
713 1729 750 1777 est
763 1727 826 1778 enim

21 1800 125 1853 mulerre
139 1799 239 1862 ordines,
251 1799 319 1863 quim
333 1798 431 1864 aliquem
445 1801 563 1851 absoluere
576 1799 613 1849 val
626 1798 707 1862 ligare.
720 1799 766 1848 Sed
777 1800 827 1849 hae·

21 1872 107 1924 relicus
122 1883 167 1920 non
179 1875 255 1934 potest
264 1871 380 1920 absoluere
391 1872 428 1922 vel
439 1871 519 1934 ligare.
533 1872 593 1934 Ergo
606 1884 650 1920 nec
667 1871 757 1920 ordines
767 1883 823 1920 con·

21 1947 91 1996 z'erre.

50 2019 76 2064 2.
93 2014 220 2077 erotema,
235 2015 341 2064 sacerdos
362 2013 390 2063 ab
403 2013 504 2064 Ecclesia
519 2015 639 2074 separatus
653 2011 764 2062 conicere
783 2025 826 2076 po-

21 2088 80 2147 est,
95 2084 148 2148 quia
158 2083 183 2134 in
195 2097 223 2135 eo
235 2086 351 2136 character
369 2085 520 2136 indelebiliter
533 2086 610 2133 manet
620 2122 627 2145 ,
639 2096 682 2146 per
700 2096 767 2146 quem
781 2085 826 2134 hoc

21 2159 108 2223 potest.
121 2155 168 2205 Sed
179 2156 299 2220 episcopus
312 2169 359 2206 non
373 2155 454 2219 accipit
464 2155 562 2218 aliquem
580 2155 736 2203 characterem
751 2153 828 2205 insui

21 2225 173 2294 promotione.
189 2228 248 2291 Ergo
262 2240 309 2279 non
327 2230 362 2277 est
374 2239 470 2277 neccsse
489 2225 550 2290 qudd
568 2224 704 2289 episcopalis
723 2229 825 2289 potestas

21 2301 138 2352 emanent
151 2298 175 2347 in
185 2311 212 2349 eo
224 2302 275 2362 post
286 2297 452 2362 separationem
470 2297 522 2360 ejus
533 2297 561 2346 ah
575 2295 689 2346 Ecclesia.

51 2375 76 2422 3.
92 2370 217 2430 Prmterea,
233 2369 257 2420 in
271 2370 333 2420 nulla
353 2370 517 2420 communitate
528 2371 567 2418 ille
581 2374 621 2431 qui
635 2374 649 2418 a
663 2367 826 2419 communitate

21 2439 152 2506 expellitur,
167 2445 242 2504 potest
254 2441 331 2492 olisia
344 2439 517 2491 communitatis
529 2440 659 2503 disponere.
673 2439 718 2488 Sed
733 2437 826 2488 ordines

21 2515 73 2564 runt
93 2512 198 2574 quaedam
216 2512 292 2563 cilicia
305 2512 424 2564 Ecclesiae.
440 2511 501 2574 Ergo
515 2509 553 2560 ille
565 2510 605 2573 qui
623 2513 686 2560 extra
700 2509 827 2559 Ecclesiam

21 2584 117 2650 ponitur
128 2594 173 2632 non
183 2588 259 2648 potest
273 2584 364 2635 ordines
373 2581 488 2633 conlerre.

51 2659 75 2704 t.
98 2654 228 2716 Praeterea,
249 2657 391 2706 sacramenta
413 2653 500 2703 hahent
518 2651 644 2702 eillcaciam
667 2665 697 2701 ex
718 2651 829 2714 passione

21 2725 120 2780 Christi.
131 2724 177 2775 Sed
190 2726 311 2778 haereticus
320 2739 367 2776 non
376 2725 520 2776 continuatur
532 2722 740 2788 passionichristi,
753 2736 828 2787 neque

21 2811 62 2864 per
76 2795 196 2862 propriam
209 2797 292 2862 fldem,
305 2797 357 2848 cim
367 2797 396 2847 sit
404 2795 510 2856 infidelis,
518 2791 599 2860 ‘neque
610 2807 651 2858 per
667 2794 735 2843 iidem
748 2794 827 2844 Eccle-

21 2872 72 2932 iae,
91 2866 147 2917 chm
161 2866 192 2916 sit
209 2869 237 2918 ah
252 2869 356 2920 Ecclesia
373 2870 499 2934 separatus.
513 2867 573 2931 Ergo
592 2878 642 2918 uon
658 2868 734 2930 potest
746 2876 829 2916 sacra-

21 2942 131 2994 mentum
146 2937 231 2990 ordinis
243 2941 354 2992 conterre.
