1942 3284
241 203 272 240 ιιι
286 203 391 242 manera
406 204 482 272 ιιιιι
500 205 662 244 summensi.
808 195 855 246 8⁸1

350 385 514 438 radicatos
528 387 557 438 V.

41 517 138 566 tltre'cm
153 513 278 560 character
291 515 365 576 antas
381 515 473 560 ordinis
484 516 514 561 de
528 518 664 563 necescitcte
676 523 845 575 praeappoact

195 577 354 623 characterem
363 579 464 622 alterius
473 579 575 624 ordinis

74 708 113 760 Ad
129 707 235 772 quintum
251 708 285 760 sic
301 707 436 773 proceditur.
455 708 552 760 Videtur
573 711 635 774 qudd
652 714 767 764 character
778 711 850 764 unius

40 779 138 832 ordinis
148 784 313 860 presupponat
324 780 352 830 de
361 780 497 831 necessitate
498 763 665 834 characterem
681 784 775 834 alterius
789 784 852 835 ordi·

41 851 94 904 nis.
114 849 173 909 Quia
196 851 267 915 major
284 853 320 902 est
332 849 493 902 convenientia
506 851 593 903 ordinis
605 854 634 903 ad
649 853 752 905 ordinem
761 855 851 919 ,quim

40 921 134 976 ordinis
148 922 247 973 adalind
264 926 441 974 armamentum.
454 924 499 975 Sed
512 925 631 974 ohmacier
643 925 730 976 ordinis
740 941 849 992 prasup-

40 994 113 1060 ponit
126 995 279 1045 characterem
290 994 384 1046 alterius
399 997 534 1046 sacramenti
543 1033 551 1057 ,
560 997 649 1047 scilicet
658 998 775 1062 baptismi.
788 1000 847 1064 &go

44 1064 122 1116 muith
136 1064 219 1115 tonius
231 1067 347 1116 character
360 1067 428 1116 unius
434 1067 520 1118 ordinis
530 1068 687 1132 praesupponit
695 1070 850 1124 characterem

47 1136 155 1188 alterius.

80 1211 107 1256 ι.
126 1209 256 1269 Praeterea,
275 1207 367 1258 ordines
382 1211 436 1259 snut
449 1208 542 1273 quidam
558 1210 650 1275 gadas.
660 1211 706 1263 Sed
719 1210 797 1262 uultus
808 1225 851 1276 po-

49 1281 100 1329 test
112 1278 233 1343 pervenire
244 1279 270 1330 ad
281 1279 430 1344 posteriorem
441 1280 535 1344 gradum
545 1320 552 1342 ,
564 1281 610 1332 uisi
620 1281 684 1346 prius
695 1283 852 1334 conscenderit

49 1351 80 1403 ad
95 1350 203 1414 priorem.
217 1351 277 1414 Ergo
294 1351 369 1402 nullus
386 1355 462 1416 potest
481 1353 584 1417 accipere
597 1355 749 1405 characterem
764 1354 853 1408 ordinis

49 1420 182 1484 sequentis,
193 1421 238 1472 uisi
252 1420 315 1486 priis
329 1423 443 1488 acceperit
455 1423 558 1475 ordinem
570 1425 745 1489 praecedentem.

83 1493 129 1543 Sed
143 1495 221 1544 contra
236 1509 242 1543 :
257 1494 281 1544 si
296 1493 412 1544 omittatur
425 1494 510 1558 aliquid
530 1495 554 1544 in
571 1501 722 1560 sacramento,
740 1497 800 1562 quod
816 1497 849 1549 sit

50 1565 81 1615 de
90 1565 226 1615 necessitate
238 1565 387 1628 sacramenti,
398 1569 487 1629 oportet
495 1565 557 1628 quod
570 1571 736 1618 sacramentum
745 1568 849 1618 iteretur.

50 1635 100 1686 Sed
114 1634 134 1685 si
147 1635 229 1699 aliquis
244 1635 340 1701 accipiat
347 1639 480 1698 sequentem
495 1636 597 1687 ordinem
607 1637 759 1700 pretermisso
767 1638 850 1702 primo,

48 1717 98 1756 non
113 1705 287 1770 reordinantur,
298 1707 338 1757 sed
354 1705 469 1756 confertur
482 1705 528 1770 ipsi
539 1708 600 1769 quod
619 1708 710 1770 deerat,
724 1706 849 1758 secunddm

49 1778 136 1830 statuta
148 1775 274 1827 canonum.
286 1778 345 1842 Ergo
357 1776 491 1841 precedens
500 1779 555 1829 ordo
569 1790 615 1829 uon
624 1783 661 1829 ιιι
673 1779 701 1828 de
710 1779 848 1830 ιιιιιιίιιιι

50 1849 177 1912 mouentis.

85 1914 245 1984 (Coucnusro.
256 1921 347 1971 -Non
359 1923 448 1986 oporiet
463 1924 489 1970 ιι
504 1921 544 1984 qui
555 1920 654 1985 majores
666 1920 758 1972 ordines
771 1933 850 1973 susee-

50 1996 145 2058 peruut‚
159 1991 260 2043 minores
271 1990 334 2056 prids
345 1991 481 2056 habuerint,
495 2006 626 2058 quanquam
635 1993 739 2044 Eccimir
747 1992 853 2044 sicorrh‘·

54 2060 110 2112 nate
118 2061 209 2112 ordines
219 2061 316 2113 conferri
328 2062 448 2124 statuerit,
459 2066 486 2113 ut
497 2063 562 2128 prihs
575 2063 693 2126 minores,
705 2061 788 2114 deinde
802 2076 851 2114 ma·

52 2131 119 2197 jones
131 2132 292 2197 recipiantur.)

84 2205 218 2268 Respondeo
238 2203 375 2266 dicendum,
391 2204 450 2268 quod
465 2217 513 2256 non
527 2208 563 2256 ιιι
581 2205 611 2256 de
625 2205 761 2258 neoessitatc
778 2218 850 2270 supe·

53 2278 138 2329 norum
156 2277 277 2339 ordinum,
290 2275 351 2340 qudd
364 2276 445 2340 aliquis
458 2277 559 2328 minores
568 2277 663 2328 ordines
676 2276 740 2342 prius
756 2279 850 2340 amat,

51 2349 107 2413 quia
120 2351 244 2414 potestates
255 2350 308 2398 sunt
320 2346 432 2398 distincta
441 2384 448 2411 ,
458 2351 482 2398 et
494 2361 539 2398 una
550 2347 662 2412 quantdm
674 2353 710 2400 est
723 2350 752 2399 dc
764 2348 801 2400 sui
815 2361 851 2399 ra·

50 2420 127 2480 tione,
142 2431 188 2469 nou
204 2417 300 2483 requirit
314 2417 380 2468 aliam
400 2417 425 2468 in
440 2419 522 2470 eodem
538 2420 651 2484 sthecto.
667 2422 696 2471 Et
712 2419 765 2470 idco
779 2419 850 2471 etiam

49 2491 76 2543 in
88 2490 202 2554 primitiva
216 2489 332 2550 Eutimia,
342 2490 413 2554 aliqui
427 2491 591 2542 ordinabantur
605 2492 630 2540 iu
642 2493 797 2557 presbyteros,
809 2491 851 2554 qui

50 2561 116 2628 priis
128 2561 245 2613 interiores
259 2560 351 2612 ordines
364 2574 410 2612 nou
429 2566 591 2626 susceperant,
606 2568 629 2614 ιι
649 2568 726 2612 tamen
743 2564 851 2625 poterant

51 2631 127 2686 omnia
140 2647 190 2697 qua
208 2632 327 2684 interiores
341 2632 431 2684 ordines
444 2632 731 2698 possunt‚p1iainierior
747 2634 850 2696 potestas

50 2703 251 2768 comprehenditur
261 2704 285 2754 iu
294 2703 405 2768 superiori
414 2703 508 2767 uirtute,
523 2704 581 2754 sicut
592 2718 673 2756 seusus
685 2704 710 2754 iu
718 2702 848 2765 inteliecta,

51 2779 76 2826 ct
88 2776 180 2826 ducatus
194 2774 218 2824 in
232 2786 310 2838 regno.
326 2774 371 2825 Sed
383 2777 463 2838 postea
477 2787 518 2840 per
534 2776 720 2826 constitutionem
740 2773 850 2826 Ecclesia

50 2844 224 2898 determinatum
234 2848 270 2896 est
279 2845 340 2910 quod
356 2846 384 2897 ad
394 2846 492 2910 majores
501 2848 592 2898 ordines
605 2860 631 2898 se
644 2859 691 2896 nou
705 2846 795 2910 inperat
805 2845 847 2910 qui

52 2915 114 2982 prids
126 2917 150 2967 in
158 2914 283 2968 minorihus
298 2917 381 2969 officiis
393 2930 418 2968 se
431 2917 629 2981 nonhumiiiauit3
642 2918 727 2970 atinde
739 2916 851 2983 estquod
