1942 3284
142 227 171 274 38
329 234 389 271 rans
405 234 447 282 ιιι,
467 232 561 277 οιιιιει.
580 233 637 279 ιιιι,
655 227 709 269 lar.
726 232 751 269 v.

172 314 205 363 hd
221 310 345 361 secundum
366 308 500 371 dicendum,
513 307 586 371 quod,
602 307 660 357 sicut
684 304 772 371 motus,
788 320 817 358 eo
833 306 894 371 quod
908 306 939 357 est

140 387 205 436 actus
219 382 382 446 imperfectae,
393 392 441 429 uon
457 378 550 443 propri'e
564 378 636 429 estin
650 378 725 442 aliquo
741 392 836 441 genere,
853 376 892 429 sed
908 389 939 427 re-

142 455 230 505 ducitur
240 454 269 503 ad
287 464 359 518 genus
372 450 436 500 actus
449 450 560 515 perlecti,
573 450 633 501 sieut
647 450 750 501 alteratio
765 451 790 499 ad
805 442 952 517 qualitateml

144 522 179 575 ita
191 525 265 574 uirtus
277 521 456 573 instrmnentalis
470 534 517 571 non
528 524 576 585 est,
590 521 682 585 propri'e
697 521 824 585 loquendo,
835 519 859 570 iu
871 519 940 581 aliquo

136 610 244 662 genere,
257 595 298 645 sed
313 592 429 645 reducitur
443 594 470 643 ad
485 606 559 657 genus
576 596 599 643 et
612 590 711 656 speciem
724 590 814 641 uirtutis
829 592 939 657 perfecta.

175 669 208 719 ld
230 667 322 718 tortium
342 664 476 727 dicendum,
499 664 576 728 quod,
596 662 655 715 siout
672 663 745 713 virtus
766 659 940 715 instrumentalis

142 738 264 803 acquiritur
280 737 432 787 instrumento
447 748 477 787 ex
494 737 538 787 hoc
552 736 604 799 ipso
626 734 687 799 qudd
704 740 808 786 movetur
823 736 852 785 ah
867 735 940 797 agente

141 810 275 877 principali,
290 809 356 858 itaet
370 810 536 858 sacramentum
548 808 695 871 consequitur
712 807 855 871 spiritualem
871 806 940 854 virtu-

143 885 189 933 tem
203 895 232 931 ex
244 878 403 931 benedictione
414 878 513 941 Christi,
529 881 552 928 et
565 877 716 943 applicatione
729 876 827 927 ministri
843 876 872 927 ud
883 884 941 925 nsum

143 952 286 1005 sacramenti.
307 952 371 1001 Unde
389 950 529 1013 Augustinus
547 948 601 999 dicit
624 949 649 997 in
667 948 765 1011 quodam
785 961 890 999 sermone
909 944 939 993 lie

143 1024 290 1089 Epiphania
306 1037 315 1071 .·
328 1039 342 1071 u
355 1023 403 1072 Nec
413 1023 496 1071 mimm
511 1020 571 1085 qudd
584 1033 665 1083 aquam
674 1021 737 1081 ,hoc
748 1022 783 1069 est
796 1015 939 1071 substantiam

144 1094 297 1159 corporalem,
313 1094 340 1144 ad
352 1092 515 1157 purificandam
530 1091 629 1141 animam
642 1090 738 1141 dicimus
749 1091 879 1153 pervenire.
894 1090 941 1138 Per·

144 1163 208 1217 venit
222 1164 299 1228 plane,
314 1168 338 1215 et
351 1166 456 1228 penetrat
466 1162 614 1213 conscientiae
626 1160 733 1211 universa
745 1160 854 1225 latihu1a3
871 1168 942 1223 quru-

145 1237 182 1287 nis
195 1235 256 1286 euim
270 1234 322 1299 ipsa
331 1235 363 1284 sit
372 1234 462 1284 subtilis
475 1237 499 1283 et
509 1232 600 1295 tennis,
609 1230 767 1297 benedictione
776 1232 856 1283 lamen
866 1224 943 1281 Christi

145 1306 206 1357 iacta
220 1306 332 1366 subtilior,
348 1306 446 1356 occultas
460 1304 516 1355 uitae
530 1316 611 1355 causas
625 1316 651 1353 ac
667 1306 754 1353 secreta
770 1304 855 1355 mentis
873 1294 944 1352 suhtih

144 1390 196 1430 rore
210 1377 342 1442 pertransit.
353 1392 367 1423 o

177 1450 212 1499 ad
235 1452 338 1511 quartum
358 1448 495 1510 dicendum,
507 1446 580 1510 quod,
596 1446 655 1496 sicut
673 1446 752 1496 eadem
771 1443 806 1493 uis
820 1435 945 1509 principalis

146 1520 237 1585 agentis
250 1519 455 1569 instrumentaliter
467 1516 584 1569 invenitur
597 1517 621 1566 iu
631 1518 738 1567 omnihus
751 1513 909 1565 instrumentis
921 1507 944 1557 ad

146 1590 268 1651 ellectum,
284 1592 352 1653 prout
365 1593 418 1640 sunt
435 1589 533 1653 quodam
546 1588 623 1639 ordine
637 1601 723 1651 unum3
739 1587 771 1636 ita
786 1586 858 1636 etiam
872 1582 944 1635 eaden

146 1661 185 1712 vis
198 1661 368 1711 sacramentalis
382 1660 497 1710 invenitur
508 1660 533 1710 in
544 1659 619 1711 verbis
633 1662 656 1709 et
668 1660 744 1722 rehus,
759 1661 826 1723 prout
840 1672 869 1710 ex
877 1650 944 1707 uertit

148 1735 173 1783 et
186 1732 255 1784 rehus
270 1730 388 1797 perficiar
397 1745 469 1781 unum
483 1736 659 1783 sacramentum.

445 1907 608 1958 ARTICULUS
625 1908 652 1957 V.

154 2034 240 2079 dictim
253 2037 405 2079 sacramenta
413 2044 478 2077 novo
488 2032 546 2136 legle'ls
557 2030 662 2137 fiffbem
674 2031 790 2077 virtutem
805 2045 834 2077 eu
841 2026 946 2089 pussiooe

539 2105 574 2137 rra
586 2106 603 2137 c.

180 2221 216 2271 ad
231 2220 337 2284 quntum
354 2219 388 2267 sic
409 2216 538 2281 proceditur
555 2216 601 2283 (l).
615 2217 710 2269 Videtur
732 2218 791 2282 qnod
811 2208 947 2269 sacramenti

149 2304 216 2344 nove
234 2291 292 2355 legis
309 2302 357 2341 nou
371 2288 470 2337 habeant
488 2288 595 2339 virtutem
607 2302 637 2340 ex
652 2290 759 2354 passione
772 2289 867 2339 Christi.
877 2282 947 2331 Virtus

149 2363 211 2415 enim
225 2364 416 2413 sacramentomm
430 2362 467 2409 est
479 2360 508 2410 nd
519 2360 614 2425 gratiam
626 2360 763 2413 onerandam
776 2361 895 2416 inanima,
910 2358 946 2414 pti

148 2446 218 2497 poam
237 2431 383 2497 spiritualiter
403 2430 469 2481 uiuit.
493 2432 553 2496 Sed,
568 2433 627 2485 siem
645 2433 785 2497 Augustinus
799 2433 853 2483 dicit
876 2432 948 2487 wlff

142 2502 220 2554 donn.
232 2504 324 2565 (Tract.
334 2502 387 2553 xlx
395 2502 413 2566 ι,
430 2518 445 2550 u
458 2502 571 2566 Verhum,
587 2508 656 2569 prout
669 2504 754 2555 eratin
766 2502 877 2569 principio
892 2486 948 2557 apud

146 2573 233 2635 Mum,
249 2572 350 2624 viviticat
361 2575 464 2638 animas3
478 2573 603 2625 sacundlrm
619 2576 696 2625 autam
710 2573 769 2641 quod
784 2578 820 2625 est
833 2580 885 2624 caro
897 2564 952 2613 iace

143 2646 212 2709 mu,
227 2642 329 2696 unificat
342 2656 445 2711 corpora.
459 2660 474 2693 r
491 2645 546 2697 Chm
560 2644 630 2709 igitur
644 2646 721 2711 passio
737 2645 821 2695 Christi
835 2630 946 2708 pertineat

180 2811 205 2876 (1
225 2816 258 2863 lla
268 2818 384 2867 hisatium
395 2819 464 2879 inira,
473 2832 513 2877 qu.
524 2818 564 2879 ot,
576 2824 620 2865 ert.
631 2818 646 2863 θ
656 2837 662 2873 ;
674 2823 698 2864 et
711 2821 759 2875 IV,
770 2818 847 2867 Sunt„
856 2811 912 2857 diat.
924 2799 946 2854 1»

148 2886 212 2988 gum
223 2886 289 2989 2¹³1&
299 2883 326 2944 i,
340 2878 477 2943 qnmtluno.
490 2882 520 2939 33
536 2886 560 2929 et
571 2881 627 2929 dhe.
640 2881 664 2943 ⁵,
680 2894 720 2940 qu.
733 2882 758 2943 t,
773 2885 817 2928 nrt.
831 2880 856 2937 2,
876 2874 948 2931 quaes·
