1942 3284
284 156 314 191 DE
328 156 442 193 mtrtlstto
458 154 637 193 contusionis-
810 160 855 209 6³3

349 323 508 387 ruircuuus
523 336 572 386 vn.

56 462 164 507 Utrr‘tm
186 474 261 519 poeno
275 466 411 521 temporatia
424 467 521 571 toleretur
528 464 656 510 manuatim
670 465 830 522 quantitatem

414 538 444 571 ea
453 538 495 583 por.

60 655 101 704 Ad
119 652 261 717 septimum
272 654 305 706 sio
313 654 452 719 proceditur.
462 654 557 705 Videtur
565 654 624 720 quio
635 666 704 720 poena
716 656 856 720 temporalis,

25 724 106 787 cujus
127 728 223 775 reatus
233 728 283 789 post
293 724 452 789 poenitentiam
466 728 559 784 menet,
570 737 617 776 nou
628 728 719 775 laxetur
732 726 857 777 secundina

30 796 213 857 quantitatem
226 786 308 859 culpis.
326 798 426 847 laxatur
439 795 502 845 enim
515 796 640 847 secundom
650 796 799 860 quantitatem
816 798 858 849 tle·

31 864 210 930 tentationis,
226 880 277 930 que
293 867 337 916 luit
351 867 376 915 ln
393 869 501 931 peccato,
518 870 545 915 ut
562 869 643 929 patet,
660 866 749 927 apoc,
764 867 855 918 livill:

34 951 50 981 «
57 934 197 993 Quantum
210 936 342 1000 glorificavit
352 948 394 998 se,
405 940 430 986 et
444 935 469 985 iu
482 934 571 986 deliciis
586 933 745 997 iuit‚lautlm
760 937 813 989 dcto
823 938 859 989 illi

37 1008 200 1055 tormentum
216 1006 347 1057 etinctum.
360 1021 375 1053 o
390 1007 435 1057 Sed
446 1007 583 1069 quaudoque
594 1005 635 1055 ubi
648 1008 687 1056 est
696 1006 771 1069 major
782 1008 860 1059 delec-

38 1075 111 1135 tatio,
127 1076 167 1126 ibi
184 1076 302 1129 estminor
315 1076 394 1140 eulpa3
405 1075 457 1139 quia
467 1079 561 1140 peecata
573 1074 681 1139 arnoia,
692 1088 745 1138 que
754 1076 807 1141 plus
819 1080 860 1128 lra-

39 1144 103 1195 oent
119 1146 301 1209 delectationis,
315 1148 383 1211 quin
395 1146 536 1212 spiritualia,
547 1146 623 1197 miuus
637 1147 723 1197 habeut
735 1147 764 1197 de
776 1146 858 1212 culpa,

42 1216 186 1267 secundirm
195 1217 335 1281 oratorium.
347 1217 407 1280 Ergo
415 1229 483 1282 prena
493 1228 540 1267 non
548 1220 642 1267 uratur
652 1216 776 1268 menuitur
787 1230 860 1281 quau·

44 1285 144 1337 titatern
161 1288 248 1351 culpa.

79 1364 107 1407 n.
125 1360 261 1423 praterea,
272 1359 352 1411 eodem
367 1358 435 1411 molo
449 1356 532 1422 aliquis
544 1356 657 1421 obligatur
670 1359 699 1409 act
715 1372 860 1425 parumper

49 1433 157 1489 peccata
171 1432 275 1481 mortalia
291 1431 316 1481 iu
332 1442 392 1481 uota
404 1430 470 1493 lege,
483 1428 543 1479 sicut
554 1428 578 1478 in
592 1429 674 1480 veteri
691 1430 737 1481 Sed
749 1432 775 1481 in
787 1438 861 1488 reteri

50 1499 105 1562 lege
120 1501 252 1553 debelmur
263 1513 305 1565 pro
316 1499 418 1565 peccatis
434 1512 503 1563 poena
516 1502 604 1564 septem
615 1498 720 1561 dierum,
731 1505 758 1551 nt
770 1502 860 1555 scilicet

56 1574 152 1634 septem
164 1572 246 1624 (liebus
254 1572 366 1625 immundi
376 1575 454 1624 essent
462 1584 506 1634 pro
519 1583 568 1622 ono
580 1574 675 1633 peocato
687 1572 787 1623 mortali.
803 1574 860 1625 Cim

57 1653 115 1705 erpo
130 1643 159 1693 in
173 1655 233 1695 noco
245 1644 390 1695 testamento
402 1642 533 1705 imponatur
544 1651 612 1705 pona
625 1641 743 1705 septennis
759 1656 802 1705 pro
813 1658 861 1696 nuo

58 1718 160 1774 peccato
177 1713 281 1775 mortali,
295 1714 385 1765 videtur
395 1712 457 1777 quod
474 1712 590 1775 quantitas
602 1721 678 1774 poena
695 1723 742 1761 noo
752 1714 861 1777 respiciat

61 1784 217 1845 quantitatem
234 1786 314 1849 culpa.

95 1858 120 1906 o.
131 1857 258 1920 Praeterea,
275 1854 351 1921 majus
362 1858 399 1907 est
411 1857 533 1919 peccatum
545 1851 664 1903 homicidii
675 1852 699 1903 in
711 1850 784 1916 laico,
793 1854 861 1919 quim

61 1926 222 1979 tornicationis
233 1928 257 1977 iu
265 1928 395 1990 sacerdote3
405 1927 459 1991 quia
472 1922 642 1975 circumstantia
651 1935 704 1988 qum
720 1926 818 1976 sumitur
831 1941 861 1977 ex

63 1998 142 2059 specie
155 1998 259 2063 peccati,
272 1998 344 2061 magis
355 2001 476 2061 aggravat,
485 1994 554 2059 quin
565 2008 616 2059 qua
628 1995 728 2046 sumitur
740 2006 770 2045 ex
780 1999 861 2049 conti-

64 2068 128 2120 tiooe
144 2082 259 2134 personae.
272 2068 318 2119 Scd
333 2067 391 2118 laico
407 2080 449 2132 pro
463 2064 586 2117 homicidio
603 2064 728 2130 imponitur
743 2069 862 2131 septennis

65 2140 217 2201 peninum,
226 2139 336 2191 saeerooo
346 2142 422 2190 numm
431 2147 473 2201 pro
483 2135 633 2188 fornicatione
641 2136 775 2201 poenitentia
784 2139 861 2189 decem

69 2220 179 2263 annornm
192 2210 314 2262 semotim
327 2221 438 2271 canones,
451 2211 478 2257 ut
491 2209 541 2272 jauo
558 2207 627 2271 sopra
639 2206 725 2257 dictum
739 2212 790 2271 est3
806 2222 861 2273 ergo

69 2294 137 2343 pona
149 2294 196 2333 oon
208 2286 298 2332 taxatur
309 2279 435 2330 secuudum
447 2280 598 2342 quantitatem
610 2277 693 2341 eulpa.

103 2358 126 2405 t.
139 2355 267 2414 Preterea,
278 2351 402 2402 maximum
412 2354 531 2413 peccatum
541 2354 578 2401 est
589 2350 651 2412 quoi
659 2348 684 2397 in
693 2347 769 2412 ipsum
779 2363 862 2415 corpus

71 2424 155 2475 Christi
167 2421 324 2485 committitur,
339 2420 392 2485 quia
410 2424 475 2470 tauto
491 2418 583 2482 gratim
600 2418 653 2482 quis
673 2424 766 2489 porum,
777 2427 863 2483 quanto

73 2494 144 2558 major
153 2493 295 2557 estiuqucm
305 2490 522 2555 pecorinusedpro
532 2488 644 2539 effusione
653 2488 863 2551 sanguinlscuristi

75 2564 98 2615 in
116 2568 253 2616 sacramento
271 2562 349 2613 altaris
365 2562 465 2613 ooutenti
480 2558 608 2623 injungitur
623 2558 713 2609 tantini
728 2560 863 2622 punitentia

75 2637 218 2700 modiagium
228 2634 315 2686 merum
324 2634 449 2697 telparnm
458 2631 569 2695 amplios3
578 2642 622 2694 pro
631 2630 779 2682 inuitatione
788 2635 864 2681 auteur

76 2707 182 2772 simplici,
192 2705 318 2769 iniungitur
331 2703 464 2770 poeuilentia
472 2702 601 2765 septennis,
614 2700 741 2751 recuruum
752 2713 861 2752 conopes.

79 2776 133 2841 Ergo
144 2776 256 2841 quantitas
267 2786 340 2838 poeoae
360 2787 406 2825 uon
418 2772 542 2837 respondet
554 2770 677 2835 quantitati
688 2772 769 2834 culpa.
806 2789 811 2797 ·

109 2842 252 2911 utcontra,
266 2848 337 2905 lect,
351 2845 432 2897 llllitlt
446 2858 453 2894 :
465 2843 513 2894 uln
526 2854 632 2896 mensura
643 2845 721 2897 contra
734 2853 864 2894 mensuram
