1942 3284
258 215 319 253 ns
349 208 634 251 nnsscrieus
670 212 970 251 snannnmr
1004 190 1354 261 nummisma.
1519 207 1603 251 ΞἩ

0 302 78 339 um
112 289 421 340 sacramenti.
441 290 494 339 In
522 286 724 353 pluribus
742 288 850 339 vero
874 288 1028 339 missis
1057 289 1379 354 multiplicatur
1399 291 1603 343 sacrificii

1 360 181 411 blatio.
215 360 275 411 Et
305 360 409 411 ideo
439 359 764 432 multiplicatur
792 360 984 410 effectus
1011 358 1220 411 sacrificii
1247 364 1294 412 et
1323 367 1607 415 sacramenti-

584 544 904 595 ARTICULUS
932 544 1030 594 VIII
1037 580 1050 595 .

36 676 234 721 Utritm
259 688 346 732 per
373 675 557 721 veniale
585 679 835 733 peccatum
862 676 1159 782 impediatur
1194 677 1386 733 effectus
1414 677 1555 731 hujus.-

649 751 901 783 sacramen
923 752 956 783 t.

44 872 120 922 Ad
152 875 371 922 octavum
400 869 467 920 sic
496 869 768 934 proceditur.
790 869 979 919 Videtur
1017 867 1136 932 quod
1173 883 1254 934 per
1284 870 1462 923 veniale
1491 887 1603 935 puna

0 947 148 994 ,atum
189 956 283 993 non
327 943 603 1005 impediatur
632 941 818 993 effectus
856 942 997 1006 hujus
1039 943 1324 992 sacramenti.
1358 942 1475 993 Dicit
1515 951 1603 991 ,tw

0 1016 210 1072 :ustinus
236 1027 373 1079 super
398 1014 509 1064 illud
536 1015 701 1069 Jocm..
745 1014 804 1065 VI
834 1028 847 1062 ε
881 1032 908 1062 «
942 1015 1098 1065 Patres
1132 1014 1272 1063 vestri
1298 1016 1603 1064 manducari*

0 1092 91 1137 unt
112 1100 317 1145 manna,
341 1091 431 1137 etc,
463 1104 490 1133 »
519 1088 677 1151 (tract.
701 1091 761 1136 26
792 1087 843 1136 in
862 1090 1007 1137 Joan.
1037 1088 1052 1149 )
1085 1102 1101 1135 .·
1136 1089 1359 1137 «Panem
1377 1087 1603 1139 coelestem

1 1158 296 1221 piritualiter
348 1159 645 1220 manducate,
692 1157 1000 1209 innocentiam
1045 1158 1100 1207 ad
1145 1158 1285 1208 altare
1335 1167 1567 1223 apportate
1587 1191 1599 1211 2

0 1234 215 1292 »eccata,
242 1228 331 1279 etsi
369 1233 476 1279 sunt
507 1230 765 1293 quotidiana
786 1268 799 1291 ,
835 1243 928 1279 non
957 1228 1049 1277 sint
1083 1229 1351 1291 mortifera3
1382 1246 1409 1276 »
1432 1243 1487 1281 ex
1511 1247 1603 1291 uun

0 1305 136 1362 latet,
171 1300 291 1364 quod
319 1300 512 1350 venialia
540 1304 724 1363 peccata
744 1338 755 1361 ,
779 1314 880 1363 quae
911 1299 1176 1362 quotidiana
1202 1300 1416 1349 dicuntur
1433 1338 1446 1363 ,
1471 1303 1603 1363 spui-

0 1373 164 1423 ualem
194 1371 591 1422 manducationem
620 1385 713 1422 non
736 1371 1003 1435 impediunt.
1030 1371 1120 1421 Sed
1143 1370 1444 1435 spiritualiter
1475 1387 1603 1419 man*

0 1445 237 1511 lucentes„
260 1444 474 1494 effectum
502 1444 643 1509 hujus
666 1442 938 1494 sacramenti
964 1442 1240 1507 percipiunt.
1266 1444 1386 1506 Ergo
1414 1447 1599 1507 percum

0 1516 193 1566 venialia
213 1513 316 1567 ‘non
346 1515 601 1579 impediunt
628 1517 841 1567 effectum
867 1514 1008 1579 hujus
1042 1514 1332 1565 sacramenti.

51 1591 104 1635 2.
147 1589 409 1650 Praeterea,
445 1587 531 1637 hoc
562 1591 895 1636 sacramentum
941 1600 1034 1636 non
1067 1590 1136 1636 est
1178 1584 1363 1635 minoris
1410 1586 1603 1635 virtutis

0 1672 129 1720 1uam
169 1659 445 1723 baptismus.
482 1660 571 1709 Sed
613 1658 824 1707 effectum
848 1656 1098 1721 baptismi,
1129 1656 1247 1706 sicut
1275 1655 1410 1719 supra
1433 1658 1599 1707 dictum

0 1735 60 1778 ist
96 1734 114 1793 (
143 1746 224 1795 qu.
248 1735 326 1791 69,
354 1736 440 1781 art.
477 1729 557 1794 9),
589 1729 780 1794 impedit
808 1729 902 1779 sola
930 1728 1079 1791 fictio;
1103 1729 1159 1777 ad
1191 1740 1325 1792 quam
1347 1741 1440 1778 non
1467 1731 1603 1791 perth

0 1806 107 1852 ient
129 1808 323 1867 peccata
350 1803 566 1863 venialia,
595 1801 701 1865 quia
725 1800 841 1851 sicut
867 1800 1120 1864 Sapient„
1140 1799 1181 1862 Ι,
1211 1799 1378 1849 dicitur
1405 1814 1418 1849 :
1446 1817 1472 1847 a
1503 1799 1603 1863 Spi-

0 1872 111 1923 ritus
134 1877 321 1924 sanctus
347 1874 597 1938 disciplinae
620 1872 816 1935 refugiet
845 1870 1026 1933 fictum,
1051 1887 1079 1918 »
1110 1870 1188 1935 qui
1211 1875 1362 1921 tamen
1391 1884 1471 1934 per
1499 1887 1603 1935 pcn-

0 1949 97 1994 cata
128 1945 328 1995 venialia
363 1959 454 1995 non
492 1947 687 2009 fugatur.
719 1946 839 2007 Ergo
876 1956 1026 2007 neque
1052 1943 1262 1993 effectum
1292 1943 1429 2007 hujus
1455 1957 1603 1991 sat-ur]-

0 2016 141 2065 menti
165 2016 422 2080 impediunt
449 2021 635 2081 peccata
664 2015 881 2067 venialia.
1324 2074 1327 2076 .

58 2092 111 2136 3.
146 2088 408 2150 Praeterea,
441 2088 556 2137 nibil
582 2086 703 2150 quod
744 2094 1006 2138 removetur
1031 2100 1113 2151 per
1139 2086 1368 2149 actionem
1413 2086 1607 2147 alicuius

0 2171 147 2209 causac
172 2163 322 2224 potest
345 2159 564 2224 impedire
592 2160 693 2224 ejus
716 2159 947 2209 effectum.
983 2158 1073 2208 Sed
1093 2161 1279 2222 peccata
1305 2157 1499 2207 venialia
1519 2159 1599 2207 mla

0 2227 152 2279 {untur
182 2243 263 2295 per
291 2231 379 2280 hoc
407 2234 755 2281 sacramentum.
781 2231 895 2293 Ergo
927 2241 1023 2278 non
1052 2228 1307 2292 impediunt
1344 2228 1444 2291 ejus
1471 2231 1603 2279 cllum.

0 2304 113 2352 tum.

59 2375 151 2425 Sed
174 2377 329 2425 contra
361 2378 449 2436 est,
485 2374 606 2439 quod
628 2376 932 2425 Damascenus
957 2372 1070 2423 dicit
1104 2372 1154 2422 in
1179 2373 1255 2422 IV.
1290 2374 1366 2422 De
1393 2371 1495 2432 fide
1515 2391 1595 2419 w·-

2 2446 140 2497 thod.
174 2464 190 2496 :
212 2465 238 2494 «
262 2447 389 2511 Ignis
416 2448 517 2512 ejus
544 2448 664 2511 quod
692 2446 741 2495 iu
770 2444 901 2496 nobis
926 2448 998 2495 est
1015 2444 1228 2495 desiderii
1245 2456 1483 2495 assumens¹
1499 2459 1595 2495 enm

1 2531 101 2578 quae
121 2532 180 2568 ex
215 2520 427 2581 carbone,
452 2517 532 2580 (id
558 2520 631 2567 est
650 2555 669 2577 ,
698 2532 761 2566 ex
790 2517 879 2566 hoc
916 2515 1268 2580 sacramento)
1299 2515 1559 2579 ignitionem
1587 2555 1595 2567 .

2 2590 234 2639 comburat
260 2594 415 2649 nostra
435 2593 640 2654 peccata,
664 2593 711 2638 et
730 2588 957 2638 illuminet
981 2588 1116 2638 corda
1134 2590 1306 2647 nostra,
1329 2590 1377 2637 nt
1407 2587 1599 2650 parlim--

1 2660 349 2722 pationejdivini
370 2661 492 2725 ignis
522 2661 749 2725 igniamur
776 2663 821 2710 et
849 2658 1130 2710 deificemur.
1152 2676 1180 2706 ι)
1199 2660 1287 2709 Sed
1316 2658 1434 2722 ignis
1460 2659 1595 2707 riustri

5 2732 215 2783 desiderii
256 2733 327 2782 vel
357 2733 524 2783 amoris
554 2731 797 2795 impeditur
824 2745 904 2795 per
923 2734 1110 2794 peccata
1140 2729 1356 2791 venialia,
1381 2742 1483 2792 qua]
1507 2727 1599 2775 im-

3 2802 192 2865 pediunt
218 2804 442 2855 fervorem
474 2803 727 2863 charitatiS‚
773 2802 895 2853 utin
922 2803 1119 2853 secunda
1147 2804 1274 2865 parte
1307 2800 1507 2862 habitum
1539 2807 1599 2847 [ψεῖ

8 2874 77 2938 (Ι,
108 2876 183 2936 11,
208 2890 288 2938 qu.
320 2880 405 2933 81,
446 2880 532 2926 art.
570 2879 595 2924 4
634 2879 682 2925 et
703 2876 741 2936 1,
773 2889 852 2938 qu.
882 2878 943 2924 24
966 2912 980 2936 ,
1003 2876 1088 2921 art.
1123 2872 1233 2937 10).
1267 2877 1388 2936 Ergo
1415 2875 1603 2933 peccam.

8 2947 198 2997 venialia
224 2947 479 3011 impediunt
504 2947 719 3000 eflectum
745 2946 884 3010 huius
915 2944 1205 2997 sacramenti.

1755 2907 1805 3023 ii

1812 2878 1911 3043 t

1876 3033 1942 3079 ..blo-s

1919 2985 1927 3037 l
