1942 3284
143 177 188 225 tao
268 188 470 235 supersumus,
487 187 580 231 ouasr.
599 190 689 237 nurus,
707 189 761 227 ιιι,
780 190 816 225 ιιι.

432 369 593 422 santulus
609 372 650 421 lli.

147 505 233 547 lirum
241 502 353 547 solemnis
362 500 497 556 munerata
510 499 542 543 sit
551 500 696 554 imponenda
706 502 865 553 mulieribus,
875 508 933 558 nipe*

196 565 287 609 clericis
296 582 304 607 ,·
312 567 335 607 et
343 563 451 607 atrdmd
465 562 567 620 quolibet
576 563 700 607 sacerdote
706 566 783 620 possit
792 563 891 619 imperti.

174 697 208 747 nd
219 695 311 745 tertium
321 694 354 745 sic
363 693 500 757 proceditur.
509 694 604 743 Videtur
613 692 676 757 quod
687 694 800 745 solemnis
811 694 935 759 peninum

143 780 189 818 acu
199 766 230 817 sit
242 765 381 830 imponenda
394 764 535 815 muliersstus.
543 765 600 823 Quia
611 764 660 829 vir,
672 765 711 815 eui
724 766 856 830 imponitur
869 768 936 819 sole}

142 838 181 889 uis
192 836 343 901 paenitentia,
356 836 423 887 dehet
436 848 525 886 comam
536 834 643 899 abjicere.
658 836 706 888 Sed
717 838 763 887 hoc
778 850 829 889 nnn
842 847 938 902 competa

145 909 247 971 moleri,
264 912 292 958 ut
308 910 385 973 patet,
401 908 412 956 Ι
426 906 463 955 od
477 907 548 963 Cor..
562 906 600 956 xl.
616 908 736 970 &goson
750 908 824 959 debet
839 922 937 973 egerens

144 980 244 1030 lemuem
257 980 426 1045 poeniteutiam.

177 1052 277 1112 altem,
286 1051 375 1101 uidetur
387 1048 448 1113 qudd
462 1049 550 1099 clericis
560 1048 589 1099 sit
605 1047 763 1111 imponenda:
778 1049 842 1108 Quia
854 1050 938 1113 imperi

144 1125 182 1171 tur
194 1126 288 1185 propter
296 1120 430 1185 mutatem
443 1120 531 1171 delicti.
547 1118 662 1169 sedidem
676 1123 803 1183 peecatum
816 1122 907 1185 grauim
915 1131 938 1171 es

145 1192 170 1243 in
188 1194 284 1254 elerico,
295 1192 364 1257 qulam
381 1192 407 1243 iu
420 1191 490 1242 laico.
505 1192 563 1255 Ergo
577 1188 650 1253 magis
671 1191 741 1241 debet
760 1191 857 1257 imponi
875 1193 937 1243 neria

145 1268 215 1328 qudm
228 1266 300 1315 laico.

178 1342 201 1386 a.
215 1339 287 1398 lum,
299 1336 389 1387 videtur
407 1334 468 1399 quod
486 1333 613 1398 tquotibet
627 1334 748 1385 sacerdote
764 1336 845 1399 pessit
859 1336 938 1401 imponi.

143 1407 197 1470 quia
212 1408 329 1458 absolvere
341 1407 365 1455 in
374 1406 425 1457 loro
435 1406 588 1470 poenitentiali
598 1409 635 1455 est
648 1405 715 1469 ejus,
725 1407 769 1469 qui
781 1408 857 1459 habet
870 1410 939 1458 aare.

143 1476 190 1527 Sed
206 1477 304 1541 simplex
317 1478 423 1529 moestos
434 1476 505 1527 habet
517 1476 602 1527 claues.
616 1478 676 1540 Ergo
691 1482 771 1539 potest
780 1490 839 1529 esse
853 1479 940 1531 niman

143 1549 276 1613 nujnncdi
287 1549 437 1615 poeniteutiae.

178 1623 342 1687 (cnsmnsro.
356 1646 388 1658 -
404 1618 498 1671 Publica
512 1634 539 1669 ac
554 1618 662 1670 solemnis
677 1619 842 1685 penitentia,
857 1622 906 1673 linet
921 1620 938 1667 st

144 1693 264 1743 mandam
278 1694 409 1744 sandalum
428 1689 516 1741 clericis
530 1703 577 1741 uon
597 1689 628 1739 sit
642 1690 802 1755 imponenda,
814 1694 870 1744 aliis
882 1698 937 1743 hu

144 1763 204 1815 uisis
218 1778 246 1815 ac
257 1764 392 1815 mulieribus
405 1763 492 1827 imponi
504 1765 593 1827 potest;
603 1762 671 1825 idque
679 1762 707 1812 ab
720 1762 841 1828 episcopo
854 1770 879 1816 et
887 1762 937 1815 ansi

144 1836 235 1887 lentim
246 1853 254 1887 z
266 1837 359 1901 publim
369 1840 446 1887 autem
456 1839 481 1885 et
494 1847 541 1885 uon
550 1832 661 1885 solemnis
671 1832 741 1883 eliam
758 1834 863 1887 clericis
873 1834 939 1899 'tmpus

146 1913 222 1973 potest
233 1908 333 1973 pluries,
348 1906 409 1958 sieut
421 1910 445 1957 et
456 1904 534 1969 aliis.)

179 1980 315 2043 anponaeo
332 1977 537 2041 dicendum,un
550 1976 626 2028 omnis
639 1976 750 2027 solemnis
766 1978 907 2041 paenitentia
917 1980 940 2027 aa

146 2049 254 2113 publiea,
269 2048 311 2099 scd
329 2060 376 2099 non
391 2048 540 2099 conuertitur.
556 2046 692 2099 Poeniteutia
703 2047 768 2097 enim
787 2050 900 2099 solemnis
911 2050 940 2097 ts

146 2122 215 2172 medo
228 2121 271 2170 nt:
281 2120 328 2169 atu
342 2119 417 2183 capite
429 2118 609 2183 quadragesima
623 2118 681 2169 tales
693 2118 848 2182 poenitemcs
862 2133 941 2185 prasa-

146 2194 197 2239 tant
209 2204 235 2241 se
243 2204 296 2241 cum
304 2190 448 2255 presbyteris
460 2190 510 2240 suis
518 2190 625 2255 episcopo
634 2188 724 2239 civitati
737 2194 796 2242 aute
809 2192 875 2244 form
886 2191 942 2243 attin

147 2262 188 2312 sia
204 2275 270 2312 saum
283 2263 372 2326 induti,
382 2263 451 2314 nudis
464 2261 576 2326 pedibas,
587 2261 688 2311 ustinus
700 2260 725 2309 in
738 2264 830 2313 terram
841 2262 940 2315 dem'm'n

147 2345 213 2383 coma
225 2334 339 2397 deposita,
354 2338 378 2385 et
391 2334 426 2385 eis
437 2334 463 2383 in
475 2332 596 2384 ecelesiam
608 2330 753 2394 introductis,
763 2333 895 2400 episcopus
906 2346 940 2383 un

147 2402 212 2456 omni
221 2404 293 2467 clero,
302 2408 392 2469 septem
402 2406 506 2457 Psalmos
515 2402 684 2469 poenitentiales
695 2401 764 2467 dicit3
775 2408 803 2455 ct
810 2406 939 2470 postmodun

146 2475 181 2527 eis
194 2488 289 2526 manum
303 2475 417 2542 imponit3
431 2490 513 2541 aquam
526 2475 668 2525 benedictam
681 2486 752 2537 super
765 2486 812 2527 eos
822 2476 940 2541 spumea

146 2546 247 2597 cinerem
264 2546 378 2609 capitibus
396 2546 543 2612 superponit3
558 2544 632 2595 cilicio
650 2545 709 2595 colla
723 2558 810 2596 eurum
823 2548 915 2611 operit,
927 2553 941 2591 n

147 2616 270 2668 denuntiat
286 2616 321 2667 eis
334 2617 518 2684 lacrymabiliter,
529 2616 590 2680 quod
605 2615 664 2666 sieut
678 2616 753 2665 idam
767 2617 863 2681 ejectus
882 2616 940 2667 est&

146 2688 266 2749 paradiso,
275 2685 309 2736 ita
320 2688 364 2753 ipsi
377 2691 406 2743 de
418 2690 515 2741 eeclesia
526 2687 657 2751 ejiciamus
666 2691 750 2751 postea
762 2689 836 2753 jubet
846 2686 941 2740 ministri

146 2761 173 2805 ut
181 2771 223 2808 eos
234 2756 263 2808 ab
276 2760 373 2810 eeclesia
383 2763 482 2826 pellant,
495 2762 555 2812 clero
566 2772 606 2811 eos
616 2764 772 2823 prosequente
782 2773 839 2811 cum
853 2762 898 2811 lunc
907 2772 941 2808 res

147 2829 274 2888 ponsario:
290 2830 339 2879 «ln
353 2834 435 2883 sudore
449 2833 525 2883 vultds
542 2832 591 2893 tui,
605 2834 675 2881 etc.»
692 2830 718 2879 ln
732 2844 803 2883 creua
815 2836 894 2883 autem
906 2833 941 2881 ltu

145 2896 201 2945 mini
215 2898 318 2959 quolibet
331 2912 392 2952 auno
407 2903 419 2952 i
436 2905 483 2954 suis
497 2902 638 2967 presbyteris
654 2901 677 2951 in
691 2902 826 2953 Ecclesiam
840 2904 941 2953 reducun-
