1942 3284
122 191 166 239 tto
288 198 347 236 raas
364 199 402 248 ιιι,
419 196 512 241 onssa.
529 197 634 247 umis,
650 198 707 234 aar.
724 197 750 233 ιι.

119 279 162 328 troo
172 279 335 328 sacramentum
349 276 403 324 hora
420 273 528 325 serotina.
544 274 606 336 Ergo
614 273 714 337 ridetur,
730 272 793 338 qnod
807 275 864 323 hora
880 273 916 322 tali
946 334 947 337 Ἰ

119 350 200 400 debeat
215 349 260 398 hoc
276 349 443 397 sacramentum
457 345 575 396 celebrari.

150 423 173 470 t.
186 421 307 482 Praeterea,
318 418 377 468 sient
393 418 488 468 habetur
498 417 628 476 DcConc„
639 416 695 466 disi,
704 419 726 479 1,
739 419 807 481 (cap.
821 417 918 467 Neoecoc

118 495 155 543 est
165 492 184 555 l,
196 493 241 542 Leo
250 493 311 555 Papa
322 489 399 540 scribit
409 489 515 540 ltiosccro
527 489 681 539 Alexandrino
692 489 808 554 Episcopo
824 489 917 553 (Epist.

119 564 217 626 LXXXI,
232 575 284 627 cap.
296 567 311 612 2
321 561 339 625 )‚
353 560 411 624 qndrl
428 578 441 608 c
451 559 475 610 iu
485 560 559 623 prima
569 565 635 623 parte
649 560 694 611 diei
712 560 793 611 missas
806 561 918 612 celelorme

119 633 180 685 licet.
197 649 211 680 n
224 634 269 684 Sed
283 632 333 683 dies
345 632 428 696 incipit
438 632 451 682 i
460 630 535 680 media
552 634 632 694 nocie,
646 635 672 681 nl
685 631 754 694 suprl
770 632 860 682 dictum
872 635 914 682 est.

121 703 178 769 Ergo
200 705 289 756 videtur
309 704 370 768 quod
392 703 460 753 etiam
483 705 535 766 post
556 702 653 752 mediam
672 707 764 755 noctem
783 703 840 754 licet
861 703 918 753 cete-

121 776 194 826 brace.

154 852 176 896 5.
190 848 309 909 Praeterea,
323 846 452 909 inquadam
463 844 709 898 Eominicalioratione
723 850 810 897 secreta
819 846 916 896 dicitnr:

123 935 137 966 c
152 918 249 969 concede
260 918 333 980 nobis,
345 918 448 980 Domine,
457 930 597 981 quaesumus,
611 918 662 968 hmo
674 917 820 981 frequentare
834 921 917 982 myse-

123 990 165 1041 ria.
180 1005 194 1035 n
212 990 255 1039 Sed
275 991 347 1053 major
360 989 404 1040 erit
421 989 562 1052 frequentia,
578 988 599 1039 si
616 989 686 1038 etiam
699 989 803 1052 pluribus
821 989 884 1039 horis
898 989 919 1036 iu

124 1061 160 1124 pie
171 1061 277 1112 sacerdos
287 1060 402 1111 celebret:
415 1061 473 1122 Ergo
482 1058 648 1124 ridotnr‚quod
658 1073 706 1112 non
717 1060 799 1112 debmt
806 1059 918 1125 prohibui
948 1088 949 1099 ι

123 1132 229 1183 sacerdos
247 1132 333 1196 pluries
352 1133 466 1183 celebrare
489 1132 514 1180 in
534 1132 580 1182 die.
948 1150 949 1153 ¹

153 1205 197 1256 Sed
209 1206 233 1255 in
243 1205 381 1254 contrarium
391 1207 428 1255 est
437 1205 592 1264 consuetudo,
603 1217 671 1267 quam
679 1208 756 1255 serrat
771 1204 874 1255 Ecclesia
886 1218 919 1254 se

123 1275 221 1326 nundina
232 1269 343 1326 canonum
358 1280 452 1327 statuta.

157 1347 311 1411 (Conmnsro.
326 1374 358 1385 -
371 1348 427 1407 Quia
445 1347 570 1399 [lominica
589 1347 703 1410 passionis
725 1349 802 1399 tractu
820 1347 917 1412 quotidie

122 1419 265 1482 indigemus,
281 1423 303 1469 et
322 1416 417 1470 liertia
437 1433 510 1484 usque
536 1420 563 1469 ad
581 1421 659 1470 horam
681 1434 766 1471 nouam
786 1434 870 1485 passus
888 1423 919 1470 osi

123 1490 237 1552 Christus,
249 1490 353 1556 congruit
366 1489 467 1556 qnotidie
481 1495 506 1542 et
514 1490 553 1541 tali
566 1492 624 1541 hora
634 1492 659 1541 in
669 1491 773 1543 Ecclesia
785 1492 824 1544 Dei
835 1493 918 1543 solem-

123 1561 182 1613 niter
195 1562 312 1615 celebrari.
325 1561 334 1624 )

153 1635 288 1699 Respondeo
314 1633 449 1696 dicendum,
469 1635 532 1698 quod
553 1635 612 1685 sicnt
632 1635 717 1685 dicium
738 1638 776 1686 est
796 1637 856 1700 (qu.
876 1640 915 1694 79,

122 1709 166 1758 art.
183 1708 226 1772 t),
237 1708 262 1758 in
275 1707 427 1758 celebratione
449 1708 518 1771 hujus
536 1707 639 1772 mysterii
653 1707 780 1758 attenditur
798 1721 915 1772 repraesen-

123 1780 179 1830 tatio
194 1781 315 1830 Dominicis
329 1779 459 1844 passionis,
473 1783 496 1828 et
509 1777 651 1842 participatio
664 1779 755 1830 Euctus
768 1779 835 1844 ejus,
848 1784 873 1829 et
884 1791 914 1828 se

123 1852 221 1901 cundum
241 1858 361 1915 utrumque
375 1853 475 1915 oportuit
488 1850 639 1902 determinare
655 1854 747 1915 tempus
766 1856 844 1917 apium
864 1852 916 1901 cele
950 1824 951 1879 ¹

124 1923 220 1974 bmtioui
229 1924 297 1987 hujus
305 1924 451 1974 sacramenti.
460 1923 518 1982 Quia
526 1923 588 1973 enim
596 1924 671 1972 fructu
681 1923 806 1975 dominicae
816 1913 916 1987 passoris
950 1928 951 1933 ’

21 2021 22 2064 3
124 1995 225 2058 quotidie
236 1995 376 2058 indigemus,
389 1999 482 2061 propter
493 1995 637 2060 quotidianos
651 1996 770 2056 delectus,
786 1995 914 2060 qnotidiein

21 2065 23 2134 l
124 2067 228 2118 Ecclesia
248 2068 379 2130 regulariter
391 2071 436 2119 hoc
453 2073 620 2120 sacramentum
639 2069 742 2120 edentur.
762 2070 828 2121 Unde
841 2074 864 2121 et
878 2070 914 2117 llo

22 2141 23 2186 1
125 2137 198 2188 minus
214 2151 256 2188 uos
269 2142 346 2202 petere
361 2137 436 2202 docet,
451 2143 522 2197 Lac„
535 2141 565 2191 Xl
578 2156 584 2190 ε
599 2144 708 2190 «Panem
723 2145 830 2191 nostrum
846 2139 913 2204 quoi-

125 2209 216 2259 diaunm
235 2211 263 2260 da
280 2210 346 2261 nobis
363 2211 444 2276 laodie;
462 2229 476 2260 n
492 2213 552 2276 quod
571 2225 690 2275 exponens
711 2212 853 2276 Augustinus
866 2211 912 2260 liin

127 2281 161 2331 lte
171 2281 253 2331 cerdic
262 2283 375 2340 Domini,
390 2284 460 2334 dicit:
472 2302 486 2333 «
497 2284 521 2334 Si
532 2284 676 2348 quotidianus
687 2290 724 2335 est
736 2285 863 2348 parisiac
871 2285 912 2347 post

123 2365 208 2404 aunum
220 2353 284 2404 illum
299 2368 389 2419 sumas,
411 2352 601 2420 quemadmodum
619 2355 692 2407 Gracci
704 2357 728 2406 in
743 2358 838 2408 Oriente
850 2358 911 2406 laone

124 2426 306 2476 consueverunt?
322 2427 400 2491 accipe
415 2425 526 2490 qnotidie,
541 2431 566 2477 uc
576 2427 678 2490 quotidie
690 2427 732 2477 libi
745 2430 854 2491 prosit.»
866 2426 911 2485 oria

124 2496 176 2548 vero
187 2497 305 2548 [lominica
319 2499 395 2562 passio
407 2498 522 2549 celebrata
533 2503 568 2550 est
581 2499 594 2549 i
608 2499 675 2549 tertia
687 2499 744 2549 liora
756 2513 831 2563 usque
843 2500 870 2548 ad
879 2509 911 2546 uo

123 2580 190 2630 nam,
206 2567 256 2618 ideo
272 2569 402 2632 regulariter
416 2571 441 2619 in
454 2570 492 2620 illa
507 2574 572 2634 parte
585 2571 631 2622 diei
644 2570 777 2621 solemniter
790 2572 833 2622 noc
847 2581 911 2621 sacn-

123 2644 224 2691 meutnm
237 2642 261 2690 in
279 2643 382 2693 Ecclesia
396 2642 531 2694 celebratur.

153 2714 190 2763 Ad
204 2713 300 2778 prirnum
319 2727 371 2778 ergo
386 2714 507 2765 dicendum
513 2752 522 2778 ,
538 2714 598 2779 quid
615 2714 640 2764 iu
654 2719 796 2766 sacramento
816 2713 909 2765 recolitur

122 2783 198 2848 passio
218 2783 316 2847 Christi,
328 2788 451 2836 secundum
473 2787 535 2849 qnod
548 2787 598 2849 ejus
611 2785 706 2836 edoctus
722 2787 751 2836 ad
765 2786 842 2838 flddes
855 2781 907 2834 dei·

122 2859 201 2920 ratur3
216 2857 254 2907 sed
269 2859 370 2921 tempore
385 2857 496 2922 passionis
515 2858 624 2908 recolitur
637 2857 715 2920 passio
728 2858 828 2920 Christi,
843 2855 905 2906 solon

122 2929 244 2983 secundun
260 2931 304 2981 hoc
317 2930 376 2994 quod
390 2930 476 2996 inipso
489 2930 566 3000 capite
578 2934 656 2984 nostro
671 2931 714 2981 luit
725 2931 838 2999 perlecta.
852 2925 907 2991 Quoi

49 3161 125 3190 Α

136 3211 151 3254 k
