1942 3284
137 186 183 234 llt
326 195 385 234 rans
401 195 443 248 ιιι,
460 194 556 240 οιιιιει.
570 195 642 246 nm,
657 194 713 237 ιιι.
730 196 750 234 ι.

136 271 264 322 existimate
278 285 320 324 rus
338 276 439 323 mortuos
452 273 543 334 quidem
557 285 607 323 esse
621 276 729 336 peccato,
743 271 857 324 urentes
871 277 938 324 auten

136 343 182 394 lleo
195 343 219 392 in
232 343 322 393 Christo
336 343 388 393 lesu
400 344 497 393 Dourion
510 347 595 393 nostro.
608 360 622 390 u
638 345 671 392 lix
687 355 732 406 quo
747 347 816 406 petet
829 343 895 407 quod
906 357 949 407 prr,

136 414 275 477 baptismum
292 415 360 464 homo
374 414 469 465 moritur
481 413 589 464 vetustati
609 414 710 476 peccati,
727 417 753 463 et
770 414 859 480 incipit
872 416 940 464 virere

135 485 233 536 novitati
251 487 338 550 gratim.
356 488 427 537 Omne
448 491 524 536 autem
541 491 659 550 peccatum
675 486 704 536 ad
721 484 850 550 pristinam
864 491 936 537 retus·

135 557 207 606 tatem
228 556 334 621 pertinet.
350 557 414 608 Unde
431 570 572 621 consequens
588 561 624 607 est
646 558 705 621 quhd
739 569 809 607 omne
830 563 941 622 pcccatun

137 641 178 694 per
189 629 329 693 baptismum
342 631 441 681 tollatur,

171 700 205 749 hd
228 700 326 763 primum
345 714 398 763 crgo
421 699 556 762 dicendum,
570 699 630 763 quhd
648 701 710 751 sicut
729 701 857 764 Apostolus
882 700 940 755 dicit,

140 772 222 832 Rom„
235 772 267 832 V,
282 775 399 836 peccatum
412 773 465 823 ddar
476 785 524 821 non
541 775 628 821 tantum
640 774 716 836 potest
726 810 732 831 ‚
742 776 860 835 quantum
873 777 939 836 potest

141 843 226 892 donum
238 843 336 907 Christi,
347 846 406 907 quod
421 844 444 894 in
455 843 570 908 haptisnro
580 845 705 908 percipitur
715 859 722 893 ε
733 861 748 890 «
760 845 821 894 Nam
834 845 941 907 judicinn

143 925 170 964 ει
189 927 236 964 uno
249 915 274 964 in
293 916 520 977 condemnationem,
536 915 609 979 gratia
624 920 699 966 autem
713 929 742 966 en
756 916 838 966 multis
858 916 941 966 delictis

142 984 167 1034 in
181 985 377 1048 justificationem.
402 987 499 1036 »Unde
522 991 545 1037 et
569 987 708 1049 Augustinus
731 986 785 1037 dicit
800 987 828 1037 in
852 987 894 1037 lih.
913 987 942 1035 lle

143 1055 271 1120 baptismo
285 1057 452 1118 paruulorum
460 1057 506 1122 (1),
521 1057 604 1122 quhdn
618 1060 740 1121 generante
751 1070 833 1120 carue,
847 1062 942 1108 tantun·

145 1129 212 1180 morlo
225 1129 321 1179 trahitur
334 1135 454 1194 peceatum
466 1130 590 1192 originale,
601 1133 747 1194 regenerante
761 1133 841 1180 autem
854 1129 942 1194 Spiritu,

145 1213 192 1251 non
212 1200 284 1252 solim
298 1201 456 1266 originalium,
470 1203 510 1254 sed
524 1203 593 1252 etiam
607 1203 785 1253 voluntariorum
799 1202 828 1251 lit
842 1201 940 1252 remissio

144 1277 299 1336 peccalorum.
311 1290 325 1321 u
363 1309 370 1318 .

177 1345 210 1393 hd
224 1344 347 1394 secundum
362 1345 492 1407 dicendum,
506 1344 566 1408 guhd
578 1344 663 1394 nullius
675 1344 764 1409 peccati
776 1344 887 1396 remissio
901 1341 940 1392 leri

145 1419 221 1478 potest
235 1414 280 1465 nisi
293 1429 334 1479 per
347 1415 453 1466 virtutem
471 1416 585 1480 passionis
596 1415 696 1479 Christi;
712 1418 771 1466 unde
785 1421 808 1466 et
824 1415 939 1480 spostolus

145 1485 216 1548 dicit,
231 1486 317 1546 Hebae,
329 1489 375 1548 lll,
390 1487 449 1551 quhd
462 1505 476 1535 u
486 1487 536 1538 sine
547 1489 665 1551 sanguinis
678 1486 790 1537 effusione
804 1502 855 1539 nnn
873 1488 899 1537 lit
915 1498 940 1534 re

146 1557 234 1609 missio.
253 1560 344 1610 »Unde
361 1564 435 1610 motus
452 1560 557 1609 humanm
575 1560 697 1609 voluntatis
719 1559 758 1622 qui
779 1563 815 1608 est
836 1561 865 1609 in
878 1557 942 1623 poni·

146 1633 222 1696 lente,
237 1645 283 1682 non
296 1633 409 1683 sufficeret
423 1633 450 1682 ad
461 1631 617 1682 remissionem
633 1631 715 1695 culpe,
728 1631 774 1682 nisi
786 1633 881 1683 adesset
894 1631 942 1682 lidos

145 1702 258 1766 passionis
273 1704 373 1766 Christi,
393 1708 416 1754 et
432 1704 574 1768 propositum
592 1702 740 1767 participandi
758 1705 833 1766 ipsam
851 1704 890 1753 vel
902 1715 942 1752 suo

147 1774 250 1838 cipiendo
264 1776 414 1839 baptismum,
426 1777 463 1825 vel
477 1774 619 1837 subjiciendo
630 1787 655 1824 se
669 1775 770 1824 clarihus
786 1773 940 1825 Ecclesium

146 1844 211 1905 ideo,
228 1848 318 1910 quando
332 1847 414 1909 aliquis
426 1847 516 1896 adultus
527 1846 642 1910 poenitens
651 1847 679 1898 ad
693 1847 829 1909 baptismum
844 1845 939 1896 accedit.

148 1917 293 1980 corrsequitur
306 1917 396 1980 quidem
408 1917 562 1967 remissionem
577 1917 678 1967 omnium
691 1922 834 1981 peccatorum
855 1931 886 1968 ει
897 1928 941 1980 pro·

147 1988 221 2052 positu
240 1988 362 2052 baptismi,
378 1989 504 2055 pendentiles
524 1994 602 2042 antem
615 2003 644 2040 ει
663 1989 717 2040 reali
734 1989 879 2054 susceptione
893 1989 942 2049 hap·

147 2059 219 2110 tismi.

178 2133 212 2181 hd
225 2131 316 2182 tertium
336 2134 471 2194 dicendum,
487 2133 547 2197 quod
563 2132 620 2183 ratio
632 2132 670 2182 ille
684 2133 788 2197 procedit
807 2133 837 2183 de
850 2133 942 2196 pertine

147 2202 233 2254 laribus
249 2203 378 2268 medicinis3
396 2206 523 2270 hoptismns
543 2214 619 2254 autem
635 2208 741 2266 operatur
755 2203 780 2253 in
799 2205 884 2254 rirlute
897 2215 943 2265 pas

147 2274 219 2325 sionis
238 2275 335 2339 Christi,
350 2289 400 2356 pun
416 2278 451 2326 est
464 2275 598 2326 universalis
616 2274 728 2325 medicina
745 2276 846 2325 omnium
867 2285 943 2338 pecca-

146 2349 228 2399 torum.
244 2347 272 2397 Ut
284 2347 335 2399 iden
348 2363 389 2414 per
403 2349 538 2414 baptismum
556 2346 634 2399 omniu
647 2351 741 2411 peccata
757 2347 875 2398 toUuutur.

179 2499 210 2563 (1)
226 2503 277 2551 Sive
293 2504 327 2552 Do
339 2509 493 2563 peccaturum
506 2503 601 2550 meritis
615 2508 636 2548 ct
648 2503 802 2552 remissione,
815 2503 844 2560 l,
860 2500 898 2546 1⁵.
