1942 3284
217 225 248 262 nn
260 223 402 262 nnsrssroum
417 223 550 262 vencnum!
566 223 731 262 rnccnmnuu.
827 209 869 259 bet

72 297 124 349 cuti
141 299 214 360 fiunt,
232 302 325 362 peccatu
341 298 439 350 venietis
456 297 554 362 remitti3
568 299 692 363 episcopati
711 297 780 349 etiam
803 299 874 349 benc·

73 368 266 432 dictionumque
279 368 404 420 benedicte
416 369 653 434 aspersionealiisque
663 369 792 433 hujusmodi
801 369 871 420 actiu-

75 441 163 500 nibus,
177 444 288 504 quatenus
300 454 350 490 cum
365 439 405 491 bei
420 440 547 491 reuerentia
560 440 724 502 exercentur.)

108 511 246 575 Respondeo
259 511 394 573 dicendum,
404 511 463 576 qubd
478 513 538 563 sicut
550 511 678 562 dictumest
693 511 754 575 (art.
779 512 821 575 t),
842 513 869 562 ad

74 581 236 634 remissionem
249 581 345 632 venialis
366 581 454 646 peccati
468 594 515 632 nou
532 581 651 645 requiritur
668 595 734 633 noue
747 582 825 646 gratie
837 583 871 631 in-

74 653 152 717 fusio;
170 653 210 704 sed
234 653 317 704 sufficit
335 651 418 716 uliquis
439 656 504 703 sotus
524 653 650 717 procedens
670 666 698 703 er
718 652 806 717 gretia,
825 666 871 715 quo

75 725 162 789 aliquis
175 725 298 776 detestetur
316 729 434 788 peccatum
447 723 538 776 ueninfe
550 725 589 774 rel
602 724 726 788 explicite,
739 726 777 776 uel
789 725 870 775 saltem

75 794 202 859 implicite,
222 794 280 845 sicut
299 793 351 845 cium
369 794 450 858 aliquis
464 795 578 846 ferventer
588 799 695 846 movetur
707 795 733 846 iu
745 796 825 846 ficum.
839 795 870 844 Et

76 867 133 918 ideo
155 865 239 930 triptici
257 865 344 916 ratione
367 865 442 928 aliqua
462 867 557 915 musnnt
575 866 731 916 remissionem
748 866 870 916 venialium

75 940 230 1001 peccutomm.
248 937 299 986 Uno
312 935 378 986 modo
390 936 416 986 in
432 937 543 1000 quantum
557 936 582 986 in
596 936 631 986 eis
649 935 776 985 infunditur
787 936 869 998 gratim

77 1006 134 1071 cruia
142 1019 183 1071 per
192 1007 326 1058 infusionem
335 1004 529 1070 gratistolluntur
541 1006 638 1057 venialia
650 1009 754 1071 peccatu,
764 1009 790 1055 ut
802 1008 871 1070 cupri

77 1079 165 1130 dictum
183 1082 219 1128 est
233 1081 273 1128 :et
284 1079 328 1128 boc
341 1078 407 1128 modo
420 1091 461 1140 per
474 1076 632 1128 eucharistiam
645 1080 669 1126 et
677 1080 801 1127 extremum
814 1091 870 1126 unc-

76 1149 166 1200 tionem
178 1152 201 1198 et
214 1146 371 1198 universaliter
383 1161 426 1212 per
444 1147 521 1199 omniu
531 1151 671 1198 sacramenta
687 1145 831 1210 novaelegis,
844 1148 871 1196 in

77 1221 162 1284 qubus
169 1219 284 1270 confertur
294 1219 365 1282 grstia
372 1257 379 1280 ,
387 1223 479 1282 peccatu
490 1219 588 1270 ueniolia
594 1218 746 1269 remittuntur.
756 1217 869 1279 Secundb‚

77 1292 226 1353 inquantum
241 1295 294 1341 sunt
307 1304 359 1341 cum
372 1290 447 1353 aliquo
462 1293 526 1341 motu
538 1288 692 1341 detestationis
706 1292 869 1352 peccatomm:

79 1366 106 1414 et
123 1361 167 1412 hoc
183 1361 249 1412 modo
268 1360 382 1412 confessio
399 1361 522 1425 generatis,
535 1361 613 1411 tunsio
625 1358 735 1423 pectoris,
755 1362 779 1408 et
799 1357 871 1409 brutio

79 1431 213 1494 bomiuicn,
224 1437 344 1496 operantur
360 1432 388 1482 ad
400 1432 554 1482 remissionem
567 1431 690 1481 venialium
703 1431 848 1493 peccatorum
861 1444 868 1476 .·

80 1516 136 1554 nem
153 1501 178 1553 iu
193 1504 294 1554 oratione
311 1502 424 1553 bominicu
440 1506 558 1566 petimus:
574 1500 694 1551 «Dimitte
712 1499 778 1550 nobis
794 1499 871 1550 debite

79 1577 169 1626 nostre.
180 1589 194 1621 s
205 1573 282 1625 'f'ertib
295 1575 361 1625 modo
375 1575 400 1624 in
413 1577 524 1637 quantum
538 1577 593 1623 sunt
606 1585 658 1621 cum
671 1570 746 1632 utiquo
759 1573 823 1620 motu
835 1584 872 1619 re-

81 1644 189 1696 verende
203 1645 227 1695 in
238 1647 325 1708 Deum,
338 1649 361 1696 et
374 1646 449 1696 adres
461 1643 549 1694 diuinus
559 1659 566 1693 c
578 1646 602 1693 et
614 1643 658 1693 boc
667 1642 733 1692 modo
745 1641 871 1691 benedictio

78 1716 229 1780 episcopatis,
244 1717 345 1780 aspersio
358 1729 422 1780 aquae
434 1714 567 1774 benedicte,
585 1713 693 1777 quelibet
704 1713 872 1762 sacmmentatis

79 1787 177 1848 unctio,
187 1787 259 1840 oratio
271 1787 296 1837 in
306 1787 402 1838 ecclesia
414 1787 530 1847 dedicati,
543 1788 568 1835 et
584 1785 605 1834 si
618 1782 693 1846 aliqua
708 1781 753 1832 uffa
763 1784 817 1830 sunt
829 1783 873 1830 hn-

77 1857 190 1921 jusmodi,
203 1861 323 1922 operentur
340 1859 369 1908 ad
381 1856 536 1908 remissionem
552 1854 676 1905 venialium
688 1855 841 1918 peccatorum.

113 1928 148 1978 nd
161 1929 258 1992 primum
268 1941 321 1991 ergo
331 1928 459 1988 dicendum,
472 1926 534 1991 qudd
544 1925 620 1978 omnin
632 1925 677 1974 ista
689 1926 783 1973 causant
792 1921 873 1972 remis-

79 1999 169 2049 sionem
182 2003 323 2062 peccutomm
335 1999 470 2061 venialium,
484 1999 509 2048 in
522 2000 631 2061 quantum
649 1994 761 2046 inclinant
773 1992 872 2044 animum

80 2069 111 2120 ud
125 2073 211 2119 motum
222 2071 370 2134 poenitentiae,
385 2071 424 2133 qui
437 2074 471 2121 est
482 2068 602 2120 detestatio
614 2073 769 2132 peccatorum,
779 2067 817 2117 uel
830 2066 873 2116 im-

80 2138 173 2204 pliciti,
189 2141 226 2191 uei
237 2139 351 2205 explicite.
899 2155 903 2165 ·

115 2210 150 2260 nd
166 2211 289 2261 secundum
305 2211 441 2272 dicendum,
451 2210 515 2276 ¹uudd
527 2209 603 2262 omnia
615 2209 661 2258 istu
674 2211 783 2270 quantum
796 2211 831 2257 est
843 2209 871 2258 do

83 2293 108 2331 se
120 2285 243 2344 operantur
254 2283 283 2332 ed
294 2281 451 2332 remissionem
466 2281 567 2332 omnium
580 2283 722 2342 peccatorum
737 2274 870 2337 venialium
892 2271 916 2289 ““

84 2356 159 2416 potest
179 2359 256 2404 tomen
274 2351 380 2416 impediri
396 2352 498 2403 remissio
517 2355 627 2416 qnantum
644 2348 672 2399 ud
689 2348 764 2411 afiqm
780 2353 872 2411 peccata

83 2421 196 2485 venialia,
208 2423 290 2486 quibus
303 2435 367 2473 mens
379 2422 496 2472 ictuufiter
507 2423 621 2482 inheret,
634 2418 694 2468 sicut
707 2422 731 2470 et
748 2417 872 2480 perfetio

84 2505 137 2544 nem
149 2493 262 2544 interdum
281 2493 403 2557 impeditur
418 2493 512 2544 effectus
526 2490 641 2555 baptismi.

114 2563 149 2614 td
161 2563 254 2616 tertium
267 2565 404 2627 dicendum,
416 2563 475 2628 qubd
485 2577 527 2628 pen
538 2561 649 2627 predicta
662 2558 770 2610 tolluntur
780 2559 871 2622 quidem

85 2640 176 2700 peccatu
196 2634 293 2685 venialia
312 2639 421 2698 quantum
439 2635 467 2684 ad
488 2634 591 2698 culpam,
602 2632 652 2682 tium
670 2631 753 2681 uirtute
774 2629 871 2693 alicujus

36 2743 43 2760 ,‚
84 2705 261 2768 satisfactionis,
275 2705 326 2754 cium
337 2705 406 2756 etiam
419 2705 502 2757 uirtute
519 2704 635 2754 charitatis
643 2740 651 2766 ,
665 2703 730 2766 cujus
741 2706 814 2750 motus
830 2714 871 2763 per

84 2776 329 2842 predecessorum
354 2790 400 2827 non
421 2780 498 2826 nutem
518 2788 558 2839 per
577 2775 691 2839 quodlibet
713 2770 870 2834 pfaedtctorunt

85 2862 174 2913 semper
193 2846 278 2898 tollitur
290 2851 351 2898 totus
363 2852 438 2898 reatus
449 2859 531 2911 poeuae,
546 2847 598 2910 quia
612 2847 646 2895 sic
654 2844 693 2906 qui
707 2845 766 2890 esset
779 2841 871 2890 omuino
908 2848 910 2853 ·

85 2918 192 2972 immunis
208 2915 325 2980 dpecceto
343 2919 431 2968 mortali
450 2930 556 2978 uspersus
576 2930 633 2976 apuu
653 2911 771 2963 benedictn
794 2912 872 2960 stetim
962 2910 963 2967 ζ
