1942 3284
236 205 267 244 nn
281 205 386 243 mracrn
401 205 477 274 nurus
495 207 657 246 srmurrrr.
803 196 850 246 ttt

345 388 509 440 narrandas
523 389 553 440 V.

35 519 135 567 tltrutm
149 515 273 562 character
286 517 360 562 autur
376 517 469 563 ordinis
479 518 509 563 de
524 520 660 565 necerattcte
671 524 840 577 precurreret

190 569 349 625 characterem
358 581 459 626 alteritas
468 581 571 626 ordinis

67 711 108 762 Ad
125 709 231 776 quintum
247 710 280 761 sic
297 709 432 776 proceditur
450 711 547 762 videtur
569 713 631 776 quod
647 715 762 765 character
773 713 845 766 uuius

34 781 134 834 ordinis
144 786 308 862 presupponat
320 782 348 832 de
357 782 493 833 necessitate
493 765 660 836 characterem
676 786 771 836 alterius
784 786 847 838 ordi-

35 853 87 906 nis.
109 852 168 912 Quia
190 853 263 917 major
280 855 315 904 est
327 852 488 904 convenientia
501 853 588 905 ordinis
600 855 630 905 ad
645 855 847 921 ordinamenta

34 924 130 978 ordinis
143 924 243 975 adalind
259 929 437 976 sacramentum.
449 926 494 976 Sed
508 927 626 977 character
638 927 725 978 ordinis
735 942 845 994 prerup-

33 997 107 1062 ponit
121 996 275 1048 characterem
285 997 380 1048 alterius
394 998 546 1059 sacramenti,
556 998 644 1049 scilicet
654 1000 771 1064 baptismi.
783 1000 842 1065 Ergo

37 1067 117 1118 multh
132 1066 214 1118 iortids
227 1069 343 1118 character
356 1069 516 1120 uninsordinis
526 1070 682 1134 presuppcnit
690 1072 845 1125 characterem

39 1139 151 1190 alterius.

72 1214 100 1260 2.
121 1211 252 1271 Praeterea,
270 1209 362 1260 ordines
377 1213 432 1261 sunt
444 1210 537 1275 quidam
554 1212 646 1277 gradus.
656 1212 701 1264 scd
715 1212 792 1264 nulius
804 1227 847 1278 po·

41 1284 92 1331 aest
105 1280 228 1346 pervenire
240 1281 266 1331 ad
276 1281 426 1345 posteriorem
436 1282 530 1346 gradum
541 1321 547 1345 ,
559 1283 606 1334 uisi
616 1283 680 1348 priuis
690 1283 847 1335 conscenderit

41 1353 71 1404 ad
88 1352 198 1417 priorem.
213 1353 272 1416 Ergo
290 1353 365 1404 nuilus
381 1357 458 1418 potest
477 1354 580 1419 accipere
593 1356 745 1407 chamemrcm
760 1355 848 1409 ordinis

41 1422 178 1487 sequentis,
189 1423 234 1474 nisi
247 1422 311 1488 prids
325 1424 438 1488 acceperit
450 1424 554 1476 ordinem
566 1426 741 1490 precedentem.

75 1495 124 1546 Sed
139 1497 217 1546 contra
232 1511 237 1545 :
253 1495 277 1546 Si
292 1495 407 1546 omittatur
421 1495 506 1560 aliquid
525 1496 551 1545 in
567 1501 718 1562 sacramento,
735 1498 795 1562 quod
812 1499 844 1550 sit

42 1567 73 1616 de
81 1567 221 1617 necessitate
234 1566 382 1630 sacramenti,
393 1571 482 1630 oportet
491 1567 553 1630 quhd
566 1573 731 1619 sacramentum
741 1569 844 1620 iteretur.

43 1637 93 1688 Sed
108 1637 129 1688 si
143 1637 225 1701 aliquis
240 1637 335 1703 accipiat
343 1641 476 1700 sequentem
490 1637 593 1688 ordinem
602 1639 755 1702 praetermisso
763 1639 846 1703 primo,

40 1720 90 1757 non
106 1707 282 1772 reordinabitur,
294 1708 333 1758 sed
350 1707 464 1757 confertur
477 1707 524 1772 ipsi
535 1709 596 1770 quod
614 1709 705 1771 deerat,
720 1706 845 1759 secundnm

43 1782 131 1829 statuta
144 1778 270 1829 canonum.
281 1780 341 1844 Ergo
352 1777 486 1843 precedens
496 1780 551 1830 ordo
564 1784 656 1830 nonest
668 1781 697 1830 de
706 1779 844 1831 necessitate

43 1851 173 1914 sequentis.

77 1916 240 1986 (Coroneam.
251 1949 282 1960 -
291 1923 343 1972 Non
354 1924 443 1986 oportet
458 1926 484 1972 ut
500 1923 540 1986 qui
551 1922 650 1985 majores
662 1922 753 1974 ordines
767 1933 846 1974 susce·

44 1997 141 2058 petunt,
155 1993 256 2045 minores
266 1992 329 2058 pride
341 1992 476 2058 habuerint,
491 2007 622 2059 quanquam
631 1993 734 2045 Ecclesia
743 1993 848 2045 sieordi·

46 2063 103 2114 nate
112 2063 204 2114 ordines
214 2063 312 2115 conferri
323 2064 444 2126 statnmd,
455 2068 481 2114 ut
493 2065 558 2130 prids
571 2065 688 2127 minores,
700 2063 784 2116 deinde
798 2076 847 2115 ma·

46 2131 113 2196 jures
125 2134 288 2199 recipiantur.)

77 2207 214 2272 Respondeo
234 2205 370 2268 dicendum,
387 2205 446 2270 qndd
461 2219 509 2258 non
523 2209 559 2257 est
577 2206 606 2256 de
620 2206 756 2259 commitata
774 2218 845 2271 supc-

46 2278 134 2329 riorum
152 2278 272 2341 ordinum,
286 2277 346 2342 qudd
359 2278 441 2342 aliquis
454 2279 555 2329 minores
564 2278 659 2329 ordines
672 2277 736 2342 priuis
752 2280 846 2341 haheat,

44 2351 101 2412 qnia
114 2353 239 2416 potestates
251 2352 304 2400 sunt
316 2348 444 2412 distincte,
455 2353 478 2400 et
489 2363 535 2400 una
546 2349 658 2413 quantun
670 2354 706 2400 est
719 2351 748 2400 de
760 2349 797 2401 sut
811 2362 847 2400 ra·

44 2420 122 2482 tione,
138 2433 184 2471 uon
200 2419 296 2485 requirit
310 2419 376 2470 aliam
395 2419 517 2471 incudem
534 2421 647 2485 subjecto.
663 2423 692 2472 Et
708 2421 761 2472 ideo
775 2419 846 2471 etiam

42 2489 68 2540 in
81 2492 199 2556 primitiva
212 2491 328 2552 Ecclesia,
337 2492 409 2556 aliqui
423 2492 588 2543 ordinabantur
601 2493 625 2541 in
638 2494 793 2558 presbyteros,
805 2491 847 2555 qni

44 2563 110 2625 prius
124 2563 241 2614 interiores
256 2562 347 2614 ordines
360 2575 406 2612 non
425 2568 587 2627 susceperant,
602 2568 626 2615 et
645 2569 722 2613 tamen
739 2565 846 2626 poteraut

45 2633 122 2683 omnia
136 2648 186 2698 qua
204 2634 324 2686 interiores
336 2633 427 2685 ordines
440 2638 537 2697 possunt
547 2673 554 2695 ,
566 2636 621 2699 quia
632 2633 727 2685 interior
742 2636 846 2697 potestas

45 2705 247 2769 comprehenditur
257 2705 281 2756 iu
290 2705 401 2769 superiori
410 2705 504 2768 uirtute,
519 2705 577 2756 sicut
588 2719 669 2757 sensus
681 2703 844 2766 ininteliectu,

45 2778 69 2824 et
82 2776 176 2826 ducatus
190 2775 214 2826 in
228 2789 306 2840 reque.
322 2775 367 2826 Sed
380 2779 459 2839 postea
473 2789 514 2840 per
530 2777 717 2828 constitutionem
736 2774 846 2827 Ecehsia

45 2844 220 2897 determinatum
230 2850 266 2898 est
274 2845 336 2912 quid
352 2847 380 2898 ad
390 2847 488 2912 majores
497 2849 588 2900 ordines
601 2861 627 2898 se
640 2860 688 2897 non
701 2846 791 2912 ingerat
802 2845 843 2910 qui

46 2914 109 2979 pudo
121 2917 146 2966 in
154 2915 279 2970 minorihus
294 2918 377 2970 officiis
389 2931 414 2970 se
427 2930 472 2970 uon
480 2917 625 2982 humiliarit3
638 2919 723 2971 atinde
735 2917 847 2978 estquod
