1942 3284
124 180 169 227 ceo
281 166 477 230 currumpunt,
496 182 589 227 oomsr.
606 182 646 231 nt,
661 183 717 220 ιιτ.
733 183 760 220 v.

48 256 51 263 '
124 261 220 327 justitie
232 259 334 313 executio
343 265 379 310 eet
390 259 415 309 in
425 262 549 323 precepto·
559 257 618 319 Ergo
627 261 773 309 nontenetur
779 260 836 323 quie
845 260 916 311 entur

126 334 259 397 peecatum,
271 331 332 395 quod
340 330 365 381 in
379 327 523 381 confessione
536 326 670 390 audirit,ei
684 326 743 378 ullis
755 328 838 392 ipsum
851 330 915 381 uuirt.

157 402 318 467 (coruuusro.
328 426 360 438 -
372 400 397 451 si
415 398 534 450 imminent
551 398 689 460 necessitas,
701 402 780 463 potum
797 400 918 451 contestor
956 427 957 430 =

125 472 219 536 prodere
230 486 280 536 qum
295 471 339 522 sibi
350 470 374 522 in
384 468 526 521 eonleurione
538 468 600 519 dieti
613 469 717 532 luerunt,
727 469 798 520 modo
812 479 871 521 unte
881 475 917 520 ιιι

124 546 176 607 post
194 542 358 593 contessionem
380 552 407 591 en
426 539 557 603 resolverit3
576 538 608 589 itu
624 542 700 588 tumen
722 543 749 589 ut
766 552 797 589 en
810 541 877 591 dioet
893 547 916 591 ut

18 606 24 617 '
121 614 207 673 lromo,
222 610 399 672 nundinum.)

155 682 291 747 Respondet>
309 680 445 745 dicendum,
456 679 517 744 qnod
534 680 593 732 tiron
612 680 657 731 lroe
669 683 705 730 ert
714 680 803 744 triplex
813 683 912 747 opinio:

123 753 214 819 quidam
225 752 286 804 enim
299 752 392 813 dicunt,
404 749 466 816 qood
478 749 616 815 illudendi
627 750 654 800 in
670 751 819 803 oonleesione
836 754 917 816 aliquis

124 822 226 886 audivit,
247 835 294 875 non
314 824 389 887 potest
407 819 483 885 aliquo
502 820 569 873 modo
584 820 660 871 dione
678 821 734 885 alii,
751 822 848 873 etiamsi
865 825 916 873 aliis

122 891 204 957 seivit,
223 891 272 944 uine
287 896 340 943 ante
347 928 357 956 ,
369 890 418 942 sire
435 895 497 955 post
512 890 607 950 Quidum
618 890 674 941 rerd
688 890 785 952 dieunt,
798 893 864 956 ruod
879 907 915 957 pn

122 962 285 1017 noniessiouem
297 960 442 1034 praeluditur
455 960 500 1012 sibi
513 960 561 1024 ιιι,
570 972 601 1011 ne
612 960 686 1025 posuit
702 960 792 1025 aliquid
805 963 913 1015 dinerele

120 1035 167 1092 hoe
176 1032 237 1099 qnod
246 1032 310 1098 prius
324 1032 405 1095 seivit3
417 1044 465 1082 non
476 1035 553 1083 numm
566 1030 622 1094 quin
633 1030 705 1095 poerit
716 1031 810 1094 dicere,
827 1032 852 1083 ri
864 1040 913 1097 port

118 1104 168 1165 dio
184 1104 252 1156 modo
268 1103 333 1155 erint.
352 1104 450 1165 utraque
468 1100 636 1166 nutum-opinio
648 1102 703 1152 dnm
723 1101 825 1152 nimium
842 1102 911 1166 dgito
956 1139 957 1172 p

119 1174 273 1235 ueniesnionis
290 1172 407 1234 attribuit,
426 1171 582 1236 prejudicium
601 1171 692 1224 voitu
710 1176 736 1222 et
753 1172 855 1235 justine
869 1188 913 1225 rer·

123 1245 202 1301 rende
210 1244 274 1297 ιιιιι.
285 1244 366 1296 Ροιιιι
381 1241 442 1295 enim
455 1241 538 1306 aliquis
555 1242 584 1293 ad
593 1242 730 1307 pereundum
743 1254 798 1294 esee
813 1245 910 1307 monim,

119 1314 142 1369 ri
158 1326 204 1373 non
216 1314 304 1367 timeret
320 1314 348 1365 ab
363 1313 404 1364 illo
421 1312 538 1374 recusuri,
552 1312 590 1364 eni
604 1311 722 1364 nonterrue
735 1316 788 1374 ert,
801 1316 825 1364 ei
838 1328 910 1366 eorru

121 1384 161 1443 llio
174 1388 294 1449 promtum
301 1383 402 1437 iteraret.
414 1382 522 1434 Similiter
534 1381 603 1435 etium
614 1382 710 1433 multum
721 1383 823 1445 justitie
841 1386 910 1449 perire

122 1453 219 1519 peterit,
232 1454 252 1505 ιι
264 1452 421 1505 testimonium
433 1452 494 1504 terre
510 1453 592 1517 aliquis
604 1464 651 1504 non
670 1458 749 1517 porret
761 1455 792 1504 de
809 1468 839 1506 eo
855 1457 909 1519 quud

122 1524 188 1589 vidit,
199 1526 293 1588 propter
309 1523 476 1576 confusionem
496 1523 525 1574 de
535 1524 579 1575 lroe
592 1523 675 1576 trouu
689 1536 752 1575 :nee
764 1524 843 1575 οιιιιιι
855 1526 910 1589 quod

120 1593 213 1659 quern
225 1594 385 1659 dieuntqnod
397 1593 465 1645 debet
474 1592 595 1658 protestari
611 1606 636 1644 se
650 1606 697 1655 non
706 1595 909 1659 tenerwmmun

121 1667 179 1731 hor,
188 1665 243 1731 quid
254 1666 299 1718 hoe
311 1679 357 1717 non
370 1669 448 1731 posset
459 1663 643 1729 protendunt
658 1667 780 1728 poutqurrn
794 1671 908 1729 perator

122 1740 183 1791 erret
194 1734 238 1789 ribi
246 1735 338 1789 ιιιιιιιιιι.
349 1736 378 1786 Et
385 1740 440 1785 tune
450 1734 546 1799 quilibet
557 1734 662 1785 rroerdos
673 1738 762 1798 posset,
770 1734 827 1785 oum
835 1736 909 1793 vellet,

122 1807 224 1859 revelare
235 1810 353 1870 peceatum
367 1805 552 1870 protestationem
566 1804 683 1866 iaciendo,
695 1802 718 1853 ei
731 1804 778 1855 iroe
795 1805 907 1869 ipsomet

121 1876 268 1929 revelandum
279 1876 375 1927 liberum
392 1875 506 1926 redderet.
528 1874 556 1923 Et
571 1873 623 1923 ideo
640 1872 684 1923 aliu
701 1872 781 1936 opinio
797 1880 837 1925 est
851 1889 909 1926 com·
954 1927 955 1930 ,

123 1944 222 2009 munior,
236 1944 297 2009 qnod
315 1944 371 1995 illud
392 1946 451 2008 quod
466 1946 535 1995 homo
555 1943 612 1993 aliis
630 1943 673 1993 ruit
684 1942 735 1993 sire
753 1948 809 1994 ante
824 1946 910 1996 nonie-

122 2017 210 2067 sionem
223 2014 271 2065 sive
288 2018 355 2078 pust,
371 2027 416 2065 non
434 2018 524 2065 tenetur
535 2013 610 2063 celare
620 2049 627 2071 ,
638 2010 748 2074 ouantium
769 2015 799 2064 ud
818 2015 910 2078 idqund

122 2085 167 2133 seit
178 2084 297 2134 ruthouro:
312 2087 390 2147 potest
401 2083 462 2134 enim
475 2084 551 2134 dicere
565 2100 572 2130 ι
588 2082 664 2132 «Scio
676 2081 748 2143 illud,
761 2084 817 2146 quir
834 2085 908 2135 rid'ur

72 2150 74 2155 '
121 2156 219 2205 Tenetur
234 2157 311 2203 tumen
330 2154 403 2204 eelnre
420 2154 476 2204 illud
484 2190 494 2217 ‚
506 2153 530 2203 in
548 2158 657 2216 quantum
676 2152 722 2202 seit
734 2157 760 2202 ut
773 2156 848 2215 lieus3
866 2168 910 2205 nor
953 2181 954 2188 ι

120 2224 181 2273 enim
191 2227 268 2287 potest
276 2222 351 2275 dicere
364 2240 370 2272 ι
381 2240 396 2272 ιι
410 2224 457 2287 Epo
465 2225 510 2275 hoo
521 2223 629 2273 audiriin
638 2222 814 2274 confessione.»
825 2227 909 2275 Tamen

120 2296 213 2356 propter
229 2293 360 2344 scandalum
377 2294 494 2345 uitandum
514 2293 582 2344 debet
600 2291 713 2343 abstinere
725 2305 755 2342 no
773 2294 802 2343 de
822 2295 867 2345 lroe
879 2295 910 2344 lo

119 2367 203 2427 quatur
215 2361 260 2413 nisi
274 2362 393 2413 imminent
405 2364 538 2415 necessitas.

151 2432 186 2482 ld
203 2430 302 2495 primum
320 2444 373 2497 ergo
386 2433 519 2496 dicendum,
535 2430 596 2496 qnid
607 2432 697 2497 quando
710 2432 792 2495 aliquis
810 2434 868 2484 dieii
884 2447 908 2483 re

119 2500 219 2564 uidisse,
232 2500 293 2563 quod
309 2499 334 2550 in
356 2501 499 2554 confessione
521 2502 622 2564 audivit,
641 2515 687 2553 non
704 2502 791 2552 revelat
808 2504 869 2567 quod
886 2504 909 2551 in

119 2570 261 2621 confessione
274 2568 376 2630 audiuit,
391 2570 435 2620 nisi
455 2584 496 2635 per
509 2572 629 2632 recidens3
644 2570 704 2619 sient
714 2569 756 2633 qui
767 2570 812 2621 seit
824 2572 909 2635 nliqmd

119 2652 162 2701 per
172 2639 273 2690 nuditum
280 2640 305 2687 et
316 2638 405 2701 riuum,
416 2652 463 2691 non
473 2640 560 2691 rerelnt
569 2642 630 2704 qnod
639 2640 696 2690 vidit
706 2653 747 2703 per
754 2654 779 2689 ee
788 2642 907 2704 loquendo,

120 2708 140 2755 ιι
153 2706 215 2758 dieat
231 2718 257 2757 se
269 2705 383 2757 audivisse
396 2722 402 2755 r
416 2711 455 2761 red
469 2723 511 2773 per
523 2710 643 2771 recidens,
657 2708 711 2771 quir
723 2710 781 2759 dicit
799 2710 907 2769 auditum,

120 2777 157 2891 ¹cni
166 2778 248 2828 recidit
261 2775 335 2825 virum
349 2790 410 2831 esse.
425 2780 453 2830 lit
465 2781 518 2833 ideo
530 2780 583 2831 triu
596 2780 696 2844 sigillum
707 2780 856 2833 confessionis
864 2795 908 2833 non

128 2845 211 2907 'tangit
525 2845 529 2850 ”
