1942 3284
229 163 464 205 oesoscumrrsuo
478 163 623 204 stratorium.
779 158 826 206 att

76 240 221 304 (munero.
230 241 361 292 -bliuimb
374 241 457 292 salvari
471 247 568 306 possunt
582 244 620 306 qui
636 255 678 294 neo
687 253 762 295 rensc
771 251 825 298 roto

47 311 138 374 baptismi
147 318 307 364 sacramentum
317 314 470 378 susceperint3
481 315 520 378 qni
530 315 585 365 verb
597 315 676 365 saltem
685 319 739 366 voto
750 330 826 368 sacra-

48 387 131 433 uentum
141 384 245 448 baptismi
255 383 406 448 susceperint,
418 385 462 436 etsi
471 398 517 436 nou
528 399 562 446 re,
577 387 660 436 salvari
670 389 794 453 possunt.)

73 455 193 519 despondeo
210 456 344 517 dicendum,
359 455 418 520 qubd
438 461 605 508 sacramentum
621 459 727 522 baptismi
747 461 826 525 dupli-¹

51 524 92 576 citer
104 531 175 590 potest
192 528 259 576 alicui
276 529 375 578 deesse:
391 541 437 578 uno
451 530 533 590 modo,
550 532 573 579 et
591 543 628 592 re,
641 533 664 579 et
680 535 746 593 voto,
768 533 827 594 quod

49 598 137 662 coolmgil
151 599 249 662 illisqui
263 613 306 649 neo
319 599 471 664 baptizantur,
483 613 527 652 neo
539 599 647 664 baptizari
661 601 751 665 volunl3
767 603 827 666 quod

50 669 147 721 namlmtl
166 670 195 718 ad
215 673 372 734 contemptum
390 671 523 722 sacramenti
543 672 654 736 pertinet,
675 673 783 736 quantinus
800 675 827 724 ad

51 737 89 788 illos
102 742 135 804 qui
150 741 238 791 babent
256 756 322 792 usum
336 741 402 792 liberi
420 743 515 793 arbitrii.
531 743 559 792 Et
573 743 625 794 ideo
640 745 664 794 bi
680 745 762 808 quibus
782 747 827 796 boc

48 812 101 861 modo
119 813 181 864 deest
195 813 323 877 baptismus
343 815 438 864 salutem
457 814 564 877 consequi
585 829 631 865 non
649 821 759 880 possunt,
774 818 827 881 quia

45 893 78 930 uec
88 885 275 935 sacramentaliter
286 898 330 936 nec
344 885 470 935 mentaliter
483 886 575 937 cbristo
585 887 770 952 incorporantur,
785 902 827 952 per

45 967 97 1014 qoem
109 958 181 1006 solum
193 960 227 1007 est
235 957 307 1008 salus.
319 957 369 1008 allio
377 959 444 1007 modo
453 962 530 1021 polest
541 963 705 1008 sacramentum
718 959 826 1023 baptismi

45 1024 96 1075 aliem
106 1029 197 1090 deesse,
213 1042 251 1090 re,
271 1029 312 1079 sed
325 1042 371 1079 uon
385 1033 454 1091 rot03
470 1029 528 1080 sicut
546 1029 597 1080 ctam
618 1030 699 1094 aliquis
716 1029 827 1095 baptizari

43 1097 147 1163 desiderat,
156 1103 197 1151 sed
208 1101 285 1164 aliquo
294 1114 349 1152 casu
361 1102 501 1166 presumitur
512 1107 593 1161 morte,
607 1103 727 1166 antequbm
739 1103 827 1167 baptis·

42 1182 92 1220 mum
104 1173 219 1238 suscipiat.
231 1173 321 1224 littalis
333 1174 384 1224 siue
393 1174 507 1237 baptismo
517 1175 599 1224 actuali
608 1175 704 1224 salutem
716 1175 825 1239 consequi

42 1247 113 1307 ptest,
125 1250 217 1309 propter
229 1244 368 1295 desiderium
381 1245 497 1309 baptismi,
509 1245 568 1308 quod
582 1246 684 1309 procedit
695 1259 723 1296 ex
734 1246 828 1310 iide'per

42 1312 170 1366 dicationem
182 1320 307 1380 operante,
317 1329 359 1379 per
374 1330 442 1379 quam
458 1316 517 1367 beus
526 1316 622 1367 interius
632 1318 747 1368 bominem
761 1329 828 1368 sauc-

43 1386 114 1450 bicat,
130 1388 198 1452 cujus
214 1388 321 1452 potentia
340 1389 487 1438 sacramentis
500 1387 628 1438 visibilibus
648 1399 694 1438 non
714 1387 826 1451 alligatur.

43 1455 95 1508 dude
106 1459 236 1510 Ambrosius
246 1459 300 1510 dicit
309 1461 337 1510 de
346 1458 520 1522 Valentiniano,
532 1459 571 1524 qui
581 1461 757 1510 catechumenus
768 1473 828 1510 mor·

45 1531 136 1581 tuusluit
154 1549 161 1582 ε
181 1550 196 1579 «
210 1533 282 1592 erem
299 1534 472 1594 regeneraturus
495 1543 556 1582 eram
576 1531 657 1596 amisi3
671 1533 827 1581 verumtamen

47 1596 78 1648 ille
89 1604 192 1664 patiam,
206 1617 275 1668 quam
291 1603 409 1668 poposcit,
421 1615 468 1653 uon
480 1603 564 1652 amisit.
579 1620 593 1650 u

70 1672 97 1721 ld
107 1675 206 1737 primum
214 1687 269 1738 ergo
278 1674 410 1737 dicendum,
422 1673 482 1738 qudd
492 1673 551 1724 sicut
559 1673 641 1724 dieitur
649 1675 667 1724 l.
680 1676 749 1738 liep,
760 1673 827 1725 xvt:

43 1743 128 1796 oiiomo
140 1746 206 1796 ridet
219 1759 247 1796 ea
260 1760 310 1808 que
322 1750 418 1810 parent,
429 1746 540 1796 Dominus
553 1749 629 1796 autem
643 1746 744 1796 intuetur
755 1759 801 1796 cor.
813 1763 827 1794 u

41 1815 73 1866 lle
85 1823 156 1869 autem
169 1819 210 1884 qui
228 1818 341 1870 desiderat
351 1833 393 1884 per
403 1819 541 1886 baptismum
555 1818 684 1882 regenerari
697 1832 726 1868 ex
738 1829 794 1882 aqua
807 1823 830 1870 et

40 1887 114 1951 Spiritu
127 1891 226 1953 Sancto,
241 1890 308 1941 corde
318 1889 411 1955 quidem
423 1893 570 1954 regeneratus
580 1895 629 1952 est,
644 1891 697 1940 licet
711 1903 757 1940 non
775 1903 830 1940 cor-

39 1972 98 2023 pore3
111 1961 170 2011 sicut
183 1966 209 2013 et
226 1963 349 2026 llpostolus
365 1963 419 2013 dicit
437 1965 518 2018 idom„
531 1963 564 2025 ll,
583 1962 643 2026 qubd
662 1977 675 2009 u
690 1960 830 2012 circumcisio

41 2033 105 2082 cordis
123 2038 159 2083 est
172 2033 197 2082 in
211 2033 312 2098 Spiritu,
326 2047 372 2085 uon
392 2034 416 2082 in
429 2034 521 2094 littera,
535 2033 600 2096 cujus
615 2033 667 2082 laus
684 2045 730 2082 nou
744 2045 773 2082 ex
789 2033 831 2082 bo-

43 2104 142 2168 minibus,
153 2107 193 2156 sed
206 2118 236 2156 ex
248 2107 295 2164 lleo
305 2111 349 2156 est.
365 2123 379 2153 o

50 2177 98 2226 -ld
117 2178 244 2226 secundum
266 2177 400 2236 dicendum,
413 2176 474 2242 qubd
495 2177 571 2227 nullos
588 2175 692 2240 peruenit
712 2177 739 2226 ad
760 2173 830 2225 uitam

44 2250 141 2296 cernam
149 2285 158 2311 ,
173 2247 220 2298 nisi
232 2249 350 2299 absolutus
367 2250 397 2298 ab
410 2247 472 2298 omni
486 2249 551 2313 culpa
565 2251 588 2298 et
601 2250 664 2298 reatu
678 2257 761 2310 pene.
777 2247 831 2306 Quae

42 2318 122 2378 quidem
138 2320 275 2370 uniuersalis
288 2321 399 2370 absolutio
412 2320 437 2369 lit
450 2320 474 2369 in
486 2319 634 2384 perceptione
649 2319 757 2382 baptismi
771 2321 794 2368 et
808 2319 833 2366 in

44 2391 152 2455 staupum
164 2393 327 2455 propterquod
339 2391 420 2440 dicitur
428 2391 488 2454 quod
499 2407 513 2438 o
520 2393 544 2440 iu
554 2390 660 2455 martyrio
670 2390 746 2442 omnia
756 2401 832 2440 sacra-

44 2470 109 2512 menta
118 2463 227 2527 baptismi
240 2465 413 2527 complerimus
424 2463 511 2513 scilicet
522 2462 630 2526 quantiam
639 2463 667 2512 ad
678 2463 768 2526 plenam
777 2460 835 2510 line-

44 2532 142 2584 ratiouem
156 2535 170 2585 'a
184 2536 252 2599 culpa
266 2540 289 2584 et
300 2547 376 2598 poeua.
387 2535 411 2584 si
424 2535 474 2597 quis
488 2547 544 2597 ergo
555 2535 732 2584 catechumenus
745 2533 775 2582 sit
787 2533 832 2581 ba-

44 2601 90 2654 bens
103 2607 240 2658 desiderium
253 2606 360 2669 baptismi
372 2606 443 2672 (quia
461 2605 526 2655 aliter
541 2605 567 2656 in
584 2603 652 2656 bunis
665 2605 771 2668 operibus
787 2615 834 2652 non

45 2682 173 2742 moreretur,
188 2691 241 2742 quae
261 2692 307 2729 non
323 2683 419 2742 possunt
436 2688 488 2728 esse
505 2677 554 2728 sine
569 2677 611 2728 tide
630 2689 671 2740 per
689 2675 837 2726 dilectionem·

45 2750 170 2814 operante),
186 2751 239 2800 talis
252 2750 365 2800 decedens
378 2763 422 2800 nou
437 2747 513 2798 statius
526 2749 632 2812 peruenit
645 2748 673 2797 ad
686 2746 756 2796 vitam
770 2749 836 2794 eter-

44 2831 95 2884 iano,
112 2823 154 2873 sed
171 2823 271 2887 patietur
284 2834 377 2886 penam
395 2835 437 2885 pro
450 2821 564 2885 peccatis,
578 2820 627 2885 ipse
641 2823 718 2870 tamen
731 2835 745 2866 e
759 2815 835 2865 saluus

44 2890 79 2941 erit
91 2893 123 2944 sic
137 2894 204 2957 quasi
217 2907 258 2959 per
272 2893 384 2958 iguem»
399 2896 424 2943 ut
434 2892 517 2944 dicitur
530 2893 547 2942 l.
564 2891 599 2940 od
614 2891 684 2947 Cor„
699 2887 739 2940 lli.

144 3005 189 3045 Vll·
713 2989 728 3036 tt
