1942 3284
190 193 219 228 DE
235 191 390 230 SACRAHENTO
407 192 525 230 XXTREXXAE
542 191 676 230 uncntoms.
789 183 832 229 791

64 275 89 319 2.
107 271 229 328 Praeterea,
241 268 265 318 in
279 269 386 332 operibns
398 268 555 332 corporalibus
568 281 605 318 ars
615 268 705 332 dignior
717 280 836 332 nunqnam

27 341 146 406 praeparat
158 340 274 390 materiam
287 339 405 400 interiori,
419 339 471 404 quia
482 339 570 401 dignior
588 344 625 390 est
639 353 736 403 arsque
749 339 835 403 utitur,

29 414 61 464 ed
74 425 127 475 qum
140 413 262 474 proporat,
274 415 300 460 ut
311 411 393 460 dicitur
406 411 435 460 n.
455 411 554 474 Pdpsie.
571 413 632 473 (art.
649 415 681 460 ΞΒ
690 412 709 473 t.
727 411 773 462 Sed
783 411 838 475 epi-

27 497 121 548 scopus
131 484 166 532 est
179 495 247 546 supra
257 483 407 534 sacerdotem.
423 481 483 545 Ergo
497 495 545 532 non
554 487 668 546 praeparat
681 482 798 534 materiam
811 481 837 531 in

27 557 72 606 illo
92 558 232 604 sacramento
251 567 296 617 quo
313 553 418 602 sacerdos
436 553 518 603 utitur.
534 555 581 604 sed
598 555 702 605 sacerdos
721 554 838 618 dispensat

27 630 79 676 troc
93 628 276 685 sacramentum,
290 626 316 672 ut
331 623 419 674 dicetur
429 623 489 674 intra
500 625 549 689 (qu.
560 627 609 687 tt).
624 627 684 688 Ergo
697 622 841 676 consecratio

27 695 139 747 materiae
152 697 180 746 ad
194 695 326 760 episcopum
338 708 385 745 non
400 695 511 760 pertinet,

65 769 114 818 Sed
127 771 204 818 contra
216 771 251 817 est
261 805 268 827 ,
277 766 336 831 qudd
350 766 420 816 etiam
433 766 457 815 in
469 767 521 817 aliis
535 767 682 820 unctionibus
693 769 787 820 materia
797 781 839 831 per

28 841 170 906 episcopum
187 841 341 889 consecratur.
356 838 415 901 Ergo
432 839 465 888 ita
476 839 545 889 debet
563 851 614 888 esse
626 839 650 888 in
661 840 712 890 ista.

69 912 231 976 (concausro.
244 939 276 948 -
293 910 385 960 Materia
405 911 475 974 hujus
490 911 627 961 sacramenti
643 924 685 974 per
707 911 838 975 episcopum

28 987 171 1034 consecrata
186 977 241 1032 esse
256 981 338 1040 debet,
353 984 379 1030 ut
392 981 539 1032 sacerdotalis
550 985 654 1045 potestas
668 980 697 1030 ab
716 983 839 1046 episcopali

30 1054 143 1105 (tenuata
152 1066 203 1104 esse
214 1052 368 1117 ostendatur.)

64 1124 206 1190 Respondeo
214 1124 335 1175 dicendum
343 1161 352 1188 ‚
360 1123 422 1187 qndd
431 1124 536 1176 minister
547 1125 684 1176 sacramenti
696 1137 742 1174 non
752 1124 840 1174 inducit

29 1199 146 1251 effectum
160 1193 294 1247 sacramenti
308 1195 401 1260 propria
414 1196 516 1259 virtute,
529 1201 556 1249 ut
567 1195 692 1261 principale
706 1208 783 1260 agens,
799 1195 840 1245 sed

28 1286 77 1337 per
96 1268 220 1318 efficaciam
238 1269 374 1318 sacramenti
391 1269 452 1334 quod
466 1269 600 1334 dispensat3
615 1281 667 1332 quse
683 1269 776 1332 quidem
790 1267 841 1318 cm-

28 1341 104 1394 cacia
116 1339 191 1404 prim'o
206 1344 240 1390 est
254 1340 267 1390 d
280 1340 388 1405 Christo,
404 1344 428 1390 et
444 1342 472 1392 ab
482 1341 535 1405 ipso
548 1341 572 1392 in
582 1341 639 1392 alios
653 1339 840 1391 descenditordi-

27 1411 103 1474 nate,
113 1410 199 1460 scilicet
207 1410 232 1459 in
245 1412 364 1475 poputum,
373 1411 525 1463 mediantibus
532 1411 644 1463 ministris
652 1412 692 1476 qni
701 1416 843 1463 sacramenta

27 1485 184 1547 dispensant,
195 1486 218 1532 et
228 1481 251 1530 in
261 1481 379 1532 ministros
386 1482 507 1534 interiores
514 1483 668 1534 mediantibus
675 1483 841 1548 superioribus,

26 1557 76 1622 qui
98 1553 217 1603 materiam
235 1553 385 1604 sanctificant.
408 1554 438 1604 Et
458 1554 510 1605 ideo
528 1554 552 1602 in
570 1555 676 1604 omnibns
695 1555 843 1604 sacramentis

25 1639 88 1691 quse
102 1621 208 1686 indigent
221 1623 317 1674 materid
331 1624 480 1688 sanctificata,
494 1626 567 1688 prima
582 1625 729 1679 sanctificatio
742 1625 843 1675 materia

28 1701 58 1750 tit
84 1709 129 1762 per
150 1694 298 1759 episcopum,
314 1699 336 1746 et
352 1709 407 1745 usus
423 1697 560 1760 quandoque
582 1709 625 1760 per
647 1696 802 1757 sacerdotem,
818 1699 844 1744 ut

26 1768 175 1823 ostendatur
186 1767 333 1818 sacerdotatis
343 1770 445 1831 potestas
460 1767 490 1817 ab
500 1768 627 1832 episcopati
638 1766 751 1830 derivata,
761 1779 844 1816 secun·

26 1843 93 1893 dum
105 1839 162 1890 illud
174 1837 268 1888 Psalm.
281 1839 379 1890 CXXXII
391 1855 398 1887 :
415 1855 428 1887 o
436 1839 502 1889 Sicut
514 1842 654 1902 unguentum
665 1839 689 1888 in
704 1837 778 1902 capite
790 1839 844 1898 (sci-

24 1915 94 1964 licet
106 1911 133 1960 in
144 1909 248 1973 Christo)
260 1948 267 1971 ,
278 1911 339 1974 quod
353 1909 434 1976 (priirs
445 1910 454 1974 t
467 1911 584 1961 descendit
603 1911 628 1960 in
644 1910 738 1959 barbam
753 1911 842 1966 daron,

26 1981 143 2051 (deiude
160 1983 248 2044 usque)
267 1983 293 2031 ad
315 1994 378 2032 oram
391 1981 559 2033 vestimenti.»

64 2053 106 2105 Ad
116 2051 217 2116 primum
233 2065 287 2116 ergo
301 2053 436 2114 dicendum,
451 2053 511 2118 qndd
525 2057 692 2104 sacramentnm
703 2053 845 2103 eucharistiae

23 2123 148 2180 consistit
163 2123 188 2173 in
199 2124 251 2188 ipsa
266 2125 366 2176 materiae
384 2123 579 2186 sanctificatione,
594 2137 641 2174 non
654 2128 732 2174 autem
744 2125 769 2176 in
787 2137 844 2184 nsn;

24 2205 54 2253 et
73 2198 132 2248 ideo
146 2193 238 2259 proprie
253 2196 382 2260 loquendo,
396 2197 451 2246 iliud
463 2197 525 2260 quod
541 2200 579 2246 est
590 2194 686 2244 materia
699 2193 844 2254 sacramenti,

23 2283 84 2323 non
96 2270 135 2318 est
147 2266 203 2330 quid
217 2271 382 2318 consecratum.
392 2267 457 2317 Unde
472 2280 518 2317 non
529 2265 676 2330 praeripitur
689 2265 765 2329 aliqua
776 2278 846 2316 sauc-

22 2338 138 2394 tittcatio
147 2337 206 2388 circa
216 2337 335 2388 materiam
345 2351 385 2403 per
395 2338 529 2402 episcopum
539 2339 610 2396 iacta,
623 2337 664 2386 sed
674 2337 847 2400 exigimrsanc·

22 2406 139 2464 sificatio
154 2409 232 2460 altaris
245 2414 268 2459 et
279 2409 428 2474 hujusmodi,
440 2408 546 2460 etetiam
556 2408 630 2472 ipsius
640 2408 781 2470 sacerdotis,
796 2419 847 2470 qna

21 2497 82 2536 non
96 2479 146 2530 nisi
163 2493 205 2544 par
218 2481 351 2544 episcopum
365 2481 414 2531 fieri
425 2484 510 2544 potest.
526 2480 590 2530 Unde
602 2480 627 2530 iu
641 2479 681 2529 illo
692 2478 762 2529 etiam
772 2490 848 2528 sacra-

21 2555 118 2608 mento
129 2551 258 2602 ostenditur
268 2555 370 2615 potestas
382 2551 528 2602 sacerdotalis
538 2550 687 2615 abepiscopo
697 2548 808 2608 derivata,
822 2552 849 2596 ut

20 2621 168 2688 Dionysius
177 2622 232 2672 dicit
243 2624 284 2674 lib.
297 2624 333 2674 De
344 2623 437 2674 Eccles.
447 2623 581 2673 Hierorct.
593 2623 656 2687 (cap.
666 2621 701 2684 a).
709 2621 762 2671 ldec
772 2623 849 2668 aarum

21 2699 102 2748 ittam
116 2693 315 2744 consecrationem
329 2693 429 2744 materia
440 2696 518 2757 potest
528 2694 603 2745 iacere
612 2693 735 2754 sacerdos,
748 2698 849 2754 quaest

20 2775 52 2823 in
74 2781 104 2818 se
121 2770 292 2816 sacramentum
299 2803 308 2830 ,
317 2771 340 2818 et
355 2781 402 2818 uon
417 2766 494 2830 ittam,
504 2780 555 2831 quae
568 2772 593 2816 ut
601 2763 766 2816 samamentale
779 2764 849 2827 quod·

20 2845 89 2894 dam
101 2836 226 2888 ordinatur
236 2837 263 2886 ad
275 2842 450 2900 sacramentum,
461 2840 524 2902 qued
532 2837 672 2888 consistitin
681 2849 726 2885 uso
737 2834 847 2892 fidetium,

20 2913 91 2978 qrria
107 2906 226 2974 quantiam
240 2909 268 2958 ad
279 2921 360 2974 corpus
375 2909 460 2960 Christi
470 2923 559 2970 ussum,
573 2909 648 2958 auritus
662 2907 718 2958 crdo
732 2908 766 2956 est
780 2918 847 2969 snpra
