1942 3284
186 197 217 236 os
233 195 390 237 secuturae
403 197 522 236 nurum
536 197 674 238 moerores.
785 189 832 239 led

19 277 72 326 lest
92 272 119 322 in
134 285 163 324 eo
177 272 249 324 torma
259 285 310 324 esse
322 271 440 324 indicativi
453 274 532 337 modi3
548 275 590 326 sed
607 287 649 340 per
661 275 831 339 deprecativam

19 344 154 398 orationem
166 343 214 394 dari
225 343 314 408 debet.)

51 415 197 480 Respondeo
217 416 354 481 dicendum,
369 415 430 480 qudd
450 415 525 466 lorma
546 418 617 482 hujus
636 418 773 468 sacramenti
795 421 830 470 est

19 488 100 541 oratio
116 485 276 550 deprecativa,
288 492 314 538 ut
326 491 390 552 patet
403 499 444 551 per
460 487 528 538 verba
541 488 635 549 iacobi,
649 492 673 539 et
686 501 715 539 ex
727 502 771 538 usn
784 489 831 541 Ro-

19 573 101 610 manae
115 557 240 618 Ecclesia,
254 573 304 622 quaa
321 557 393 609 solium
407 557 484 608 verbis
497 559 649 623 deprecativIs
660 561 731 610 utitur
746 560 771 610 in
784 561 831 612 col·

19 629 114 681 ,alione
136 629 207 692 hujus
228 631 373 680 sacramenti.
390 630 463 694 Cujus
478 629 535 680 ratio
554 632 675 695 multiplex
691 630 830 695 assignatur.

19 701 123 764 l’rinrd,
136 701 190 764 quia
199 699 325 766 suscipiens
339 704 504 752 sacramentum
517 701 572 764 hoc,
585 707 621 752 est
633 702 720 754 virilem
731 703 829 768 propriis
896 709 899 714 “

19 773 163 834 leslitutus,
177 774 238 824 unde
252 772 339 838 indiget
352 773 492 824 orationibus
505 773 628 824 sublevari.
641 774 760 838 Secundo,
774 775 830 838 paria

19 847 93 897 latur
108 844 259 908 exeuntibus,
273 844 314 908 qui
321 844 371 910 jem
383 843 490 896 desinunt
503 857 555 896 esse
571 845 599 895 de
609 845 659 896 loro
672 845 799 910 Ecclesia,
808 849 833 898 et

23 933 43 970 n
66 915 142 966 solius
161 915 202 966 Dei
220 929 290 966 manu
310 915 544 980 requiescun13unde
563 919 587 966 et
604 915 627 966 ei
643 929 685 980 per
704 916 832 969 orationem

19 987 209 1040 :ammittuntur
223 987 315 1052 l'erlid,
335 988 387 1052 quia
404 989 448 1038 hoc
466 991 631 1038 sacramentum
643 1001 689 1038 non
705 989 774 1039 habet
788 989 833 1040 ali-

19 1073 94 1125 puem
112 1058 219 1110 clientum
233 1060 274 1123 qui
291 1071 382 1123 semper
398 1072 427 1110 er
441 1057 574 1122 operatione
594 1058 695 1110 ministri
705 1072 832 1125 consequa·

19 1147 75 1194 mr,
91 1130 199 1182 omnibus
213 1144 264 1193 quae
279 1134 333 1181 sunl
346 1131 374 1180 de
384 1129 485 1180 essentia
497 1130 634 1180 sacramenti
648 1130 718 1181 eliam
728 1130 773 1182 rite
790 1144 835 1194 pe·

19 1202 103 1264 tactis,
120 1201 180 1252 sicut
193 1203 308 1252 character
321 1201 346 1252 ln
359 1201 472 1264 baptismo
487 1199 709 1263 decoronatione,
720 1205 743 1252 et
753 1205 832 1254 trans·

19 1272 187 1330 snbstamlstio
200 1273 225 1322 iu
238 1272 390 1334 eucharistia,
401 1276 425 1324 el
438 1270 544 1322 remissio
559 1271 647 1336 peccati
656 1273 681 1322 in
692 1272 830 1337 paenitentia

19 1347 140 1398 existente
153 1344 306 1407 contritione,
316 1356 367 1408 qua
377 1343 481 1394 remissio
493 1346 528 1394 est
539 1344 567 1394 de
578 1344 680 1394 essentia
692 1344 830 1397 sacramenti

19 1415 167 1482 poenitentia
173 1451 183 1478 ‚
193 1429 240 1466 non
253 1419 329 1466 autem
344 1415 372 1466 de
386 1415 485 1466 essentia
498 1414 569 1478 hujus
581 1414 732 1480 sacramenti3
743 1419 767 1466 et
776 1415 828 1467 ideo

21 1503 41 1539 n
58 1489 110 1538 hoc
123 1490 264 1538 sacramento
277 1500 322 1538 non
337 1489 414 1550 potest
424 1498 475 1536 asse
485 1485 558 1536 lorma
570 1485 688 1536 indicativi
695 1487 757 1538 modi
770 1487 831 1536 sicul

19 1561 44 1610 in
59 1555 179 1622 praedictis
188 1557 343 1609 sacramentis.

47 1629 89 1682 Ad
101 1627 201 1692 primum
215 1641 269 1691 ergo
280 1627 411 1688 dicendum,
420 1625 481 1690 qvod
492 1627 538 1678 hoc
548 1628 725 1688 sacramentnm,
738 1625 832 1678 sienim

19 1699 144 1768 praedicta,
158 1699 267 1764 quantiam
285 1702 321 1750 cst
336 1699 364 1748 de
375 1711 417 1759 se,
429 1697 498 1748 lrabet
508 1697 683 1760 certitudinem
698 1699 739 1747 sed
752 1700 832 1761 potest

19 1789 44 1826 ex
55 1770 155 1822 fictione
166 1769 296 1834 recipientis
308 1769 421 1834 impediri,
431 1768 523 1818 etiamsi
533 1772 674 1819 sacramento
687 1781 712 1818 se
723 1767 832 1831 subiiciat

19 1859 59 1897 ver
79 1841 247 1905 intentionem,
266 1841 299 1891 sio
315 1840 377 1904 qudd
394 1839 482 1890 nullum
498 1839 605 1890 eliminm
622 1842 790 1902 consequatur3
805 1842 830 1890 et

19 1916 118 1978 >reptet
134 1912 178 1962 hoc
192 1923 239 1962 non
255 1913 290 1962 est
301 1910 375 1962 simile
386 1912 413 1962 de
428 1911 473 1960 hoc
487 1913 511 1960 et
521 1911 550 1960 de
564 1909 616 1960 aliis
633 1907 794 1972 murmontis,
803 1910 830 1960 in

19 1985 107 2053 [uibus
118 1995 208 2046 semper
225 1981 306 2046 aliquis
320 1981 414 2032 allectus
428 1980 582 2044 consequitur.

47 2054 89 2106 Ad
102 2053 229 2104 meandum
243 2051 372 2116 dicendum,
386 2051 447 2116 qndd
461 2065 503 2116 per
511 2051 587 2117 ipsum
598 2054 673 2102 aotam
688 2050 728 2115 qui
737 2050 830 2116 ponitur

19 2145 35 2181 n
62 2122 270 2188 forma‚scilioel:
288 2124 357 2174 «Per
373 2125 441 2174 istam
458 2125 560 2172 sanctam
575 2123 722 2185 unctionem,
740 2138 754 2170 o
774 2121 833 2174 satis

19 2194 164 2266 lxprimitur
174 2193 281 2245 intentio.

45 2269 89 2322 Ad
103 2265 196 2316 tertium
208 2264 343 2326 dicendum,
355 2263 415 2328 qudd
428 2266 498 2316 verba
506 2265 547 2315 illa
560 2264 678 2315 indicativi
692 2264 762 2327 modi,
776 2277 828 2328 qua

19 2337 151 2398 ,ecundirm
159 2349 246 2388 morem
255 2337 402 2400 quorumdam
413 2336 702 2398 promiscepromisee,
713 2349 760 2386 non
774 2339 829 2386 suot

19 2424 94 2470 orma
114 2407 185 2474 nujus
208 2405 357 2470 sacramenti,
372 2407 412 2457 sed
427 2409 480 2456 sunl
499 2406 618 2470 dispositio
634 2409 663 2458 ad
679 2406 791 2468 formam,
805 2405 830 2456 in

19 2487 136 2602 ιιιῑιηῑιιιῐξι
153 2477 250 2530 intentio
272 2477 372 2530 ministri
385 2477 549 2528 determinatur
563 2479 592 2528 ad
608 2481 685 2529 actum
704 2477 770 2527 illurn
789 2490 832 2542 per

19 2561 53 2612 lla
70 2566 112 2604 ver
130 2563 153 2602 a.
