1942 3284
283 258 316 293 nn
331 256 634 311 unumunurm-nmmum.
812 251 859 299 iit

49 331 103 382 oium
116 332 146 382 in
160 334 203 384 hoo
215 336 357 385 monimento
371 334 401 384 sit
409 347 490 385 rernm
502 348 584 399 corpus
597 334 695 399 Christi,
706 349 750 387 neo
763 336 859 402 incipiat

48 404 81 454 ibi
96 418 156 455 esse
168 406 196 455 de
209 418 269 457 novo
288 418 331 470 per
339 406 537 469 motnmlooelsnu,
548 420 592 458 neo
602 408 670 458 ouans
680 408 710 458 sit
720 408 751 459 ihi
762 409 822 461 sient
834 410 860 462 in

47 475 193 538 immutor
208 477 276 527 dietis
289 480 352 541 petet
365 477 374 539 (
386 480 430 527 art.
440 483 455 526 2
465 478 483 541 )‚
500 490 594 529 neeesse
609 482 645 530 est
659 480 733 531 dieere
747 482 806 546 qnnod
821 483 858 533 in·

49 548 123 613 cipiet
137 550 173 600 ihi
188 562 240 600 esse
258 562 301 614 per
318 549 492 602 conversionem
503 552 634 603 substeniiae
646 554 712 616 penio
726 554 751 605 in
770 555 856 620 ipsum.

49 621 105 671 lino
115 626 200 672 tannen
215 622 333 673 conversio
344 635 391 674 non
404 625 440 673 est
455 622 537 673 similis
550 624 736 676 conversionibus
749 627 858 677 saturnii·

48 693 109 756 bns,
128 695 171 744 sed
190 696 226 744 est
240 693 332 744 omnino
347 694 538 758 supernaturalis,
555 695 602 745 soie
614 696 654 746 iiei
666 688 750 749 virtute
764 698 857 764 efferim

52 765 114 815 unis
124 765 260 816 Ambrosius
269 766 325 817 dieii
335 766 361 816 in
370 767 410 817 tib.
425 768 634 818 Deooorameniie
644 769 694 834 (lib.
704 770 742 819 lv.
754 784 805 836 cup.
815 771 856 835 t):

54 850 71 883 ιι
81 837 168 901 Accipe
183 838 374 899 quemadmodum
394 850 469 888 sermo
482 838 571 889 Christi
588 842 676 901 mutet,
694 843 783 905 quondo
797 842 856 907 vuit,

50 906 161 959 institute
177 914 273 960 netnrae.
288 910 432 968 Consuetudo
445 915 481 962 est
494 914 521 961 ut
536 924 583 962 non
597 916 720 976 generetur
733 915 801 966 homo
812 914 858 965 nisi

51 991 82 1029 ox
95 980 148 1032 viro
162 984 187 1031 ot
199 982 304 1031 muliere.
319 982 390 1033 Vides
400 995 454 1045 ergo
466 982 534 1047 quis,
552 988 629 1033 contro
642 983 747 1034 institute
759 988 783 1035 et
794 984 857 1036 ordi·

52 1064 125 1115 nem,
140 1054 212 1103 horno
223 1056 259 1101 est
276 1054 343 1103 natus
358 1066 388 1103 ex
398 1054 500 1117 Virgine.
512 1070 527 1101 o
545 1054 575 1105 Ut
586 1059 609 1105 et
623 1054 665 1105 tio.
680 1056 716 1105 Do
733 1056 857 1107 initiand.

53 1123 119 1188 (esp.
132 1124 166 1186 9)
180 1139 187 1173 ι
200 1124 308 1187 «Liquet
321 1123 384 1188 qnid
396 1130 479 1189 prester
493 1129 579 1177 nature
589 1125 693 1177 ordinem
706 1126 775 1190 Virgo
789 1140 859 1189 gene·

52 1196 129 1260 mrit3
142 1201 167 1246 et
188 1197 234 1247 hoe
252 1196 313 1258 quon
331 1196 464 1247 conicimus
483 1209 565 1261 eorpus
585 1210 614 1247 ex
629 1197 717 1259 uirgine
735 1201 779 1249 est.
798 1198 859 1259 Quin

52 1278 108 1330 ergo
129 1267 213 1332 qnaeris
227 1270 314 1317 natum
330 1268 433 1318 ordinem
448 1268 472 1317 in
489 1267 574 1319 Christi
586 1280 680 1333 corpore
687 1306 695 1332 ‚
710 1270 762 1320 einr
776 1274 859 1334 proter

53 1343 160 1390 notorum
174 1340 205 1389 sit
217 1339 267 1404 ipse
281 1340 390 1391 Dominus
399 1340 465 1391 iesus
476 1346 556 1405 partus
566 1356 595 1392 en
607 1342 710 1406 virginei
722 1360 735 1391 ι)
750 1344 776 1393 nt
785 1354 856 1407 snper

54 1412 112 1463 itini
126 1414 210 1471 loon„
234 1413 284 1464 viz
304 1414 406 1465 «voror
421 1426 472 1478 qne
484 1426 528 1477 ego
545 1415 633 1465 loeutus
649 1428 699 1465 sum
712 1415 778 1465 vobis
793 1413 860 1479 (soi-

54 1482 112 1535 iiret
134 1486 162 1535 de
183 1486 229 1535 hoo
251 1487 428 1546 mammonin),
448 1485 586 1549 spirituum
609 1486 657 1536 vita
677 1490 748 1549 sunt,
770 1502 784 1535 »
805 1486 861 1536 dieii

59 1555 236 1621 chrysostomus
252 1556 349 1618 (Homil.
361 1558 439 1607 XLVI.
455 1559 482 1606 in
492 1558 578 1620 Jooo.)
588 1574 594 1608 :
604 1559 651 1607 old
666 1562 716 1620 est,
731 1556 861 1621 spiritualia

57 1636 128 1691 sunt,
147 1628 206 1679 nihil
223 1627 331 1678 habentia
348 1629 453 1693 omorio,
467 1642 543 1693 neque
556 1628 743 1693 consequentiam
764 1631 861 1679 netum-

56 1698 119 1764 tem;
134 1700 175 1751 sed
189 1701 253 1749 eruta
266 1703 321 1749 sunt
331 1700 359 1749 ab
373 1700 435 1751 omni
446 1700 488 1749 tali
498 1699 646 1761 necessitato,
659 1697 860 1764 nominemur

60 1767 174 1834 ilogibns
191 1784 243 1833 que
261 1768 301 1819 irio
311 1768 387 1833 posite
402 1773 466 1819 sunt.
483 1768 654 1819 »Maniiestum
668 1772 703 1819 est
719 1769 781 1819 enirn
797 1766 859 1833 quon

57 1852 124 1891 omne
137 1854 208 1905 agens
220 1841 267 1904 ugit
282 1842 429 1905 inquantum
442 1843 478 1892 est
489 1843 549 1891 sotn.
562 1840 682 1900 Quodlibet
698 1844 774 1891 summ
789 1852 860 1904 egent

57 1917 158 1963 ereutnnr
176 1917 211 1964 est
225 1913 401 1964 detonniustum
418 1913 443 1963 in
459 1926 503 1963 suo
518 1916 570 1964 ectu
580 1951 587 1974 ,
598 1912 650 1962 sirm
664 1914 695 1964 sit
713 1913 860 1964 determinati

60 1984 148 2045 generis
156 1989 182 2036 ot
194 1984 292 2050 speeiei3
303 1989 327 2035 et
336 1985 389 2037 ideo
399 1985 521 2051 cujuslibet
534 1984 623 2049 egentis
637 1985 706 2036 oresti
717 1984 778 2037 sotio
786 1986 858 2035 tertnr

60 2068 127 2121 snper
139 2058 240 2121 aliquem
253 2058 427 2108 determinatum
444 2061 527 2109 netum.
542 2056 703 2109 [interminatio
721 2060 799 2108 eutero
814 2070 860 2107 on-

58 2127 152 2190 ]'nsiibet
165 2129 199 2178 nei
211 2128 237 2178 in
248 2144 299 2178 erse
309 2130 407 2191 astreli,
417 2133 453 2180 est
463 2143 505 2193 per
517 2130 568 2194 ojus
578 2129 687 2192 sormam
699 2131 758 2179 unde
772 2128 860 2178 nullum

59 2209 128 2261 egens
138 2200 241 2251 naturaie
258 2214 300 2251 sen
313 2204 414 2251 ereetum
426 2204 502 2266 potest
515 2214 599 2265 agere,
618 2201 664 2251 nisi
678 2201 706 2250 ad
720 2198 861 2250 immutatio·

61 2282 111 2321 nero
122 2272 216 2336 iormae3
232 2275 256 2322 ei
267 2276 360 2335 propter
372 2274 428 2335 hoo,
443 2272 519 2323 omnis
532 2272 652 2324 conversio
666 2284 717 2336 qum
731 2272 757 2321 iit
778 2282 861 2322 seeun-

60 2337 112 2389 dim
130 2341 195 2405 leges
207 2344 303 2405 nature,
322 2345 358 2392 est
371 2341 480 2393 formulis.
497 2343 541 2393 Sed
559 2344 617 2393 [tens
631 2346 667 2393 est
681 2345 745 2392 sotus
759 2339 862 2391 infinitus

61 2413 87 2459 ni
99 2412 123 2461 in
133 2414 152 2462 Ι.
166 2416 233 2477 porte
243 2413 348 2464 habitum
360 2416 397 2463 est
414 2416 460 2477 (qu.
476 2417 500 2477 7,
515 2413 580 2463 sntio.
591 2416 604 2463 t
617 2416 639 2463 et
652 2427 692 2477 qn.
707 2416 752 2471 ot,
764 2414 808 2461 nrt.
823 2409 860 2474 2);

62 2484 119 2533 unde
131 2484 184 2548 ejus
195 2484 254 2534 ertio
263 2497 289 2534 se
300 2483 402 2534 extendit
413 2483 441 2534 ad
454 2487 525 2535 totam
536 2488 642 2535 naturam
653 2482 720 2533 entis.
731 2482 781 2532 Non
793 2480 862 2543 igitur

63 2552 132 2603 solium
144 2558 222 2619 potest
235 2556 344 2618 perticere
360 2555 533 2607 conversionem
547 2556 679 2615 formalem,
690 2555 715 2603 ut
725 2551 813 2603 scilieet
827 2550 862 2602 di-

63 2636 130 2676 reroae
143 2627 224 2677 iormae
238 2626 281 2676 sibi
292 2626 319 2676 in
338 2628 419 2678 eodem
432 2628 538 2692 subjecto
552 2628 693 2689 suecedent3
708 2625 748 2676 sed
762 2634 862 2675 conuer-

63 2694 148 2748 sionenr
161 2697 234 2748 totius
248 2697 321 2762 entis,
335 2702 362 2749 ut
375 2698 462 2750 scilieet
473 2703 523 2751 tota
544 2698 671 2750 substantie
681 2696 750 2761 hujus
761 2704 861 2745 eonver-

65 2773 123 2820 tetnr
133 2772 159 2820 in
172 2774 244 2821 totum
254 2771 401 2822 substantiam
414 2772 484 2823 illins.
499 2774 528 2823 Et
540 2775 584 2823 hoo
598 2773 673 2837 agitur
684 2768 762 2821 divini
775 2767 860 2817 virtute

62 2839 87 2890 in
103 2844 147 2893 hoe
159 2847 315 2907 saommento3
329 2857 382 2894 mm
395 2847 444 2895 iotn
461 2846 589 2896 substantia
601 2845 669 2909 panis
683 2840 823 2895 conuertitur
836 2838 863 2889 in

65 2915 132 2964 toturn
146 2914 297 2965 substantium
309 2915 547 2980 commiscuerint
560 2920 608 2968 tots
623 2912 749 2967 substantie
762 2910 822 2973 vini,
835 2910 861 2959 in

66 2986 134 3041 totam
147 2986 296 3038 substantium
311 2986 430 3053 sanguinis
438 2987 531 3040 cunni.
543 2989 608 3040 itudo
620 2990 671 3040 hoe
684 2982 799 3037 oonremir
