1942 3284
254 180 315 217 ns
350 178 445 216 usu
481 177 813 217 monuistis:
842 179 895 217 nr
924 175 1163 218 connum.
1422 168 1510 217 875

0 258 113 306 itum
148 258 198 306 et
223 268 322 306 rem
350 254 643 305 sacramenti.
663 256 712 305 ln
741 256 831 305 hoc
851 259 1007 305 tamen
1030 256 1269 317 differunt,
1286 257 1391 320 quia
1409 256 1510 307 cum

8 331 303 377 sacramenta
334 326 630 390 perficiantur
659 326 703 375 in
734 341 819 377 usu
843 326 1043 378 materiae
1060 366 1073 389 ‚
1102 327 1334 391 percipere
1363 340 1515 378 sacra-

0 403 111 447 rium
142 403 217 449 est
245 398 348 462 ipsa
374 397 591 462 perfectio
628 398 930 460 sacramenti;
952 399 1041 448 boc
1067 404 1220 449 autem
1259 412 1519 450 sacramen-

22 470 269 533 perficitur
290 470 337 519 in
368 470 711 520 consecratione
739 470 943 521 materiae
957 506 976 531 ,
999 472 1046 519 et
1063 470 1166 520 ideo
1191 475 1384 534 uterque
1404 485 1515 522 usus

9 555 309 605 consequens
341 543 428 592 hoc
460 544 809 591 sacramentum.
848 543 900 592 In
940 542 1169 605 baptismo
1194 543 1361 603 etiam,
1393 547 1441 593 et
1468 544 1515 595 in

18 614 327 664 sacramentis
346 615 650 663 characterem
670 612 1037 677 imprimentibus
1056 651 1069 674 ‚
1086 614 1152 663 illi
1179 614 1258 677 qui
1278 614 1519 679 accipiunt

0 690 248 736 amentum
265 724 278 747 ,
306 685 529 749 recipiunt
546 686 744 748 aliquem
778 685 1055 749 spiritualem
1080 686 1291 737 effectum
1310 724 1323 747 ,
1346 686 1519 737 scilicet

0 761 215 809 racterem
241 773 256 819 ;
286 758 405 820 quod
450 769 541 806 non
573 756 737 807 accidit
772 758 817 806 in
858 758 946 807 hoc
980 761 1280 807 sacramento.
1314 760 1372 807 Et
1411 757 1515 809 ideo

0 830 51 888 :is
93 830 147 878 in
174 829 267 879 hoc
308 831 588 878 sacramento
624 827 915 891 distinguitur
959 841 1069 877 usus
1103 829 1442 879 sacramentalis
1490 829 1515 879 a

3 900 165 963 ituali,
198 899 337 963 quam
365 899 412 947 in
447 898 689 963 baptismo.

0 973 35 1020 »d
83 971 337 1021 secundum
383 970 655 1030 dicendum,
690 970 809 1033 quod
848 970 1186 1021 sacramentalis
1233 971 1519 1023 manducatio

0 1063 5 1091 ι
30 1044 258 1107 pertingit
282 1044 336 1092 ad
363 1039 660 1106 spiritualem,
678 1056 773 1092 non
791 1042 1007 1092 dividitur
1029 1049 1186 1093 contra
1215 1042 1515 1107 spiritualem,

14 1116 267 1165 includitur
294 1115 349 1164 ab
378 1128 449 1165 ea.
467 1114 553 1165 Sed
578 1114 653 1164 illa
678 1115 1022 1166 sacramentalis
1052 1116 1340 1165 manducatio
1363 1120 1519 1166 contra

2 1190 195 1240 itualem
216 1188 553 1251 dividitur‚quae
580 1187 790 1238 effectum
822 1202 913 1239 non
938 1189 1245 1253 consequitur,
1275 1189 1394 1239 sicut
1425 1190 1519 1238 im-

0 1265 188 1324 fectum
212 1262 331 1324 quod
362 1274 452 1310 non
484 1259 706 1323 pertingit
732 1261 788 1309 ad
825 1261 1156 1323 pei-sectionem
1181 1260 1367 1324 speciei,
1392 1261 1523 1311 divi-

0 1349 29 1383 r
51 1338 211 1383 contra
233 1332 531 1395 per-fectum.

0 1407 40 1455 kd
68 1405 256 1455 tertium
278 1404 540 1463 dicendum,
564 1403 687 1466 quod
719 1404 837 1453 sicut
868 1403 1006 1468 supra
1033 1403 1200 1453 dictum
1220 1408 1292 1455 est
1318 1405 1416 1467 (qu.
1441 1408 1519 1464 66,

42 1480 117 1538 113
152 1491 233 1540 qu.
261 1480 339 1535 68,
372 1479 457 1525 art.
483 1478 532 1533 2.;
562 1489 641 1538 qu.
677 1478 755 1537 73,
788 1479 877 1524 art.
909 1475 992 1538 3),
1019 1474 1214 1525 effectus
1251 1475 1523 1524 sacramenti

0 1554 69 1599 est
112 1549 170 1598 ab
213 1547 365 1611 aliquo
404 1546 607 1610 percipi,
643 1546 684 1596 si
725 1549 1061 1596 sacramentum
1099 1546 1261 1595 habeat
1285 1545 1335 1594 in
1374 1550 1515 1606 vot0,

0 1620 129 1671 imvis
161 1632 251 1669 non
283 1618 476 1682 accipiat
506 1617 553 1667 in
573 1631 642 1667 re.
675 1619 729 1667 Et
759 1617 893 1679 ideo,
932 1617 1047 1666 sicut
1078 1616 1216 1679 aliqui
1240 1617 1523 1680 baptizantur

0 1694 143 1742 mismo
165 1691 362 1741 flaminis
381 1693 564 1754 propter
583 1689 861 1740 desiderium
885 1688 1119 1751 baptismi,
1143 1691 1386 1751 antequam
1411 1689 1527 1752 bap*

0 1771 115 1814 entur
141 1763 366 1830 Qtismo
394 1775 547 1825 aquae3
573 1762 637 1811 ita
665 1760 803 1811 etiam
833 1761 976 1824 aliqui
1005 1762 1278 1809 manducant
1308 1760 1523 1823 spiritua—

0 1852 19 1884 r
63 1836 151 1885 hoc
190 1839 564 1897 sacramentum,
600 1837 843 1897 antequam
886 1831 1271 1882 sacramentaliter
1320 1839 1519 1883 sumant.

0 1909 116 1957 lboc
134 1906 360 1968 contingit
402 1906 679 1969 dupliciter:
726 1918 816 1954 uuo
858 1905 992 1955 modo
1029 1909 1216 1967 propter
1253 1904 1523 1975 desiderium

0 1978 126 2027 nendi
144 1979 296 2041 ipsum
330 1981 661 2027 sacramentum
677 2015 690 2038 ,
721 1980 769 2026 et
792 1977 878 2026 hoc
903 1976 1039 2026 modo
1066 1975 1282 2026 dicuntur
1309 1975 1523 2039 baptizari

0 2049 604 2113 manducarempiritualiten
636 2053 683 2098 et
701 2062 797 2098 nou
815 2042 1219 2110 sacramentaliter,
1243 2047 1308 2096 illi
1338 2048 1417 2111 qui
1449 2049 1527 2098 de-

0 2124 122 2169 erant
159 2134 337 2171 sumere
386 2122 486 2170 baec
530 2124 809 2169 sacramenta
852 2120 948 2180 jam
999 2119 1231 2181 instituta;
1263 2119 1352 2168 alio
1393 2122 1527 2169 modu-

0 2200 106 2256 ›pter
133 2192 318 2255 figuram
342 2232 354 2252 ,
385 2193 503 2243 sicut
534 2192 641 2242 dicit
669 2191 930 2255 Apostolus,
962 2192 996 2240 l.
1026 2191 1166 2251 Cor„
1191 2192 1246 2248 X,
1284 2190 1403 2254 quod
1434 2204 1523 2241 an-

1 2265 41 2313 ui
84 2266 234 2315 Patres
267 2281 294 2310 <r
330 2264 544 2329 baptizati
573 2269 679 2314 sunt
714 2263 762 2313 in
796 2264 912 2313 nube
933 2265 995 2325 [et
1021 2264 1069 2312 in
1097 2264 1243 2324 mari;
1274 2279 1301 2309 n
1329 2269 1377 2313 et
1407 2264 1527 2326 quod

0 2337 262 2400 spiritualem
304 2350 454 2387 escam
495 2337 917 2392 manducaverunt,
964 2339 1010 2385 et
1049 2335 1330 2399 spiritualem
1373 2339 1527 2398 potum

0 2413 155 2458 ierunt.
178 2425 204 2455 »
235 2409 329 2458 Nec
360 2412 513 2457 tamen
544 2409 711 2457 frustra
751 2407 987 2457 adhibetur
1018 2406 1357 2456 sacramentalis
1390 2419 1527 2455 manu

0 2480 137 2539 catio,
164 2478 268 2543 quia
297 2478 478 2543 plenius
507 2479 681 2528 inducit
722 2478 996 2528 sacramenti
1019 2478 1232 2528 effectum
1254 2479 1353 2542 ipsa
1376 2489 1527 2527 sacra-

0 2551 77 2599 tnti
99 2549 320 2614 susceptio
338 2588 351 2611 ,
380 2548 515 2613 quam
550 2551 697 2599 solum
738 2550 1018 2600 desiderium
1038 2586 1055 2611 ‚
1085 2550 1202 2600 sicut
1235 2551 1373 2613 supra
1411 2549 1527 2598 circa

0 2622 199 2685 ptismum
233 2623 407 2672 dictum
426 2626 497 2673 est
524 2624 624 2687 (qu.
647 2627 726 2687 69,
749 2627 833 2673 art.
867 2626 911 2685 4,
934 2623 988 2671 ad
1013 2626 1060 2684 2,
1087 2626 1135 2672 et
1155 2636 1233 2686 qu.
1257 2627 1335 2684 66,
1366 2625 1453 2671 art.
1473 2622 1523 2668 11

0 2697 91 2744 ¹art.
120 2693 228 2757 12.)
