1942 3284
145 198 172 232 nn
189 193 387 240 oecumenicus,
404 193 460 237 onas
476 195 610 230 suscessrr
623 195 771 232 caraunus.
815 184 857 230 llll

50 272 107 320 tuit
123 270 294 335 praeparatorius
315 271 343 320 ad
360 269 497 333 baptismum
514 269 606 320 Clunsti.
619 271 643 320 Si
659 284 714 334 erpo
731 271 798 320 etiaor
813 273 857 320 cir·

49 343 166 394 cumcisic
178 342 223 392 luit
238 342 399 406 praeparatoria
412 345 434 392 el
452 341 571 402 figurativa
588 341 694 405 baptismi
707 342 809 402 christi,
825 342 859 390 ri·

49 416 126 464 detur
139 415 199 478 qubd
211 414 342 478 baptismus
349 413 443 464 loannis
458 412 529 463 luerit
541 414 684 476 superfluum
695 414 757 477 quod
773 419 810 464 est
823 415 859 462 in-

50 487 205 536 convenieus.
222 487 273 536 Non
285 498 340 548 ergo
352 483 494 534 circumcisio
511 485 555 534 luit
567 486 727 548 praeparatoria
738 489 762 535 et
775 486 858 548 ligura-

52 558 106 607 tiua
119 557 235 621 baptismi.

91 629 133 679 Sed
144 633 222 678 ronna
233 631 279 691 est,
289 629 350 690 qnod
361 629 481 692 Apostolus
490 627 553 689 dicit,
566 627 659 683 Coloe..
675 629 711 678 ll:
726 645 740 674 u
756 627 858 678 Circum·

56 700 106 750 cisi
120 701 170 750 estis
191 698 367 750 circumcisione
384 712 430 748 non
448 698 591 760 manufacta,
606 699 630 748 in
644 699 799 762 expoliatione
808 712 858 748 cor-

59 771 123 833 poris
134 769 222 834 carnis;
236 769 277 820 sed
290 769 463 821 circumcisione
473 769 572 831 Christi,
590 771 716 834 consepulti
726 769 750 820 ei
761 772 785 820 io
802 771 858 834 bap·

56 840 132 891 tinulo.
148 857 163 888 u

88 912 251 977 (muccosum
263 937 296 950 —-
314 912 373 963 Cbm
387 913 467 964 eadem
489 913 558 964 luerit
577 917 654 964 nostra
671 916 695 964 et
712 912 857 977 antiquorum

51 987 144 1045 patrum
156 983 229 1044 fides,
243 987 268 1034 et
280 985 382 1048 patribus
395 985 470 1035 omnia
483 985 508 1034 in
521 985 592 1049 ligura
604 984 756 1048 contigerint,
769 984 858 1048 perspi·

49 1068 124 1104 cumn
134 1059 172 1106 est
186 1055 382 1106 circumcisionem
392 1093 399 1115 ,
409 1067 459 1117 quc
479 1055 533 1107 lidei
545 1056 649 1119 quedam
659 1055 793 1119 protestatio
803 1053 856 1115 tuit,

48 1126 82 1175 ad
98 1126 241 1190 baptismum
254 1128 436 1191 preparatorium
448 1127 519 1177 luisse
536 1131 560 1178 et
571 1126 642 1190 ipsius
656 1126 825 1190 figurativaml

85 1198 225 1262 llespoudeo
233 1198 362 1262 dicendum,
370 1197 432 1262 qudd
442 1199 569 1262 baptismus
577 1198 658 1248 dicitnr
668 1200 857 1249 «sacramentum

50 1268 120 1331 fidei,
132 1285 145 1316 c
159 1268 186 1318 in
199 1273 311 1332 qnantum
329 1269 417 1320 scilicet
431 1270 455 1319 iu
466 1269 579 1333 baptismo
588 1269 614 1319 dt
625 1270 727 1333 quedam
737 1268 789 1319 fidei
806 1281 857 1331 pro·

49 1340 132 1401 lessio,
143 1344 168 1390 et
176 1353 217 1403 pcr
232 1341 370 1403 baptismum
383 1345 517 1406 aggregatur
528 1341 596 1392 homo
611 1339 781 1404 congregationi
797 1339 857 1389 tido-

53 1412 116 1461 linm.
134 1413 220 1462 Eadem
240 1415 317 1461 numm
334 1415 369 1462 est
385 1412 441 1462 fides
459 1417 537 1462 nostra
548 1416 572 1462 et
589 1412 733 1476 antiquorum
748 1415 858 1475 patrum,

52 1482 180 1532 secundnm
198 1482 254 1532 illud
277 1483 388 1546 Apostoli,
399 1483 427 1534 ll.
446 1485 556 1543 Cor.,lV
575 1500 610 1533 z«
624 1483 739 1533 Habentes
753 1483 858 1532 eumdem

52 1553 163 1617 Spiritum
180 1553 234 1603 fidei
250 1553 371 1605 credimus.
394 1572 407 1602 u
424 1554 571 1605 circumcisio
590 1558 666 1604 antem
685 1558 733 1603 erat
753 1553 857 1616 quisdam

52 1624 189 1687 protestatio
203 1624 266 1688 fidei3
279 1625 429 1676 undedicitur
438 1625 637 1689 flom.,lll‚qudd
651 1625 785 1674 «Abrabam
794 1636 857 1673 acce·

52 1696 85 1756 pit
94 1696 297 1746 circumcisionem
309 1701 417 1760 unquam
431 1696 573 1759 signaculum
591 1696 662 1756 fidei3
678 1712 691 1741 »
706 1696 765 1744 unde
778 1699 803 1746 et
816 1707 858 1757 par

52 1767 252 1819 circumcisionem
268 1768 357 1830 antiqui
371 1769 549 1831 aggregabuntur
562 1766 656 1830 collegio
673 1766 782 1817 fidelium.
793 1767 858 1815 Unde

54 1843 202 1892 manifestum
222 1847 259 1892 est
270 1842 330 1904 qubd
344 1841 486 1892 circumcisio
500 1843 544 1892 tuit
555 1840 714 1906 preparatoria
730 1841 757 1889 ad
768 1840 858 1905 baptis·-

55 1925 115 1962 mum
136 1917 160 1962 et
185 1913 353 1976 praefigurative
368 1913 456 1977 ipsius,
475 1911 600 1963 secuudum
614 1911 675 1976 quod
695 1911 796 1974 antiquis
818 1925 858 1975 pa·

53 1983 124 2034 tribus
135 1985 214 2035 omnia
225 1985 249 2033 in
259 1984 353 2047 liguram
368 1984 437 2034 loturi
447 1984 619 2046 contingebant,
630 1987 654 2032 ut
663 1981 746 2032 dicitur
756 1983 774 2033 l.
786 1983 856 2040 Cor„

54 2056 88 2118 ll,
102 2056 163 2106 sicut
178 2059 202 2106 ot
214 2055 272 2106 tides
291 2068 370 2105 eorum
380 2060 429 2106 erat
443 2055 471 2106 de
485 2056 570 2107 tuturo.

85 2129 118 2178 ld
130 2127 232 2192 primun
241 2140 294 2190 ergo
303 2127 432 2191 dicendum,
442 2127 503 2191 qubd
517 2127 656 2177 circumcisio
669 2127 766 2177 habebut
778 2125 859 2176 simili·

56 2201 157 2252 tudinem
171 2213 225 2250 cum
236 2199 358 2262 baptismo,
369 2199 478 2262 quantun
492 2201 520 2249 ad
531 2199 671 2262 spiritualem
686 2199 791 2249 ellectum
804 2198 859 2262 bap

56 2273 123 2322 tismi.
141 2273 218 2331 Nam,
234 2269 294 2320 sicut
315 2283 356 2334 per
373 2272 571 2322 circumcisionem
593 2271 736 2320 auferebatur
757 2271 858 2333 quedam

57 2343 152 2394 carnalis
171 2342 281 2406 pellicula
293 2341 340 2408 (l),
360 2343 393 2392 ila
405 2356 446 2406 per
463 2342 602 2406 baptismum
617 2343 688 2392 bomo
705 2340 860 2405 expoliaturt

57 2417 139 2465 carnali
159 2415 345 2464 conversatione.

59 2534 79 2576 in
94 2546 172 2590 corp..
187 2533 328 2578 ubidicitur
345 2533 464 2589 tripliciter
479 2534 507 2578 ad
521 2533 585 2577 illurn
599 2543 755 2590 preparasser
773 2531 809 2573 uel
821 2541 863 2585 per

58 2597 186 2641 doctrinam
200 2596 350 2640 inducentem
368 2596 397 2640 ad
415 2595 483 2641 ddcm
503 2595 603 2648 christi,
621 2597 656 2640 ucl
673 2607 715 2650 per
731 2592 862 2637 assuetudi-

59 2670 107 2704 nem
120 2659 148 2704 ad
158 2659 305 2713 baptismum
320 2658 333 2702 d
347 2659 436 2703 Christo
450 2658 595 2717 institutum,
604 2660 641 2702 uel
652 2669 693 2714 per
704 2652 862 2713 poeoitcntlarn

58 2723 85 2764 ud
98 2722 161 2768 illius
172 2721 286 2767 ellectum
300 2721 447 2775 requisitam.

90 2789 120 2852 (1)
135 2795 163 2838 ln
177 2803 208 2837 en
223 2802 310 2846 nempe
326 2797 390 2846 parte
404 2791 427 2836 in
439 2803 484 2847 qno
499 2791 599 2835 merisne
610 2791 672 2847 uiget
681 2785 781 2835 carnalis
792 2795 864 2840 appe-

61 2855 112 2900 litus
126 2857 162 2900 uel
174 2853 368 2908 concupiscenda
380 2853 516 2913 libidinosa,
528 2853 634 2908 quamuis
647 2865 689 2910 per
697 2854 771 2895 totum
780 2857 864 2901 corpus

62 2917 201 2964 diffundetur
216 2915 411 2963 additamentum
425 2916 491 2961 illud
505 2916 654 2964 Lectus-lton,
669 2919 693 2958 nt
709 2914 733 2957 iu
746 2913 819 2956 serm.
832 2909 862 2952 ll.
