1942 3284
305 213 335 251 ns
350 213 459 250 usnrnsu
474 213 652 252 coursrrrorrrs.
826 209 870 262 tta

111 290 144 340 td
155 289 254 353 primunr
266 301 320 352 ergo
333 289 462 350 dicendum,
476 288 536 350 quid
549 288 703 340 erubescentia
715 291 808 354 respicit
819 307 874 357 pec-

81 366 154 410 catum
164 399 171 425 ,
183 361 255 412 solum
267 360 293 410 iu
306 365 415 424 quantum
430 359 501 410 habet
515 359 697 423 turpitudinem:
709 365 734 412 et
747 361 800 412 ideo
808 370 872 426 post·

80 445 145 495 quam
156 435 276 497 peccatum
286 435 396 496 qnantum
407 431 435 481 ad
448 431 537 494 culpam
548 430 668 482 remissum
680 435 725 496 est,
735 445 782 483 non
795 439 872 486 manet

80 504 159 566 putori
174 504 251 565 loens;
268 505 344 554 manet
362 505 437 552 autem
450 501 539 563 dolori,
557 503 596 564 qni
611 502 744 553 nouaclum
762 505 792 554 de
806 506 873 568 cntpa

80 578 113 624 est
127 575 151 624 in
174 579 284 638 quantum
297 572 367 624 habet
385 571 562 636 turpitudinem,
576 573 618 623 sed
634 573 703 624 etiam
722 574 871 637 inquantum

79 644 146 694 habet
162 647 325 696 nocumentum
338 655 459 693 annerum.

107 715 142 766 art
154 715 282 766 secuntum
293 714 420 773 dicendum,
434 712 494 776 quot
507 711 574 763 timor
585 712 676 765 renim
687 727 755 778 quem
773 713 872 766 charitas

79 784 137 836 toras
154 784 240 846 mittit,
252 783 418 849 oppositionem
430 782 501 834 habet
513 783 541 833 ad
551 782 683 834 charitatem
697 786 785 836 ratione
797 786 872 836 serai-

77 855 144 919 tntis3
164 855 220 919 quia
237 867 327 918 poenam
339 853 443 918 respicit3
456 853 497 905 set
512 854 577 905 dolor
590 854 732 907 contritionis
742 869 774 908 ex
791 858 872 909 chari-

77 929 122 979 tate
136 931 251 988 causatur,
263 930 289 975 ut
304 927 444 977 dictumest.
462 924 550 976 carneo
563 928 655 976 nonest
664 925 748 978 smne.

105 998 139 1050 td
151 997 245 1048 tertium
260 997 389 1057 dicentum,
398 995 458 1060 quod
467 994 573 1058 quamuis
588 1009 629 1059 per
645 997 804 1059 penitentiam
816 1013 870 1064 pec-

76 1074 135 1121 cator
154 1071 234 1120 redeat
251 1067 389 1131 engratiam
412 1065 530 1130 pristinam
550 1070 573 1116 et
590 1067 758 1120 immunitatem
778 1069 792 1121 t
807 1076 870 1124 reatu

76 1152 162 1204 poeuae,
176 1151 294 1203 nunqnam
307 1142 384 1189 tamen
398 1135 455 1188 redit
471 1137 501 1188 ad
516 1136 635 1201 pristinam
647 1137 781 1202 dignitatem
801 1141 869 1194 iuno·

75 1211 173 1264 centis:
189 1213 215 1261 et
233 1210 285 1262 ideo
300 1219 389 1273 semper
405 1220 434 1258 ex
447 1207 563 1270 preterito
577 1211 669 1272 peccato
682 1209 767 1274 aliquit
780 1210 869 1276 inipso

76 1285 160 1333 manet.

105 1353 138 1404 nd
152 1353 260 1416 quartum
278 1349 411 1411 dicendum,
427 1348 488 1412 quot
505 1349 564 1400 sicru
576 1361 624 1400 non
636 1349 704 1402 debet
715 1351 784 1403 homo
795 1352 869 1405 tacere

75 1425 146 1485 mata,
160 1426 189 1472 ut
211 1419 305 1470 veniant
322 1421 396 1482 houa;
419 1419 452 1471 ita
466 1433 512 1470 uon
532 1419 600 1470 debet
621 1421 719 1484 paudere
738 1421 767 1473 de
787 1423 866 1486 maiis;

75 1494 126 1556 quia
138 1505 168 1544 ex
181 1490 217 1543 eis
231 1490 403 1542 occasionaliter
416 1488 552 1553 proveniunt
570 1490 645 1551 bona,
659 1491 738 1541 divina
749 1491 869 1556 putaret

75 1563 230 1626 prouidentia,
243 1567 339 1626 agentes
353 1561 407 1624 qnia
420 1559 510 1611 itiorum
521 1560 630 1611 honoram
642 1565 733 1625 peecata
745 1573 814 1613 musa
822 1577 869 1615 non

75 1635 180 1697 fuerunt,
202 1633 242 1684 sed
263 1633 335 1697 magis
350 1631 528 1694 impediments3
543 1631 584 1682 sed
596 1631 674 1682 diuina
686 1629 828 1696 prouidentia
839 1648 868 1685 ea

76 1701 191 1768 tenuavit,
210 1709 235 1756 et
247 1705 274 1755 rte
288 1715 316 1755 ea
338 1703 407 1754 debet
417 1703 488 1754 nomo
504 1701 618 1764 gaudere,
631 1702 661 1752 te
679 1701 780 1766 peccatis
790 1708 867 1755 summ

76 1777 253 1912 dolterltepuiutum
262 1844 383 1896 dicendum
389 1877 399 1906 ,
406 1840 465 1905 qnod
477 1840 600 1893 satisfactio
612 1841 736 1894 attenditur
744 1843 867 1895 secuudum

74 1931 164 1982 ponam
186 1919 301 1975 taxatam,
317 1927 369 1980 qum
385 1913 540 1978 propeccatis
560 1911 650 1976 injungi
667 1913 735 1965 tebet
753 1928 760 1964 ε
779 1918 804 1966 et
816 1915 868 1967 ideo

74 1994 150 2055 potest
171 1987 304 2050 terminari,
320 1991 346 2036 ut
363 1997 409 2037 non
424 1988 528 2049 oporteat
547 1983 643 2035 ulterim
660 1985 800 2037 mesfacere.
812 1986 866 2038 itare

75 2064 148 2111 antem
159 2071 228 2124 prena
240 2055 354 2122 praecipue
369 2056 551 2122 proportionatur
562 2055 635 2119 cutpa
652 2066 682 2105 ex
695 2059 760 2120 parte
770 2069 868 2108 conuer-

74 2131 163 2193 sionis‚
183 2141 212 2180 ex
232 2140 277 2192 qna
291 2127 399 2178 tinitatem
418 2127 504 2189 hahet3
524 2125 566 2176 sed
580 2126 645 2176 dolor
656 2126 801 2177 contritionis
818 2140 868 2178 res·

74 2203 158 2265 poutet
166 2200 239 2263 culpa
250 2213 278 2250 ex
290 2202 354 2262 parte
365 2197 491 2248 aversionis
500 2208 530 2247 ex
542 2208 588 2260 pua
600 2195 670 2247 natet
679 2198 797 2260 qnamdam
810 2197 867 2248 inti-

75 2272 184 2322 nitatem:
198 2270 259 2321 uude
268 2267 371 2319 contritio
388 2281 478 2332 semper
488 2267 556 2318 dotet
567 2278 670 2330 manere,
685 2280 729 2318 nec
740 2271 777 2320 est
787 2266 867 2320 incon-

74 2344 184 2406 venieus,
197 2342 218 2394 si
233 2346 320 2392 remoto
335 2339 454 2404 posteriori
467 2340 583 2390 remaneat
594 2337 668 2401 prius.

370 2513 527 2568 annuntiis
538 2513 567 2564 ΙΙ.

183 2641 269 2688 Utrum
281 2639 389 2698 expediat
405 2636 516 2684 curationi
528 2636 657 2694 depeccutu
671 2635 759 2682 nomn.

104 2769 138 2820 td
156 2767 279 2820 secundnm
301 2765 334 2816 sic
348 2763 484 2829 proceditur.
504 2758 596 2812 videtur
614 2757 676 2825 putri
693 2768 739 2810 oon
760 2756 866 2822 expediat
937 2749 942 2757 ’

75 2836 183 2890 continue
196 2836 224 2888 de
236 2838 328 2899 peccato
338 2835 421 2886 dolere.
432 2832 531 2897 Expedit
538 2829 600 2882 euim
612 2829 747 2895 quandoque
756 2829 865 2892 gandme,

76 2913 102 2958 nt
120 2911 183 2974 patet
197 2906 303 2971 Paccio„
316 2905 356 2969 iv,
366 2905 406 2956 utri
423 2917 492 2970 super
504 2903 560 2954 iliud
571 2916 578 2951 ε
591 2901 715 2953 «Gaudete
729 2899 755 2950 in
769 2899 865 2951 ttomino
943 2928 944 2931 =
