1942 3284
238 227 271 266 ns
284 225 399 266 mmo
410 225 488 265 noros
501 225 660 266 ιιοιιιιιπι.
802 217 847 264 ιιι

52 305 165 356 mactatus
177 303 331 366 adrasionsi
350 303 455 354 sacerdos
474 303 514 368 qui
531 315 584 354 aum
604 304 683 355 adame
699 305 846 368 deprecatur,

52 376 172 427 criminosis
184 377 268 440 plenus
282 374 408 425 actionibus
421 375 594 439 comprobetur?
606 391 621 422 ι
631 375 691 438 Ergo
703 387 747 439 per
759 376 843 426 maium

49 447 180 498 sacerdotem
193 461 238 498 non
256 449 332 511 potest
341 446 478 498 eucharistia
489 447 625 497 consecrari.

77 526 99 570 a.
113 522 238 581 Praeterea,
250 521 293 571 boc
304 523 467 570 sacramentum
483 517 605 569 sacerdotis
619 517 776 570 benedictione
790 533 845 570 con·

49 596 150 643 secuntur.
165 591 208 643 Sed
229 591 356 643 benedictio
373 590 499 641 sacerdotis
512 589 640 654 peccatoris
652 603 700 641 uon
715 593 751 640 est
763 589 844 642 attor

49 665 71 714 ad
93 665 286 715 consecrationem
310 664 379 727 hujus
400 662 556 725 sacramenti,
580 661 631 712 ebur
656 661 767 726 scriptum
793 663 840 727 sit,

48 736 160 792 Molonis..
175 737 213 787 lt:
231 753 245 783 o
261 733 390 786 biaiadicam
407 732 604 785 benedictionibus
618 732 715 796 reatris3
724 750 739 780 ι
753 738 778 785 et
791 735 845 786 bio·

48 808 122 871 nysius
135 808 191 858 dicit
202 807 226 857 in
241 808 325 871 Epist.
337 806 372 855 od
386 804 567 870 Demophilum
580 805 728 855 momeliam
742 821 750 855 .·
768 807 845 857 «Per-

47 877 101 928 fectd
114 878 223 929 ceciditd
237 877 370 928 sacerdotati
380 877 473 939 ordine,
489 875 529 940 qui
544 889 590 926 non
601 880 637 927 est
650 869 807 938 illuminatus,
822 881 847 928 at

47 950 114 1000 audax
124 950 216 1014 quidem
228 949 325 1000 simion
333 949 390 999 mibi
399 948 491 999 videtur
501 947 554 998 tatis
564 948 742 999 sacerdotalibus
752 963 845 1000 manum

46 1033 174 1085 apponeus3
191 1025 215 1072 et
229 1023 295 1073 audet
308 1019 552 1070 immundasiniamias
564 1020 690 1082 (nonenim
699 1021 774 1070 dicam
789 1033 846 1072 ora-
944 1084 945 1099 χ

44 1092 139 1158 dones),
151 1107 219 1159 super
233 1095 309 1144 diviua
320 1093 422 1158 symbola
431 1091 517 1142 Christi
528 1092 631 1142 dormiter
643 1092 797 1142 enuntiare.»

72 1165 113 1215 Sed
128 1169 207 1216 contra
222 1169 272 1226 est,
288 1165 348 1229 quod
362 1164 502 1228 Augustinus
513 1163 569 1213 dicit
582 1163 608 1212 in
627 1163 668 1213 lib.
685 1163 721 1212 Dc
738 1178 847 1229 corpore

44 1237 147 1286 Domini
159 1238 192 1300 (d)
208 1253 213 1287 :
233 1239 318 1287 «lutra
335 1237 456 1287 Ecclesiam
471 1237 606 1286 oatboitcam
614 1273 622 1299 ,
638 1239 661 1285 tu
671 1236 781 1300 mysterio
795 1250 846 1287 con·

43 1309 101 1372 poris
114 1313 141 1360 et
157 1309 276 1372 sanguinis
289 1307 389 1371 bomini,
402 1307 484 1358 uicina
499 1308 561 1358 bono
578 1307 663 1372 majus,
679 1305 737 1356 nibil
754 1307 767 1356 b
785 1307 845 1358 malo
944 1310 945 1377 t

43 1379 115 1430 uinus
130 1381 248 1444 perficitur
261 1382 392 1439 sacerdote,
408 1381 461 1443 quia
473 1391 520 1430 non
538 1379 563 1430 in
580 1379 662 1430 merito
674 1378 844 1446 consecrantis,

44 1452 80 1500 sed
93 1451 119 1502 in
138 1453 209 1503 uerbo
222 1453 339 1517 perficitur
351 1451 478 1514 Crantoris,
489 1455 514 1501 et
524 1450 607 1500 virtute
620 1450 720 1514 Spiritus
733 1451 844 1502 sared.»
944 1442 945 1493 Τ

76 1523 330 1586 (muccosum-Cim
338 1524 467 1574 sacerdotes
475 1536 523 1574 non
533 1523 557 1572 in
567 1522 713 1587 propriumne
721 1522 839 1574 inebriati
944 1536 945 1581 ς

43 1607 137 1659 persona
149 1601 290 1660 consecrent,
299 1598 405 1662 possunt,
417 1595 509 1646 etiamsi
517 1595 571 1644 mali
581 1594 674 1658 inerint,
681 1595 846 1645 eucharistiam

43 1679 183 1719 mnsecrarc.
198 1668 208 1732 )

71 1741 207 1804 despondeo
225 1738 361 1802 dicandum,
375 1740 435 1803 qubd
456 1741 516 1790 sicut
529 1737 598 1803 supra
612 1737 697 1788 dictum
708 1742 743 1789 eat
754 1737 842 1802 (arti

43 1815 64 1861 et
76 1813 123 1875 ι),
138 1812 246 1862 sacerdos
259 1815 376 1863 consecrat
396 1813 440 1862 troc
454 1813 621 1862 sacramentum
635 1822 680 1860 non
695 1810 778 1861 uirtute
791 1822 845 1874 pro-

42 1884 104 1946 pria,
124 1882 167 1934 sed
180 1881 239 1933 siout
260 1882 363 1934 minister
375 1883 473 1943 Christi,
489 1883 514 1932 in
534 1883 600 1946 cnjus
614 1894 712 1947 persona
726 1885 845 1933 consecrat

42 1954 83 2004 boc
95 1957 271 2004 sacramentnm,
281 1955 332 2004 Non
345 1961 420 2004 autem
434 1967 463 2004 er
479 1955 524 2004 boc
537 1953 588 2017 ipso
598 1953 683 2004 desinit
694 1952 777 2016 ationis
791 1965 845 2004 ease

41 2025 147 2076 minister
160 2025 258 2086 Christi,
275 2025 335 2088 qubd
345 2028 380 2076 est
395 2026 480 2087 maius3
491 2026 560 2075 babet
574 2024 635 2075 enirn
650 2024 760 2074 boumuus
774 2024 846 2075 bonos

41 2100 63 2146 ct
73 2098 146 2148 maios
161 2097 276 2148 ministros
287 2110 327 2148 sou
342 2110 429 2148 servos.
445 2097 625 2156 ordericum,
639 2096 721 2159 xxiv,
733 2095 845 2147 iiominns

43 2167 95 2218 dicit
111 2184 117 2217 :
137 2167 219 2228 conis
231 2171 299 2232 putas
317 2173 351 2220 est
366 2167 438 2220 fidelis
454 2181 536 2219 sersus
547 2171 571 2218 ct
587 2168 702 2233 prudeus,
718 2171 804 2230 oetc.3
819 2169 844 2218 et

42 2245 121 2303 postea
141 2239 234 2291 subdit:
252 2239 300 2290 «Si
317 2242 393 2290 summ
407 2239 491 2290 dixerit
503 2239 575 2290 malua
588 2239 632 2290 iste
645 2252 728 2290 servus
739 2239 764 2289 in
775 2239 844 2290 corde

44 2327 99 2376 suo,
118 2316 188 2364 ueto.
203 2313 230 2361 Et
245 2312 365 2376 dpostalus
378 2311 449 2374 dicit,
462 2313 482 2362 1.
499 2313 570 2368 Gor„
586 2312 632 2362 iv:
648 2311 715 2363 «sic
725 2325 767 2363 noa
780 2311 847 2363 exis-

43 2384 108 2434 timet
116 2385 187 2434 bomo
198 2386 223 2432 ut
231 2383 347 2434 ministros
354 2383 447 2447 curisti
457 2399 470 2430 u
480 2387 558 2433 tamen
566 2387 646 2446 postea
654 2382 748 2433 subdit:
759 2381 846 2434 ultibil

44 2455 100 2504 mitri
114 2455 220 2506 conscius
239 2467 302 2517 sum,
317 2456 356 2506 sed
370 2468 416 2505 nun
431 2455 455 2504 in
472 2457 517 2505 boc
533 2454 671 2518 justificatus
686 2466 747 2503 aum.
763 2469 779 2501 ι
794 2453 848 2503 Euat

44 2537 98 2589 ergo
109 2529 185 2576 certus
200 2538 224 2575 se
235 2537 285 2576 esse
300 2525 431 2576 ministrum
445 2525 546 2589 Christi,
558 2527 634 2576 tamon
651 2537 699 2574 uon
714 2528 763 2574 crat
772 2527 848 2574 cerbus

46 2609 70 2645 sa
89 2610 141 2648 esse
158 2597 256 2661 justum.
277 2598 355 2647 Potest
371 2609 424 2660 ergo
445 2596 528 2661 aliquis
549 2608 600 2646 csse
623 2594 728 2646 minister
749 2594 848 2657 ῦιιιιιιι,

76 2767 110 2832 (ι)
126 2770 209 2816 Nullus
220 2770 288 2827 buius
296 2769 356 2815 tituli
367 2769 426 2816 iiber
436 2769 552 2816 invenitur
561 2770 585 2815 in
594 2767 704 2826 operibus
712 2765 847 2823 Augustini,

43 2833 84 2879 sed
102 2838 138 2880 cst
152 2833 272 2880 Paschasii
290 2833 396 2894 abbatis,
412 2845 482 2890 quem
497 2832 556 2879 ialsd
572 2832 639 2878 muiti
652 2833 808 2886 protestantes
820 2834 847 2873 nt

44 2901 164 3008 ἓιιιὲθιοωιὶῗ
173 2896 290 2954 dogmatis
302 2892 430 2955 promotis
438 2895 510 2943 restis
520 2895 604 2944 tibristi
614 2895 639 2942 'nu
647 2890 787 2940 eucharistia
797 2895 846 2938 tra·
