1942 3284
246 171 276 212 uu
291 169 450 212 ummo
465 169 674 210 commutatus.
814 163 859 212 m

92 248 125 300 tr
134 249 240 311 qurum
248 246 377 308 mudum
388 246 450 311 qudd
460 247 615 298 uicutdietum
624 249 661 298 eet
672 247 707 312 (in
716 261 779 314 enrp.
794 251 860 314 ιιι),

58 319 143 381 anima,
163 319 194 369 ed
210 331 278 382 quum
288 319 388 382 pertinet
396 318 522 382 spiritualis
536 323 591 370 etue
598 355 608 382 ,
622 319 757 372 immortalis
772 325 817 372 eet.
834 324 863 374 Et

59 394 111 445 ideo
123 392 195 444 etium
210 391 325 443 merituris
338 393 382 442 hue
394 394 561 442 strumentum
574 391 674 441 dandum
685 396 736 456 est,
747 397 773 444 ut
788 395 811 444 iu
827 407 863 445 re·

59 464 199 518 surrectione
215 464 309 528 perlecti
320 468 460 528 appareant,
473 463 598 514 seeundum
619 463 674 514 illud
689 465 790 528 Epicu,
807 468 837 518 lll
854 483 860 518 ι

60 538 160 588 «dunen
170 547 402 586 oremrumuuumueu
414 534 440 584 in
456 534 530 584 virum
546 534 681 597 perlectum,
692 535 717 584 in
727 549 858 588 mensurum

62 609 133 659 elutis
145 606 297 672 plenitudinis
305 606 398 656 Christi.
410 622 425 653 ι
434 607 462 655 Et
469 606 521 656 ideo
533 607 597 670 lingo
611 607 639 656 de
654 605 678 655 S.
689 607 779 658 Victore
789 609 860 660 dicit:

64 697 78 726 ιι
89 678 188 730 dmuiue
198 678 350 742 periculosum
364 680 440 737 esset,
452 676 510 727 siah
518 678 561 728 hue
571 676 618 727 ritu
629 676 678 727 sine
692 679 863 732 eondrmutiene

65 752 157 814 mipene
174 749 319 812 mutinperet
337 748 388 814 (l);
408 765 423 796 ι
443 747 557 812 nunquia
574 750 727 812 damnaretur,
743 750 787 800 nisi
802 751 862 804 torti

64 826 151 886 prepter
164 824 330 885 mntemptum,
341 821 382 870 sed
394 820 448 884 quia
461 821 621 871 detrimentum
634 822 782 884 perfeetionis
797 827 863 887 pute-

64 897 131 943 retur.
145 893 212 944 Unde
224 891 294 942 etium
305 891 371 956 pueri
383 891 512 942 confirmati
523 891 672 953 decedentes,
687 892 798 956 meierum
813 893 861 958 glo-

64 965 118 1014 riam
140 968 323 1030 consequuntur,
337 963 398 1014 sieut
418 967 442 1014 et
454 962 494 1014 iric
511 964 620 1027 majorem
635 963 740 1015 obtinent
755 965 859 1028 graiium.

63 1036 190 1088 rameru
206 1039 283 1086 entem
296 1035 334 1086 ille
347 1033 481 1102 intelligitur
494 1035 603 1098 quantum
620 1036 649 1086 ud
661 1037 706 1086 lruc
718 1034 780 1100 qudd
793 1037 864 1088 muri·

62 1108 118 1159 turis
131 1120 178 1159 neu
190 1110 227 1158 est
236 1106 389 1160 neeessariam
403 1108 447 1157 true
455 1111 622 1158 semumeutum
634 1111 726 1172 prepter
735 1107 864 1171 perieulum

63 1191 143 1244 pugne
155 1179 287 1245 presentis.

356 1287 515 1338 tillictmls
528 1287 567 1338 lx.

70 1414 153 1459 ilerden
163 1414 206 1460 troc
213 1417 392 1459 ιιιινιιιιιιιιιιιιιι
405 1413 438 1457 rit
451 1411 621 1468 eonferendum
632 1412 723 1458 domini
736 1413 764 1456 ιιι
772 1410 863 1467 fronte.

18 1592 19 1609 χ
97 1540 129 1592 td
143 1553 228 1591 nouum
247 1540 281 1590 sie
296 1539 426 1603 proceditur
435 1539 480 1603 (t).
495 1539 591 1590 Videtur
603 1537 663 1602 qndd
678 1539 865 1590 hoeeeerarueu·

69 1616 113 1662 tum
125 1625 171 1664 nou
189 1611 221 1662 sit
234 1612 395 1663 eonferendum
407 1611 496 1662 lumini
509 1611 535 1661 iu
550 1610 634 1660 lroute.
650 1611 697 1660 Hoc
715 1608 776 1659 enim
791 1621 865 1660 sucru-

69 1686 165 1734 meutum
175 1688 212 1734 est
222 1683 372 1747 perfectivum
382 1682 498 1747 baptismi,
510 1685 536 1730 ut
545 1680 613 1745 suprl
623 1681 709 1730 dietum
721 1683 757 1728 est
764 1679 815 1742 (qu.
825 1683 864 1742 et,

69 1757 109 1804 ert
119 1757 160 1819 t).
175 1755 220 1806 Sed
237 1757 403 1806 lucrementum
421 1751 530 1817 baptismi
546 1751 662 1802 eoulertnr
677 1748 765 1800 homiui
778 1749 802 1798 iu
816 1753 865 1802 toto

70 1839 167 1891 mrpme.
181 1827 242 1890 lires
256 1828 300 1878 lroe
317 1829 483 1878 ιιιιιιιιιιιιιιιιιι
497 1837 543 1874 nou
557 1823 625 1874 debet
638 1820 735 1873 mulerri
750 1819 826 1872 eelim
840 1821 865 1872 iu

98 1975 121 2022 t.
131 1972 255 2028 Preteree.
265 1972 310 2022 hoe
320 1974 485 2020 sumemeutum
495 1970 561 2020 datur
570 1970 598 2020 ad
610 1968 678 2020 ruitur
689 1965 821 2031 spirituale,
839 1969 866 2016 ut

71 2041 133 2106 suprt
145 2043 278 2093 dictumest
291 2041 351 2107 (ert.
372 2045 384 2092 l
403 2044 426 2090 et
439 2039 479 2104 2).
495 2039 542 2092 Sed
559 2039 675 2105 spirituale
686 2037 755 2089 robur
765 2035 866 2088 menime

70 2113 167 2165 mesistit
180 2114 205 2164 iu
219 2114 295 2165 mrde.
311 2115 370 2178 Ergo
381 2115 425 2164 lroe
443 2114 612 2164 estrumentum
630 2109 704 2175 magis
723 2109 790 2162 debet
810 2122 866 2160 eun·

71 2185 120 2237 lerrl
135 2199 204 2250 repre
216 2199 256 2238 eur
269 2186 336 2250 quim
347 2186 465 2237 inlruute.

100 2262 124 2307 t.
137 2259 261 2321 Prolem,
276 2259 321 2308 hoe
338 2261 506 2308 munumentum
524 2257 591 2308 detur
604 2255 694 2306 homiui
706 2254 735 2306 ed
747 2255 792 2306 ime
805 2252 866 2318 quid

72 2327 136 2380 mere
153 2330 222 2380 fidem
233 2329 317 2379 Christi
332 2328 476 2379 confiteatur.
491 2329 536 2379 Sed
552 2340 613 2379 «ure
624 2327 650 2377 m
660 2326 777 2378 contemtu
790 2326 818 2378 ed
831 2337 867 2376 se-

73 2398 147 2464 lntem,
164 2417 178 2448 ι
193 2404 218 2450 ut
238 2400 321 2450 dicitur
337 2401 419 2455 dom„
432 2401 462 2450 ll
477 2401 538 2463 Ergo
553 2401 596 2449 true
615 2399 781 2450 sacramentum
794 2397 868 2460 mauis

74 2469 135 2522 dehet
145 2471 245 2524 mulerri
255 2471 315 2522 circu
323 2483 350 2522 os
363 2470 432 2534 quim
445 2471 469 2522 iu
484 2472 567 2522 fronte.

101 2543 143 2595 Sed
160 2549 239 2595 centn
254 2546 307 2604 ert,
321 2543 382 2606 quud
401 2543 509 2594 itatenus
526 2541 582 2592 dicit
596 2542 621 2592 iu
638 2540 678 2591 lib.
696 2541 731 2590 De
753 2540 867 2590 institut.

106 2703 136 2767 (ἣ
150 2707 186 2753 sie
198 2707 261 2752 enlm
278 2709 345 2764 Euge
362 2707 394 2751 ibi
404 2706 461 2751 dicit
474 2724 480 2750 ι
502 2704 748 2761 remittenturque·
762 2714 807 2760 per·
821 2714 868 2746 rue·

78 2768 213 2827 pttpmiur
230 2783 282 2816 ιοιι
299 2771 442 2828 wulpem
451 2772 542 2816 mute
556 2769 751 2826 impositionem,
763 2778 796 2811 ιιι
806 2763 870 2823 [urit

79 2837 198 2891 nuptm
207 2833 368 2884 tumtur,
379 2836 424 2880 ete.

112 2901 140 2968 (i)
152 2905 307 2953 Dehieetium
319 2903 389 2964 iniri,
403 2909 446 2950 ert.
460 2901 500 2964 ll,
512 2903 540 2949 ud
554 2901 583 2957 33
596 2907 619 2948 et
630 2903 675 2962 lv,
686 2899 764 2950 siet..
774 2898 828 2944 dire.
839 2897 854 2943 '1
