1942 3284
170 200 202 239 os
216 193 385 241 mandabamus
399 198 476 242 nurus
490 199 652 244 saturnum.
767 194 815 242 ada

26 277 71 330 etit
83 277 224 342 madoribus,
243 281 270 329 ut
285 282 349 343 patet
362 279 382 330 i.
394 279 430 329 od
444 280 514 336 Cor„
528 279 570 330 bit.
581 279 643 343 Ergo
656 285 698 330 nec
709 279 817 332 ordinum

26 349 189 413 usceptiouem.

44 421 245 482 (Coranusro.-
254 422 359 473 Mulieres
373 421 425 472 edm
439 424 523 472 statum
540 422 692 486 subjectionis
706 423 814 485 habeant,

26 499 80 558 tque
98 491 130 542 ita
144 506 190 543 non
201 494 274 558 possit
287 494 313 544 in
326 493 361 544 eis
376 493 514 544 sacramenti
527 495 613 545 ordinis
626 493 763 557 significatio
777 507 815 546 re·

25 564 163 626 raesentari,
178 565 241 616 nudo
257 567 324 617 ruodo
337 567 381 616 boc
391 569 557 616 sacramentum
572 566 688 631 suscipere
699 565 817 630 possunt)

40 635 181 700 Respondeo
198 637 334 699 dicendum,
348 635 409 700 qubd
428 638 533 700 ¹rpraedam
550 637 698 701 requiruntur
715 636 739 687 iu
757 637 816 688 reci·

26 708 89 758 iente
107 711 282 771 sacramentum,
294 707 360 771 quasi
375 709 403 758 de
417 708 554 758 necessitate
566 707 716 773 sacramenti3
729 722 781 772 que
793 708 814 758 si

26 779 96 842 estut,
107 791 153 830 non
163 782 240 842 potest
253 778 335 842 aliquis
344 779 460 844 suscipere
476 793 552 844 neque
563 784 729 831 sacramentum
740 792 816 843 neque

26 865 59 902 cm
73 851 215 902 casamenti.
225 851 335 910 Quadam
349 850 404 902 verb
417 851 566 915 requiruntur
578 865 626 901 non
636 852 664 902 de
679 852 816 904 necessitate

26 922 159 986 aeramenti,
173 923 213 973 sed
230 923 258 974 de
279 923 416 974 necessitate
432 923 554 987 precepti,
572 925 665 986 propter
685 923 817 987 congruita-

26 1004 59 1045 em
71 994 98 1044 ad
108 998 290 1059 sacramentum
304 998 327 1045 et
338 995 388 1046 sine
396 995 480 1045 talibus
491 994 572 1059 aliquis
582 993 677 1057 suscipit
684 1007 814 1045 sacramen·

26 1067 120 1128 remeet
130 1075 233 1117 nonrem
243 1067 387 1117 sacramenti.
398 1065 524 1116 Dicendum
531 1076 585 1129 ergo
594 1064 655 1129 qubd
664 1078 734 1116 sexus
741 1065 818 1119 virilis

26 1135 136 1200 equiritur
143 1138 172 1187 ad
183 1137 354 1202 susceptionem
362 1136 475 1200 ordinum,
486 1149 533 1188 nou
542 1135 614 1188 soibm
627 1137 728 1187 secundo
738 1139 816 1202 modo,

26 1208 51 1259 ed
66 1208 136 1257 etiam
151 1208 234 1272 primo.
252 1207 317 1259 Unde
333 1207 378 1258 etsi
398 1207 488 1258 mulieri
504 1207 655 1258 exhibeantur
672 1208 749 1257 omnia
763 1221 823 1272 quaa

26 1293 34 1328 r
53 1278 169 1329 ordinibus
183 1277 248 1341 fiunt,
259 1279 361 1330 ordinem
370 1283 448 1329 tamen
461 1291 508 1329 non
523 1277 628 1343 suscipit,
646 1278 699 1342 quia
715 1277 768 1328 ctum
779 1289 816 1329 sa·

26 1354 153 1401 ramentum
162 1349 192 1400 sit
205 1351 306 1414 signum,
319 1351 343 1401 in
358 1351 392 1402 eis
407 1363 457 1414 quae
467 1349 493 1400 iu
503 1354 646 1400 sacramento
663 1353 816 1413 aguntumre·

26 1420 112 1470 uiritur
123 1434 171 1472 non
183 1421 257 1473 soldm
270 1435 317 1485 res,
329 1423 370 1473 sed
387 1421 525 1486 significatio
542 1421 590 1484 rei,
604 1422 664 1472 sicut
682 1421 767 1472 dictum
781 1425 819 1473 est

26 1505 36 1541 ι
54 1495 155 1543 extrema
164 1493 273 1544 unctione
289 1494 374 1558 requiri
393 1493 453 1558 qudd
467 1494 498 1544 sit
512 1492 625 1556 infirmus,
641 1497 667 1544 ut
678 1493 819 1557 significetur

26 1562 131 1615 uratioue
146 1564 259 1629 indigens.
275 1565 336 1616 Cim
348 1566 417 1629 igitur
434 1565 458 1615 in
475 1578 533 1616 sexu
549 1563 658 1614 toemiueo
674 1577 723 1614 non
742 1564 818 1629 possut

26 1634 137 1696 ignibcari
146 1636 222 1702 aliqua
230 1637 354 1688 eminentia
362 1637 454 1701 graduis,
469 1636 523 1700 quia
535 1636 616 1685 mulier
627 1639 713 1685 statum
727 1636 816 1698 subtec-

27 1707 83 1756 onis
95 1707 178 1773 babet,
188 1709 241 1761 ideo
255 1719 302 1760 non
316 1712 393 1774 potest
405 1709 493 1760 ordinis
506 1709 672 1760 sacramentum
689 1707 815 1772 suscipere.

27 1777 110 1832 iuidarn
127 1785 203 1832 autem
217 1781 322 1832 dixemnt
338 1781 397 1845 quod
412 1794 481 1832 sexus
494 1779 567 1829 viribs
582 1781 617 1829 est
631 1778 659 1830 de
677 1779 816 1831 necessitate

28 1851 140 1914 recepti,
156 1854 195 1904 sed
207 1865 253 1904 uon
270 1854 298 1904 de
314 1853 451 1903 necessitate
471 1851 620 1911 sacramenti,
636 1849 772 1913 quinetiam
788 1851 815 1901 in

28 1922 119 1972 erretis
128 1923 153 1972 dt
161 1924 248 1975 mentio
259 1925 286 1975 de
297 1923 425 1975 diaconissa
435 1927 459 1974 et
467 1922 610 1988 presbytera.
619 1922 663 1971 Sed
672 1921 816 1972 diaconissa

28 1991 47 2041 ri
61 1991 143 2044 dicitur
156 2009 206 2058 quae
219 1996 242 2046 in
254 1996 329 2058 aliquo
341 1999 392 2046 actu
405 1995 497 2046 diaconi
511 1993 648 2059 participat,
662 1991 753 2044 scilicet
763 2007 816 2058 qum

29 2062 71 2124 egit
84 2065 202 2115 homiliam
217 2067 241 2116 iu
256 2067 368 2132 ecclesia;
380 2065 532 2132 presbytero
545 2068 622 2115 numm
634 2064 716 2114 diobur
730 2064 816 2130 uidua,

29 2133 67 2183 uia
80 2136 210 2201 presbyter
222 2138 283 2188 idern
294 2141 329 2188 est
342 2139 403 2202 quod
414 2139 506 2188 senior.

47 2207 82 2257 dd
91 2208 189 2271 primurn
203 2221 257 2273 ergo
271 2211 404 2272 dicendum,
423 2209 483 2273 quod
497 2207 619 2275 prophetia
631 2219 677 2257 noo
694 2211 728 2259 est
740 2219 816 2260 sacra-

30 2278 133 2341 rentum,
152 2281 192 2330 sed
205 2278 247 2330 bei
261 2281 345 2330 donum
361 2295 367 2330 :
382 2280 442 2330 unde
457 2280 489 2330 tbi
502 2292 549 2329 non
560 2278 659 2341 exigitur
669 2278 816 2343 significatio,

30 2349 55 2399 ed
69 2348 143 2400 soldrn
154 2357 199 2401 res.
215 2351 305 2415 Etonia
318 2349 443 2402 secuudbm
457 2363 504 2400 rern
515 2349 647 2414 tubisque
657 2352 710 2400 sunt
724 2350 815 2414 anime,

30 2421 98 2470 rutier
110 2432 156 2472 non
173 2422 247 2473 differt
258 2423 271 2474 a
284 2423 348 2489 uiro,
363 2423 414 2474 edm
434 2423 569 2488 quandoque
589 2422 671 2473 mulier
687 2421 819 2472 inveniatur

31 2491 111 2555 relior,
128 2493 238 2557 quantiam
253 2496 280 2545 ad
293 2496 406 2558 animam,
420 2493 498 2544 multis
515 2493 571 2544 uiris
578 2531 587 2557 ,
597 2493 649 2544 ideo
665 2494 750 2544 donum
763 2502 819 2556 pro·

31 2562 101 2614 betia
115 2568 138 2614 et
147 2563 195 2614 'atta
203 2565 336 2631 hujusmodi
345 2569 420 2630 potest
433 2565 548 2629 recipere,
561 2565 602 2615 sed
615 2577 663 2615 non
681 2563 767 2613 ordinis
780 2574 818 2614 sa·

31 2638 138 2770 rzntleplet?
139 2648 187 2758 1tice
201 2711 265 2772 patet
277 2707 359 2759 solutio
373 2709 401 2758 ad
413 2707 537 2758 secundum
551 2709 575 2757 et
589 2707 690 2758 tertium.
702 2705 733 2755 be
746 2704 817 2755 abba-

32 2777 78 2828 ssis
87 2781 165 2829 umen
176 2779 267 2844 dicitur,
280 2779 341 2844 qubd
352 2791 399 2831 non
409 2778 659 2843 babentpraelationem
670 2775 818 2840 ordinariam,

32 2850 53 2899 cd
69 2849 135 2914 quasi
152 2863 181 2900 er
195 2851 373 2913 commissione,
388 2855 480 2917 propter
498 2850 626 2916 pericutum
640 2848 819 2900 cohabitationis

33 2924 118 2973 troium
136 2921 165 2972 ad
178 2921 294 2975 mutieres.
308 2923 395 2976 bebora
412 2926 488 2974 autern
501 2923 525 2972 in
538 2919 700 2987 temporalibus
713 2919 817 2987 pruno,
