1942 3284
54 0 93 12 ,,.
121 2 124 4 ,

40 208 103 247 nn
131 206 269 247 nono
299 206 399 255 Quo
428 207 655 251 cunrsrns
685 208 773 249 m
804 210 855 249 u<
885 209 984 250 noc
1015 208 1226 251 sacam.
1341 201 1429 249 311

0 289 115 337 lento
143 286 445 338 reverentiam
465 286 677 338 exhibere
693 325 706 350 ,
735 291 783 339 et
808 289 957 352 ipsum
977 289 1154 340 timere.
1170 289 1307 353 Ergo,
1332 289 1437 353 pari

0 370 33 420 3,
63 358 220 409 oculus
248 358 521 422 glorificatus
550 364 702 423 potest
733 359 968 411 Christum
998 360 1150 412 videre
1164 398 1178 425 ,
1201 364 1337 425 prout
1369 365 1441 413 est

0 444 11 477 :
43 435 345 482 sacramento.

14 506 185 566 contra,
208 503 325 553 nihil
347 502 464 554 idem
484 502 703 567 existens,
721 508 873 568 potest
887 503 1026 555 simul
1042 505 1099 555 ab
1119 506 1278 557 eodem
1298 504 1441 557 videri

0 574 128 625 tersis
167 575 427 637 speciebus.
455 575 544 625 Sed
578 576 735 626 oculus
782 576 1059 639 glorificatus
1102 590 1283 641 semper
1320 576 1441 629 videl

0 657 69 691 um
84 648 219 708 prout
238 644 373 695 estin
394 657 476 695 sua
494 645 667 709 specie,
686 645 934 697 secundum
950 646 1061 697 illud
1079 645 1197 705 Iso„
1219 646 1405 697 XXXIII
1425 661 1433 693 :

0 727 68 763 cm
102 714 153 764 in
192 717 354 767 decore
389 729 472 766 suo
503 716 739 768 videbunt.
777 733 805 764 »
832 718 950 780 Ergo
984 717 1164 769 videtur
1187 718 1310 783 quod
1350 731 1441 769 nou

36 786 271 836 Christum
303 790 439 851 prout
475 791 545 839 est
566 789 650 838 sub
681 788 834 852 specie
864 788 999 853 hujus
1027 790 1310 840 sacramenti.

1 872 227 909 Nccnsro.
249 886 309 897 —
337 859 462 910 Licet
491 859 703 910 Christus
730 860 781 910 in
802 862 891 911 hoc
926 866 1211 913 sacramento
1237 874 1320 925 per
1341 874 1413 913 mo
1429 889 1441 901 ψ

0 930 243 981 ubstantiae
270 930 493 993 existenS,
521 943 609 981 nec
638 932 786 983 oculis
822 931 1049 997 corporeis
1084 946 1170 982 nec
1209 932 1437 983 intellectu

2 1016 25 1051 s
45 1040 59 1065 ,
85 1003 175 1053 nisi
204 1016 284 1067 per
307 1004 468 1067 fidem,
494 1004 697 1069 conspici
727 1004 904 1067 possit,
929 1004 985 1054 ab
1025 1003 1261 1054 intellectu
1289 1008 1437 1055 tamen

0 1086 71 1136 >er
97 1073 265 1125 divinae
297 1074 506 1125 essentiae
532 1074 752 1126 visionem
782 1074 931 1127 videri
954 1075 1157 1139 potest.)

0 1146 177 1210 pondeo
204 1146 462 1209 dicendum,
493 1146 613 1209 quod
636 1147 803 1211 duplex
837 1151 909 1199 est
934 1148 1119 1212 oculus;
1143 1147 1316 1199 scilicet
1341 1162 1437 1200 cor-

0 1232 4 1265 ι
36 1216 226 1282 proprie
256 1218 403 1268 dictus
418 1256 432 1281 ‚
463 1222 509 1269 et
533 1216 853 1273 intellectualis
868 1258 882 1281 ,
901 1220 980 1284 qui
998 1233 1081 1284 per
1098 1219 1437 1270 simiIItudinem

0 1305 21 1340 ·.
44 1292 84 1339 Α
102 1289 227 1340 nullo
248 1294 401 1341 autem
421 1291 554 1341 oculo
576 1292 797 1356 corporali
816 1305 982 1356 corpus
1001 1292 1169 1344 Christi
1198 1296 1352 1356 potest
1372 1293 1437 1342 vi-

0 1364 109 1412 ›rout
132 1362 273 1413 estin
294 1364 383 1413 hoc
402 1367 683 1415 sacramento
710 1380 721 1413 :
746 1364 900 1416 Primo
922 1365 1102 1427 quidem
1118 1402 1132 1424 ,
1155 1364 1264 1428 quia
1278 1377 1441 1429 corpus

0 1446 17 1483 s
42 1446 122 1497 per
143 1447 226 1483 sua
247 1434 501 1484 accidentia
530 1434 739 1485 immutat
762 1436 980 1487 medium.
1003 1436 1264 1486 Accidentia
1292 1441 1441 1487 autem

0 1503 44 1553 is
70 1504 246 1554 Christi
273 1508 380 1556 sunt
404 1504 453 1555 in
473 1507 562 1555 hoc
591 1510 870 1566 sacramento
896 1507 1126 1557 mediante
1153 1507 1408 1557 substantia
1429 1549 1441 1569 ‚

2 1575 124 1627 ilicet
160 1576 283 1639 quod
320 1576 565 1628 accidentia
602 1578 805 1643 corporis
840 1578 1009 1629 Christi
1035 1591 1130 1629 non
1164 1580 1333 1628 habent
1360 1578 1449 1626 im·

0 1651 86 1697 tam
122 1647 464 1711 habitudinem,
492 1662 640 1713 neque
670 1650 729 1699 ad
768 1651 854 1700 hoc
896 1652 1262 1711 sacramentum,
1302 1662 1449 1713 nequa

0 1733 117 1783 *pora
142 1734 244 1783 quae
283 1720 432 1783 ipsum
459 1720 769 1771 circumstant.
798 1722 854 1770 Et
877 1721 982 1771 ideo
1018 1734 1110 1771 non
1139 1724 1332 1784 possunt
1362 1721 1449 1769 im-

0 1804 17 1841 e
44 1791 270 1854 medium,
296 1794 349 1840 ut
381 1791 448 1841 sic
485 1792 541 1841 ab
565 1791 718 1855 aliquo
751 1790 971 1855 corporali
1001 1792 1133 1841 oculo
1158 1790 1307 1841 videri
1338 1804 1445 1856 pos-

0 1861 240 1924 Secundo,
272 1862 378 1925 quia
395 1901 407 1924 ,
430 1862 549 1913 sicut
588 1862 727 1927 supra
766 1862 938 1914 dictum
964 1867 1034 1913 est
1061 1863 1182 1927 (art.
1208 1866 1256 1925 1,
1281 1864 1336 1914 ad
1365 1869 1391 1913 3
1408 1869 1445 1929 ᾖ,

0 1947 8 1982 ε
34 1934 204 1984 Christi
232 1937 301 1983 est
329 1932 378 1982 in
400 1934 488 1984 hoc
523 1939 807 1985 sacramento
833 1948 916 1999 per
945 1935 1128 1985 modum
1157 1935 1445 1986 substantias.

0 2005 84 2054 :tia
122 2008 303 2068 autem,
332 2005 383 2054 in
425 2018 642 2069 quantum
679 2005 970 2071 hujusmodi,
1011 2021 1104 2057 non
1141 2010 1212 2058 est
1255 2006 1449 2057 visibilis

4 2076 255 2140 corporali,
285 2088 433 2139 neque
461 2077 666 2141 subjacet
694 2077 827 2127 alicui
855 2078 1030 2142 sensui,
1052 2091 1137 2128 nec
1167 2078 1305 2129 ctiam
1335 2079 1450 2129 ima-

0 2147 85 2207 oni,
122 2147 203 2198 scd
230 2148 315 2198 soli
342 2146 613 2210 intellectui,
636 2149 769 2212 cujus
795 2150 1028 2214 objectum
1058 2152 1129 2200 est
1156 2149 1295 2214 quod
1320 2149 1449 2210 quin·

0 2220 27 2265 lt
48 2216 215 2268 dicitur
241 2218 291 2267 in
312 2219 391 2268 ΠΙ.
417 2220 490 2267 De
517 2220 691 2269 anima
724 2222 871 2283 (text.
902 2224 963 2269 26
981 2220 1018 2284 ).
1037 2221 1095 2270 Et
1120 2220 1242 2285 ideo,
1265 2221 1449 2285 propris

0 2289 100 2353 ido,
140 2303 308 2353 corpus
344 2290 539 2352 Christi,
577 2290 823 2340 secundum
864 2291 1047 2340 modum
1101 2292 1282 2341 essendi
1318 2304 1453 2354 quem

23 2361 71 2411 in
104 2363 190 2412 hoc
232 2365 540 2421 sacramento,
566 2374 713 2425 neque
752 2375 919 2425 sensu,
948 2375 1096 2426 neque
1128 2362 1449 2426 imaginatione

0 2433 147 2495 utibile
176 2436 279 2498 est,
317 2434 399 2483 sed
434 2434 532 2483 solo
561 2432 795 2483 intellectu
812 2472 825 2496 ,
843 2433 923 2497 qui
945 2433 1107 2483 dicitur
1139 2433 1296 2483 oculus
1319 2434 1457 2497 spiri⁴

36 2502 292 2567 Percipitur
318 2507 474 2555 autem
514 2503 817 2555 diversimode
849 2504 876 2555 a
909 2504 1102 2555 diversis
1132 2504 1453 2555 intellectibus.

0 2575 113 2626 enim
140 2574 304 2625 modus
325 2574 510 2625 essendi
532 2589 621 2639 quo
646 2576 854 2626 Christus
880 2574 1024 2626 estin
1041 2577 1131 2627 hoc
1152 2579 1453 2637 sacramento,

0 2648 162 2697 oenitus
193 2646 569 2711 supernaturalis,
589 2647 616 2695 a
644 2646 975 2711 supernaturali
993 2647 1260 2709 intellectu,
1284 2646 1457 2696 scilicet

0 2736 23 2781 ι,
48 2717 301 2769 secundum
326 2731 375 2768 se
398 2717 583 2769 visibilis
606 2721 695 2780 est,
717 2722 790 2781 et,
807 2732 888 2782 per
901 2732 1213 2782 consequens,
1239 2719 1295 2768 ab
1321 2717 1459 2766 intel-

0 2793 139 2855 reato,
159 2790 234 2840 vel
249 2789 419 2853 angeli,
443 2791 518 2839 vel
534 2790 733 2840 hominis
738 2827 756 2853 ‚
778 2790 856 2854 qui
875 2788 1123 2841 secundum
1140 2790 1457 2854 participatam

0 2868 100 2913 item
128 2860 276 2913 divini
301 2862 560 2912 intellectus
581 2860 707 2911 videt
726 2875 780 2912 ea
802 2874 903 2925 quae
930 2860 1291 2926 supernaturalia
1324 2869 1457 2921 sunt,

0 2934 187 2987 isionem
229 2933 399 2984 divinae
437 2932 667 2984 essentiae.
696 2934 763 2985 Ab
801 2932 1038 2985 intellectu
1073 2936 1228 2984 autem
1257 2931 1457 2984 hominis
