1942 3284
189 181 221 217 ne
236 180 276 216 urs
291 178 333 223 oux
349 178 456 217 rossuur
471 176 693 229 nunnamenster,
710 178 763 217 xro,
830 168 875 216 'til

54 257 129 307 inter
138 254 259 305 hominem
272 257 296 305 et
305 254 392 317 ltcum3
402 253 427 303 in
437 253 487 304 loro
498 257 574 304 autem
585 253 704 305 exterioris
713 252 794 318 judicii
807 267 876 305 cansa

53 326 145 390 agitur
155 326 257 376 hominis
271 325 300 375 ad
310 324 437 377 hominem.
449 326 478 374 Et
491 323 543 375 ideo
555 324 667 375 absolutio
684 325 721 376 rel
731 324 811 389 ligatio
824 339 875 389 quae

53 411 141 448 unum
155 396 275 446 hominem
289 396 374 459 obligat
387 396 462 458 quoad
475 396 546 445 iteum
557 394 661 459 tantirm,
681 396 786 460 pertinet
800 396 828 446 ad
842 397 875 447 lo·

54 484 117 521 rum
131 467 293 534 paenitentia3
315 469 355 518 scd
370 466 410 518 itlr
423 481 475 531 que
492 467 609 517 homiuem
623 467 742 531 obligatio
754 480 876 532 compara-

54 541 132 591 tione
147 540 177 589 ad
194 539 251 589 alios
267 538 386 601 homiues,
402 539 430 589 ad
445 539 519 588 iorum
536 538 650 601 publicum
667 537 786 589 exterioris
796 538 877 601 judicii

55 610 181 675 pertinet.
194 610 223 659 lit
233 608 286 671 quia
295 610 364 660 homo
375 620 417 673 per
428 607 682 659 excommunicationem
694 608 875 660 icommuuione

54 681 174 733 fidelium
195 684 325 745 separatur,
339 680 394 731 ideo
412 679 618 730 excommunicatio
637 681 665 730 ad
682 680 756 731 lorum
774 678 877 729 exterius

56 752 188 818 pertinet3
200 752 283 802 etideo
298 751 332 801 iili
347 752 389 802 soli
403 754 500 814 possunt
513 749 724 814 excommunicare,
741 751 779 815 qui
790 751 875 801 habent

55 824 253 891 jurisdictionem
267 823 292 873 in
303 824 351 874 toro
364 822 484 887 judiciali:
502 826 526 874 et
542 826 635 887 propter
650 825 694 873 hoc
711 823 754 874 soli
771 822 872 887 episcopi

58 895 164 960 proprii
180 894 328 954 auctoritate,
343 897 367 943 et
378 895 477 957 majores
491 894 578 957 prelati
591 891 716 942 seeunlirm
730 892 873 944 coimmunio·

60 980 119 1017 rem
128 966 262 1030 opinionem
278 970 375 1029 possunt
390 964 596 1016 excommunicare.
610 964 656 1014 Sed
668 964 793 1029 presbytcri
807 976 874 1029 paro-

63 1037 157 1089 chiales
167 1037 266 1088 nonnisi
280 1051 309 1087 ex
318 1036 478 1088 commissione
490 1036 524 1086 eis
533 1036 602 1097 lacta,
614 1036 652 1085 uel
664 1034 688 1083 in
697 1035 764 1085 certis
773 1036 873 1096 casibus,

62 1109 132 1160 sicut
140 1109 167 1158 in
177 1109 237 1159 iurto
253 1112 276 1159 et
286 1108 375 1174 rapina,
389 1111 412 1158 ct
423 1106 565 1171 hujusmodi,
577 1106 601 1155 in
610 1106 692 1171 quilius
707 1106 786 1157 osteis
798 1106 875 1169 ajrrre

62 1192 205 1232 concessum
221 1179 281 1244 qnod
299 1178 497 1230 excommunicare
510 1178 609 1242 possint.
622 1177 667 1227 xlii
677 1180 752 1227 autem
766 1178 873 1227 dixerunt

64 1250 132 1315 qnod
153 1251 223 1302 etiam
245 1252 373 1301 sacerdotes
387 1249 528 1315 parochiales
542 1252 639 1314 possunt
660 1249 871 1311 excommunicem

66 1323 111 1373 sed
128 1322 237 1387 predicta
250 1322 329 1386 opinio
344 1325 381 1371 est
393 1322 557 1372 rationabilior.

102 1393 249 1457 ltprimum
268 1405 321 1455 ergo
336 1392 471 1457 (licendum,
488 1392 549 1457 qnid
562 1391 766 1443 excommunicatio
780 1402 827 1442 non
839 1392 876 1441 est

68 1466 139 1515 actus
151 1463 221 1514 claris
233 1462 332 1524 directe,
345 1464 385 1513 secl
396 1463 468 1525 magis
481 1466 588 1527 respectu
596 1462 717 1513 exterioris
728 1461 817 1525 judicii.
829 1461 875 1511 Sed

67 1535 185 1586 sententia
208 1534 468 1596 excommunicationis,
488 1532 592 1598 quamvis
614 1533 639 1583 iu
659 1532 768 1583 exteriori
788 1531 876 1596 judicia

68 1608 235 1673 promulgetur,
249 1608 303 1671 quia
313 1610 390 1655 tamen
400 1606 476 1670 aliquo
486 1607 553 1657 modo
561 1606 662 1670 pertinet
672 1606 700 1655 ad
712 1604 797 1655 aditum
810 1605 876 1669 regni

69 1676 198 1729 secundim
211 1677 272 1741 quod
292 1676 397 1727 Ecclesia
413 1676 514 1727 militans
529 1684 564 1727 est
579 1676 616 1726 ria
630 1676 658 1725 ari
677 1676 874 1739 triumphantem,

67 1746 123 1798 ideo
135 1748 204 1798 etiam
218 1748 270 1799 talis
291 1747 420 1813 jurisdictio
440 1760 482 1811 per
500 1760 568 1811 quam
588 1748 656 1797 homo
678 1746 874 1797 excommunicare

68 1822 162 1885 poten,
176 1820 254 1870 otonis
273 1823 350 1885 potest
373 1820 438 1869 dici:
457 1822 481 1871 et
499 1818 624 1869 secundim
642 1820 686 1869 hoc
707 1818 720 1867 ir
740 1817 874 1882 quibusdam

69 1892 219 1955 distinguitur
227 1893 287 1956 quod
300 1894 337 1941 est
346 1890 423 1941 clavis
437 1890 553 1947 ordinis,
568 1903 636 1955 quam
651 1902 732 1940 omnes
745 1890 874 1940 sacerdotes

69 1963 169 2023 habent,
191 1966 215 2013 et
235 1963 316 2013 otonis
332 1962 531 2027 jurisdictionis
548 1962 573 2011 in
598 1962 647 2012 loro
664 1961 783 2026 judiciali,
804 1972 875 2025 quant

70 2036 157 2085 hahent
168 2035 210 2085 soli
223 2034 313 2099 judices
327 2034 446 2085 exterioris
456 2034 508 2085 lori.
517 2034 640 2096 Utramque
653 2044 730 2083 tamen
739 2034 875 2083 DeusPetro

71 2106 182 2169 contulit,
202 2106 305 2164 liniti„
326 2107 393 2170 llll,
408 2110 431 2156 et
449 2105 478 2155 ab
498 2106 548 2169 ipso
567 2104 592 2153 irx
612 2104 669 2155 alios
687 2104 819 2167 descendit,
833 2103 874 2167 qui

71 2176 183 2226 utramvis
195 2177 290 2227 hahent.

103 2248 138 2298 lid
149 2249 273 2299 secundum
293 2248 431 2311 dicendum,
443 2248 503 2312 qnod
524 2248 654 2298 sacerdotes
672 2247 817 2313 parochiales
833 2247 876 2296 ha·

71 2319 223 2383 beniquidem
231 2318 415 2383 jurisdictionem
427 2318 452 2367 in
462 2318 564 2370 subditos
574 2332 626 2369 suos
640 2319 750 2383 quantiam
762 2316 875 2368 ad'iomm

72 2390 233 2455 conscicntia,
253 2392 292 2441 scal
308 2404 356 2441 non
368 2388 479 2455 quantirm
496 2391 525 2440 ad
545 2392 620 2441 lorum
631 2390 749 2455 judiciale,
759 2389 814 2453 quia
828 2398 875 2437 non

72 2464 169 2526 possunt
182 2463 300 2513 conveniri
318 2475 394 2513 eoram
412 2463 447 2513 eis
466 2462 492 2511 in
511 2463 586 2513 causis
605 2462 764 2523 contentiosis3
780 2464 804 2509 et
821 2459 873 2509 ideo

74 2534 266 2585 excommunicare
286 2546 333 2584 non
349 2536 463 2599 possunt,
477 2534 517 2583 sed
536 2533 651 2585 absolvere
670 2535 766 2596 possunt
780 2531 805 2579 in
823 2529 876 2579 loro

73 2604 234 2669 penitentiali.
249 2605 278 2654 lit
291 2606 396 2669 qrramuis
408 2606 482 2655 tomm
498 2603 653 2669 penitentiale
668 2605 701 2654 sit
712 2603 804 2667 dignius
811 2637 820 2663 ‚
830 2605 876 2651 ta·
954 2648 955 2669 ἶ

73 2688 125 2725 men
140 2675 165 2725 in
178 2674 227 2725 toro
242 2676 345 2739 judiciali
356 2676 429 2739 major
443 2675 576 2726 solemnitas
592 2675 722 2738 requiritur,
733 2673 786 2737 quia
796 2672 821 2721 in
840 2684 869 2723 eo

75 2747 161 2810 oportet
170 2746 233 2809 quod
243 2759 288 2797 non
299 2746 372 2797 solim
385 2749 446 2811 ileo,
461 2746 502 2797 sed
512 2746 580 2809 etiam
591 2746 680 2797 homini
690 2743 793 2795 satisfiat.
