1942 3284
120 98 170 145 vo
262 108 468 158 sommus,
484 108 579 154 eumn.
597 107 657 158 xvi,
673 106 730 145 tar.
748 108 784 145 ur.

153 187 176 234 t.
192 185 319 246 Praeterea,
336 184 398 234 idem
415 183 527 247 judiciuin
549 188 585 234 est
603 184 730 234 nonnullum
746 185 932 247 Damascum,

121 256 162 307 lib.
176 257 208 316 ll,
224 256 262 307 De
275 255 451 319 fideortltod„
462 268 513 319 cap.
526 258 555 305 ll
567 259 592 305 et
605 258 645 316 lt,
657 256 687 305 de
700 256 790 319 augelis
805 258 834 305 et
848 256 933 306 ‹leani-

122 328 202 377 mabus
213 327 332 390 separatis.
342 326 388 376 Sed
400 326 425 375 in
442 326 560 377 animabus
572 328 686 390 separatis
702 331 783 391 potest
792 340 852 377 esse
865 327 935 391 poni-

121 398 205 462 tentia,
214 402 240 447 ut
250 398 341 461 qnidam
352 397 440 461 dicum,
448 398 508 449 sicut
518 397 542 447 in
554 398 672 449 animabus
680 398 765 463 beatis,
773 412 832 463 qna
848 398 933 449 sustin

123 468 204 533 patria.
222 470 281 531 Engo
292 476 315 519 et
331 468 356 518 in
370 469 459 531 angelis
470 471 547 533 potest
560 481 612 519 esse
625 468 773 532 poeniontia.

155 542 201 593 Sed
219 545 314 605 contra,
327 555 368 606 per
379 541 537 605 poenitentiam
555 543 625 591 bomo
639 542 791 606 consequitur
801 542 933 593 veniabile

124 618 218 678 peccato
233 613 364 663 commisso.
381 614 427 665 Sed
441 614 485 663 boo
506 617 542 664 est
556 612 699 677 impossibile
714 614 738 663 in
760 614 869 679 anguis.
882 614 932 677 unu

124 698 172 737 ooo
183 689 239 735 sunt
256 684 414 748 susceptibiles
425 683 577 749 poenitentiae.

156 757 283 816 preterea,
305 756 457 807 Damascenis
471 755 528 805 ‹lioit
544 754 605 817 quaid
626 772 640 802 ι
652 756 724 806 bomo
739 754 856 817 iungitur
865 756 931 820 poeni

126 827 200 878 tentia
219 831 312 891 propter
328 826 429 890 corporis
443 825 611 876 infirmitatem.
623 843 638 873 u
656 827 702 876 Sed
714 826 802 889 Angeli
823 840 876 877 non
888 835 931 877 sunt

126 900 152 949 in
164 911 267 963 corpore.
284 900 344 961 Ergo
357 898 383 949 in
392 898 428 948 eis
436 912 484 950 non
495 901 571 963 potest
583 912 634 949 esse
644 897 798 962 poenitentia.

159 971 311 1033 (Cubulbslo.
327 996 358 1007 -
373 969 525 1031 Poenitentia,
547 968 670 1019 secundinm
692 968 757 1031 quod
776 974 817 1019 est
843 970 929 1034 passio,

128 1040 237 1104 competit
253 1042 319 1091 melis
341 1038 428 1102 angelis
441 1055 448 1089 :
462 1040 525 1090 nubo
539 1039 606 1091 modo
622 1042 698 1090 antem
715 1040 742 1089 in
761 1040 859 1103 angelis
870 1041 930 1091 besti

128 1125 181 1165 csse
195 1116 287 1175 potest;
299 1111 424 1163 secundina
436 1110 492 1164 verb
505 1110 566 1175 null
577 1114 611 1162 est
624 1111 704 1174 uirtus,
725 1124 776 1161 non
792 1117 876 1174 potest
889 1126 930 1163 eme

128 1182 368 1247 passariniacum
381 1187 501 1247 peccatum
514 1182 604 1233 illorum
618 1182 648 1233 sit
657 1182 848 1247 irremissibile.)

160 1256 296 1315 Respondeo
314 1254 452 1315 dicendum,
465 1252 527 1317 qubd
541 1252 677 1317 punitentia
689 1252 715 1303 in
729 1254 801 1304 nobis
815 1253 930 1319 duplici!

129 1326 248 1389 accipitur.
265 1325 315 1379 Uno
331 1325 413 1386 modo,
428 1324 553 1375 secundino
573 1324 635 1387 qubd
646 1333 681 1376 est
693 1324 789 1388 passio;
810 1325 848 1375 sie
863 1330 930 1376 amen

128 1397 186 1447 nibil
194 1396 257 1446 aliud
267 1399 317 1459 est,
329 1395 397 1459 quim
408 1396 471 1448 dolor
484 1397 523 1447 vel
535 1395 628 1447 tristitia
644 1397 672 1446 de
687 1396 747 1445 malo
758 1398 929 1459 commisso;et

130 1469 233 1533 qnamus
244 1467 370 1519 secundino
381 1467 443 1532 quid
456 1471 492 1518 est
505 1466 595 1532 passio,
609 1481 654 1518 non
670 1466 700 1517 sit
712 1466 802 1517 nisiln
816 1468 929 1532 concupis

129 1539 202 1601 cibili,
212 1539 378 1603 tamenaliquis
386 1540 584 1591 actusnoluntatis
594 1538 779 1591 similitudinarie
786 1542 928 1604 paenitentia

131 1611 228 1675 dicitur,
243 1624 288 1675 qno
312 1611 362 1675 quis
383 1610 471 1661 seilicet
489 1611 610 1661 detestatur
624 1610 684 1673 quod
702 1610 771 1673 iacit3
789 1611 854 1661 sieut
871 1611 927 1661 elien

132 1696 205 1746 amor,
215 1687 240 1733 et
255 1682 306 1733 allae
320 1682 438 1747 passiones
447 1682 554 1733 dicuutur
564 1680 589 1731 in
600 1680 743 1733 intellectiso
754 1682 875 1745 appetitu.
888 1683 926 1732 ll'u

132 1756 200 1805 modo
216 1754 326 1818 arnipitur
338 1754 465 1804 secundim
477 1752 539 1816 qubsl
557 1756 593 1805 est
608 1752 696 1815 uirtus3
711 1756 736 1802 et
750 1754 798 1804 boe
817 1755 887 1805 modo
898 1755 928 1803 le

131 1827 214 1877 mount
227 1828 310 1877 malum
324 1825 469 1877 commissum
480 1836 533 1874 eum
553 1824 717 1875 emendationis
729 1825 853 1889 proposito
867 1824 926 1875 etin·

132 1897 235 1949 ebbone
247 1896 369 1960 expiandi,
386 1897 422 1947 uel
440 1897 512 1947 neum
529 1896 635 1959 placandi
653 1897 680 1947 de
693 1895 784 1947 offensa
798 1899 927 1958 commissa,

131 1972 167 2017 est
181 1972 245 2018 aolus
257 1969 316 2030 eJus.
332 1968 454 2019 betestatio
471 1970 546 2017 autem
565 1968 619 2017 mali
632 1967 741 2031 competit
760 1968 843 2031 alicui,
854 1980 927 2020 semn-

132 2038 187 2089 ibm
205 2040 266 2102 qubd
285 2039 354 2089 babet
369 2040 474 2089 ordinem
494 2040 619 2090 naturalem
638 2038 666 2091 ad
687 2040 787 2102 bonum;
803 2044 830 2089 ιι
844 2040 927 2105 qniain

133 2110 196 2161 nullu
211 2113 314 2160 creature
326 2110 380 2160 talis
400 2112 454 2161 ordo
471 2110 509 2161 sel
522 2110 641 2161 inclinatio
661 2108 762 2161 totaliter
775 2111 872 2175 tollitur,
884 2112 927 2162 ileo

132 2182 201 2237 etiam
217 2180 369 2233 indamnatis
384 2181 437 2236 talis
452 2181 571 2233 detestatio
583 2184 668 2244 manet,
684 2184 707 2231 et
721 2192 763 2246 per
780 2193 925 2249 consequeus,

131 2254 273 2317 ponitentiae
293 2253 385 2318 passio,
399 2254 436 2303 sel
448 2254 530 2305 similis
550 2254 587 2317 ei;
602 2257 628 2303 ut
648 2253 730 2303 dicitur
747 2254 877 2318 Septem„
893 2256 925 2304 ll:

134 2341 150 2374 o
159 2326 221 2375 Intra
234 2338 260 2375 se
273 2324 433 2389 poeniteutiam
444 2328 548 2391 agentes.
568 2340 582 2373 u
598 2328 642 2375 etc.
656 2325 686 2375 Et
696 2325 745 2375 lraeo
757 2322 851 2388 omnen
861 2326 924 2390 poni-

131 2398 218 2459 cotta,
232 2395 284 2446 cium
295 2408 341 2447 nou
354 2396 384 2447 sit
394 2396 495 2460 babitus,
502 2398 543 2448 sed
558 2396 634 2461 passio
648 2396 684 2446 uel
698 2398 776 2458 actus,
790 2397 853 2449 nullo
865 2397 924 2447 molt

130 2469 155 2520 in
174 2469 249 2521 beatis
266 2469 355 2531 angelis
374 2482 426 2519 esse
444 2472 534 2532 potest,
547 2468 576 2517 iu
596 2467 677 2530 quibus
695 2470 792 2531 peccata
815 2468 924 2518 commiss

27 2561 28 2568 ¹
130 2554 177 2593 nou
189 2543 372 2603 praecesserunt,
390 2540 432 2591 sed
447 2540 471 2589 in
492 2538 557 2589 malis
571 2538 659 2601 angelis
673 2542 723 2601 est,
738 2537 791 2588 oium
812 2539 842 2589 sit
854 2540 923 2589 eaden

129 2612 188 2661 ratio
205 2612 233 2660 de
247 2610 320 2672 ipsis,
332 2613 354 2659 et
369 2612 398 2661 de
416 2610 534 2660 animabus
552 2610 724 2671 damnatorum
743 2609 798 2671 qnia
809 2608 923 2660 secundino

130 2681 309 2740 nemorosum,
325 2680 362 2729 De
374 2680 426 2743 pide
438 2680 550 2736 orthod..
567 2683 648 2742 oepl
666 2695 673 2725 a
693 2680 783 2737 «Quod
803 2679 922 2731 hominibus

130 2754 166 2799 est
176 2763 251 2816 mors,
265 2751 308 2799 boo
325 2752 413 2811 augelis
426 2755 462 2802 est
480 2753 567 2815 lapsus.
581 2766 597 2797 u
615 2750 659 2801 Sed
672 2754 793 2813 peecatum
804 2750 877 2813 angeli
890 2750 921 2799 est

131 2818 298 2881 irremissibile,
313 2822 337 2870 et
349 2820 402 2884 qnia
415 2825 550 2884 peceatum,
564 2827 590 2871 ut
603 2820 738 2871 remissibile
753 2824 790 2871 est
804 2821 838 2871 vel
850 2820 919 2885 expia·
