1942 3284
160 194 190 230 ns
205 194 236 231 ns
252 192 294 238 our
311 194 418 232 rossnnr
436 196 611 234 rnonunsnrsss
628 197 726 233 arcuna.
798 188 843 234 769

45 268 142 332 populns
151 268 263 319 Ecclesia
275 269 375 333 dicitur3
388 270 429 321 sad
443 274 571 321 conuentus
584 271 670 321 diversi
681 272 718 322 uel
730 272 844 337 parochia

46 341 69 388 in
82 352 129 390 nna
145 340 240 391 diecesi
252 341 407 391 assimilantur
415 341 584 405 congregationi
599 343 623 391 in
636 341 733 393 dirersis
742 342 844 404 familiis,

46 412 79 461 vel
94 411 120 460 in
137 411 235 463 dianam
248 411 341 463 olticiis.
353 412 381 461 lit
393 412 446 463 ideo
462 414 524 463 solus
539 412 659 477 episcopus
672 412 764 478 proprii
778 428 845 478 prce·

43 483 113 533 lotus
128 481 247 532 Rectene
259 482 352 545 dicitur,
366 486 391 534 et
406 484 459 533 ideo
473 483 523 547 ipse
541 484 603 535 solus
615 483 680 547 quasi
692 497 791 547 sponsus
804 497 847 535 an·

42 555 122 603 nulum
133 553 239 604 Ecclesia
250 552 331 618 recipit
341 569 347 603 z
356 553 439 605 etideo
450 555 514 606 solus
524 556 575 620 ipse
588 555 658 606 hahet
667 556 759 619 plenam
769 558 846 619 potes-

42 628 112 675 tatem
132 623 159 673 iu
176 624 346 689 dispensatione
365 630 572 691 sacramentorum,
587 632 611 677 et
622 626 806 691 jurisdictionem
821 626 846 675 in

41 698 91 747 toro
107 709 228 747 causamn
240 696 307 760 qussi
320 710 419 761 persona
438 698 542 762 publica,
558 698 597 749 alii
614 702 706 761 auteur,
720 697 845 748 secunditm

43 770 104 832 quod
117 769 147 819 ah
158 781 187 820 eo
197 769 232 819 eis
244 768 401 820 committitur.
418 771 462 821 Sed
476 772 605 822 sacerdotes
618 771 658 835 qui
669 768 773 834 plebibus
785 783 845 834 pra-

42 840 214 904 hciuntur,non
228 844 282 890 suut
294 839 427 905 simpliciter
443 842 540 905 prelati,
551 842 592 892 sed
607 841 674 905 quasi
690 841 846 906 coadjutorem

42 912 103 963 unda
114 910 141 963 in
153 912 325 963 consecratione
335 912 478 963 sacerdotnm
490 913 614 977 episcopus
628 911 683 963 dicit
699 928 706 961 ι
727 929 741 961 c
755 912 845 973 Quanto

42 981 171 1045 fragiliores
188 994 283 1045 sumus,
297 982 362 1035 tanto
379 983 453 1046 magis
464 982 557 1034 auxiliis
580 981 618 1033 his
631 982 774 1046 indigemus;
792 999 805 1029 s
822 987 846 1033 ct

43 1060 137 1118 propter
149 1055 195 1105 hoc
211 1053 281 1104 etum
297 1067 344 1105 nou
364 1055 440 1105 omnia
461 1059 602 1105 sacramenta
620 1053 763 1118 dispensant.
781 1054 845 1104 Unde

42 1126 172 1175 sacerdotes
187 1124 330 1188 parochiales
347 1126 385 1176 uel
398 1125 508 1189 abbates,
523 1128 564 1175 aut
582 1124 622 1176 alii
635 1124 768 1189 hujusmodi
783 1138 845 1189 pra·

43 1195 83 1244 lati
99 1209 148 1247 non
163 1200 259 1260 possunt
271 1196 426 1260 indulgentias
437 1197 522 1249 lacere.

71 1266 101 1317 lit
109 1280 153 1331 per
163 1268 207 1317 hoc
220 1271 284 1331 patet
296 1269 417 1333 responsio
431 1269 459 1319 ad
469 1268 568 1333 objectu.

345 1448 505 1500 nantelinus
521 1451 550 1499 ll.

48 1578 133 1621 coram
150 1576 279 1627 dirrconns,
289 1577 326 1621 cel
335 1577 400 1619 atius
408 1588 457 1619 teon
469 1576 586 1631 sacerdos,
597 1578 670 1633 possit
681 1578 846 1633 indulgentias

398 1639 490 1692 fucere.

73 1771 107 1822 td
126 1769 252 1820 secundum
275 1768 310 1819 sic
326 1766 464 1831 proceditur.
478 1767 573 1819 Videtur
591 1767 652 1832 quod
672 1768 779 1821 damnus
798 1783 844 1821 non

42 1842 116 1904 possit
135 1838 291 1904 indulgentias
307 1838 400 1899 taceae,
416 1839 454 1889 uel
469 1838 529 1889 alius
543 1837 719 1900 consacerdos,
733 1840 786 1903 quia
804 1853 847 1891 ra-

43 1912 121 1963 missio
136 1914 282 1976 pennatorum
293 1913 329 1961 est
341 1910 437 1960 allectus
450 1910 556 1961 clavium.
570 1912 616 1961 Sed
630 1910 755 1962 nonhabet
768 1911 845 1963 claues

42 1982 87 2032 uisi
99 1982 163 2034 solus
172 1982 287 2032 sacerdos.
299 1982 358 2045 Ergo
366 1982 418 2045 ipse
431 1981 494 2033 solus
507 1987 584 2046 potest
594 1980 749 2045 indulgentias
758 1983 844 2033 lacera.

73 2059 98 2105 a.
113 2056 243 2114 Praetema,
257 2053 348 2117 plenior
368 2053 473 2105 muriano
494 2067 567 2118 poena
583 2058 618 2105 est
635 2053 660 2103 in
683 2053 845 2117 indulgentiis,

42 2125 110 2188 quim
118 2126 144 2175 in
152 2125 201 2175 toro
209 2123 371 2187 penitenciali.
380 2126 427 2177 Sed
435 2127 481 2177 hoc
489 2138 537 2177 non
546 2127 623 2190 potest
634 2124 680 2175 nisi
693 2124 756 2175 solus
768 2136 843 2176 sacer·

42 2198 92 2247 dos.
107 2198 166 2260 lirgo
180 2208 225 2245 nec
237 2194 302 2246 illud.

72 2268 120 2319 Sed
132 2270 212 2317 cenna
223 2282 229 2315 :
241 2268 321 2317 Eidem
334 2265 452 2318 contertnr
462 2268 603 2333 dispensatio
617 2268 716 2319 thesauri
726 2268 844 2327 Ecclesia,

42 2339 80 2388 cni
93 2337 245 2389 committitur
257 2337 359 2401 regimen
373 2338 489 2389 Ecclesia.
498 2339 541 2389 Sed
554 2340 597 2389 hoc
611 2337 760 2388 committitur
772 2350 846 2402 quan·

43 2410 118 2474 doque
135 2422 183 2459 non
196 2408 315 2459 mrterdcti.
326 2410 386 2471 llrgo
396 2412 472 2473 potest
484 2408 638 2471 indulgentias
649 2408 741 2473 facere;
753 2421 806 2460 nam
818 2420 848 2459 ex

43 2479 217 2545 dispensatione
234 2480 337 2531 thesauri
348 2481 453 2531 ecclesie
469 2480 595 2531 elisaciam
606 2482 700 2531 hahent.

77 2549 335 2615 (Commune-cim
346 2550 538 2615 indulgentiarum
552 2553 656 2617 potestas
665 2550 849 2615 jurisdictionem
938 2520 939 2584 i

47 2627 173 2687 equatur,
187 2626 284 2687 possum
293 2622 383 2673 diaconi
394 2626 419 2673 et
431 2623 470 2672 alii
480 2636 528 2673 non
541 2623 679 2685 sacerdotes,
691 2622 728 2673 vel
742 2623 852 2673 commis-

45 2706 95 2744 sam
110 2692 149 2743 uel
161 2693 297 2745 ordinariam
306 2693 490 2758 jurisdictionem
508 2694 634 2757 hahentes,
650 2692 803 2757 indulgentias
812 2694 850 2743 ia-

45 2764 215 2901 nezliegguondeo
230 2837 367 2900 dicendum,
385 2836 445 2901 quod
466 2840 568 2902 potestas
581 2835 679 2887 lactendi
693 2833 850 2897 indulgentias

44 2907 356 2974 seqnitnrjurisdicticnem,
370 2913 396 2961 ut
409 2909 477 2974 sopri
488 2909 574 2960 dictum
585 2912 620 2961 est
633 2908 683 2973 (spu.
696 2912 735 2971 tt,
747 2910 789 2957 art.
805 2907 846 2969 tt:

936 2636 938 2709 t
