1942 3284
134 218 181 266 tto
265 226 462 278 suessionorum,
479 225 574 270 eunsr.
590 225 697 275 meru,
711 224 769 262 ann.
783 225 803 260 r.

135 305 273 368 potestatem
291 301 422 353 subdiaconi
441 305 465 351 et
482 301 619 364 sacerdotIs3
638 300 744 351 sacerdos
769 300 834 350 enim
856 299 938 352 diaeetl

131 375 201 426 hahet
220 378 356 439 potestatem
377 386 446 437 super
467 385 550 436 corpus
567 371 671 434 cursil,
685 372 847 423 subdiaconus
867 376 939 422 auten

131 459 201 512 super
214 458 268 496 vasa
282 445 382 508 tantiam3
394 445 435 496 sed
451 443 559 495 diaconus
574 458 644 508 super
655 456 740 508 eorpus
751 443 841 496 Christi
854 443 879 494 in
891 457 940 494 raso

134 521 280 578 contentum,
295 519 357 567 unde
374 517 425 582 ejus
448 528 495 567 non
516 519 552 566 est
568 520 663 580 tangere
681 529 766 579 corpus
779 515 891 578 Christi,
905 515 941 566 sed

133 594 223 654 portare
239 602 321 652 eorpus
332 589 357 638 in
370 591 468 652 patena,
485 591 508 638 et
523 587 653 651 dispensare
670 587 812 650 sangninem
831 601 890 638 cnm
905 600 940 636 ca-

134 661 194 724 liee;
210 665 233 711 et
249 660 299 710 ideo
313 660 364 724 ejus
382 663 484 724 potestas
497 661 525 710 ad
545 663 619 708 actum
633 657 787 723 prIncipalem
799 672 854 710 non
870 659 942 724 potunt

134 731 248 796 exprimi,
262 743 305 780 nec
318 743 359 794 per
378 731 493 782 dationem
506 729 569 780 rasis
583 729 688 794 rantum,
705 743 750 780 nec
765 743 810 794 per
828 732 943 782 dauonm

136 802 244 853 materie.
256 801 301 852 Sed
312 802 446 866 exprimitur
456 806 559 868 potestas
572 802 622 867 ejus
635 802 754 852 adactum
767 803 942 866 secundarium,

134 875 158 924 in
169 875 214 924 hoc
228 872 289 938 qudd
303 875 369 925 datur
382 875 405 926 ei
418 874 475 926 liber
488 874 676 938 Evangeliorum,
691 874 754 923 etin
767 875 815 924 hac
827 879 942 939 potestate

137 943 273 1008 intelligitur
283 944 343 1009 alia3
358 949 381 996 et
394 946 446 998 ideo
459 946 484 997 in
498 947 547 1011 ipsa
558 944 610 996 libri
622 945 714 996 datione
726 945 878 1010 imprimitur
891 948 942 996 cha·

130 1019 213 1068 racter.

165 1087 200 1138 Ad
217 1093 308 1140 sextum
325 1089 462 1151 dicendum,
481 1088 542 1152 qnod
554 1087 701 1154 principalior
715 1091 785 1139 actus
803 1088 894 1154 acolyti
910 1092 942 1139 est

134 1172 179 1224 quo
195 1161 309 1212 ministrat
323 1162 346 1212 in
362 1159 468 1223 urceolo,
480 1160 549 1224 quam
559 1173 604 1224 quo
618 1159 734 1210 ministrat
749 1158 779 1210 in
791 1160 940 1222 candelabro,

135 1232 240 1296 quamvis
254 1227 411 1284 denominetur
423 1231 452 1281 alr
469 1234 522 1281 actu
537 1230 683 1294 secundario,
703 1235 806 1295 propter
823 1232 871 1281 huc
885 1230 942 1294 qudd

138 1309 172 1354 est
184 1304 256 1368 magis
264 1308 332 1354 notus
341 1308 363 1354 et
372 1304 446 1366 magIs
456 1302 561 1367 proprius
570 1302 601 1352 ei.
611 1303 641 1352 ot
648 1302 701 1352 ideo
709 1301 736 1350 in
747 1301 849 1353 datione
860 1300 941 1352 urceoli

133 1373 277 1438 imprimitur
292 1375 380 1439 acolyto
396 1375 526 1438 character,
541 1373 624 1425 uirtute
643 1373 769 1424 uerborum
786 1373 820 1424 ab
839 1374 942 1438 episeopo

137 1445 284 1510 prolatorum.

357 1717 522 1788 eumelio
539 1715 720 1781 XXXVIII.

173 1865 209 1910 De
222 1863 400 1925 conserentibus
413 1865 456 1909 doe
468 1865 661 1912 recrementum,
671 1863 703 1907 ire
715 1861 782 1908 duros
794 1864 917 1910 mint«

488 1935 578 1979 divite.

171 2085 258 2138 Deinde
271 2085 457 2137 considerandum
474 2091 509 2135 est
522 2086 550 2135 de
564 2085 736 2137 conterentibus
754 2087 803 2138 hoc
820 2099 944 2139 cacumen

135 2161 193 2206 tum.

171 2225 237 2276 Circa
248 2229 307 2290 quod
317 2231 448 2292 queruntur
459 2227 504 2278 duo
518 2242 524 2276 :
535 2231 560 2277 1⁰
569 2226 651 2277 Utrum
662 2229 726 2280 solus
736 2229 868 2295 episeopus
876 2229 944 2296 possit

139 2299 184 2349 lroc
194 2303 359 2348 sacramentum
368 2299 480 2350 conterre.
490 2303 517 2348 2⁰
526 2298 605 2349 Utrum
614 2301 746 2365 hereticus,
758 2303 796 2352 rel
807 2304 942 2366 quicumque

144 2370 202 2420 alius
215 2369 243 2420 al)
258 2369 362 2420 Ecclesia
374 2370 496 2434 praecisus,
508 2370 582 2434 possit
593 2371 638 2421 hoc
652 2376 823 2424 sacramentum
834 2375 942 2426 conterre.

439 2549 598 2601 ARTICULUS
613 2551 633 2599 l.

171 2673 257 2716 Utrdm
271 2674 365 2718 teritum
374 2673 493 2730 episcopus
502 2674 594 2718 ordr'nr's
606 2679 788 2721 sacromentum
799 2678 923 2732 conseret.

168 2797 202 2845 dd
221 2797 318 2860 primunr
337 2797 370 2848 sic
383 2798 522 2860 proceditur.
533 2799 632 2850 Videtur
649 2801 711 2863 qnod
725 2814 774 2852 non
786 2801 880 2852 tantum
897 2803 942 2868 epi
962 2768 964 2801 ἱ

139 2878 221 2928 scopus
238 2868 324 2918 ordims
343 2874 508 2919 sacramentum
522 2870 633 2922 conferat.
650 2872 710 2930 Quia
726 2872 810 2923 manus
828 2873 942 2938 impono

136 2935 165 2982 ad
187 2938 379 2989 consecrationem
398 2939 483 3003 aliquid
503 2941 565 2990 lacit.
582 2941 627 2991 Sed
646 2943 806 2995 sacerdotibus
827 2945 870 3008 qui
885 2944 942 2996 ordi
962 2994 964 3002 r
