1942 3284
213 191 244 230 nn
258 191 424 232 msrrrnrrorr
441 191 568 244 enormen,
583 191 636 233 nnc.
780 183 828 233 elo

315 373 473 430 rennuens
488 379 528 431 ΙΙΙ.

17 503 112 548 Utreim
127 502 222 550 crotous
239 503 338 548 debeant
354 503 473 560 distinqui
485 515 530 559 per
547 515 628 548 sacros
642 506 666 548 et
676 515 725 548 non
738 516 827 552 sacros.

51 629 90 679 ild
104 628 198 679 tertium
213 629 247 680 m'c
261 629 400 695 proceditur.
414 628 512 678 Videtur
530 629 592 693 qndd
612 630 705 680 ordines
724 643 771 680 non
785 631 827 682 de·

17 700 99 751 benni
107 699 217 765 distingui
225 713 266 766 per
276 715 362 750 sacros·
374 703 398 750 et
407 713 455 750 non
463 713 555 749 noeros.
567 702 652 751 Omnes
661 703 723 752 enirn
736 702 828 753 ordines

13 775 166 822 sacramenia
178 773 280 836 quedem
294 774 356 822 sunt
377 773 424 823 sed
437 771 514 822 omniu
525 778 665 824 murmuris
685 776 740 824 sunt
753 785 826 858 sacru

15 845 83 908 Ergo
99 855 179 894 omncs
190 843 281 894 ordines
291 845 344 894 sunt
359 842 427 894 sacri.

48 919 77 964 2
97 913 225 977 Prnieree,
243 915 368 966 secundnm
390 914 481 966 ordines
508 914 619 966 Ecclesiee
639 928 687 966 non
706 917 829 982 depumrm

14 983 107 1049 aliquis
121 985 166 1035 nisi
180 987 208 1037 ud
218 987 296 1037 divina
310 986 393 1038 oiiieia.
403 987 448 1038 Sed
461 987 539 1038 omnia
551 986 605 1037 iulia
619 990 673 1037 sunt
684 1001 755 1038 sacru.
766 989 828 1052 ltrgo

15 1061 40 1108 et
57 1067 144 1107 omnes
159 1057 251 1108 ordines
265 1061 319 1108 snnt
333 1058 401 1108 socri.

46 1127 99 1177 Sed
119 1130 198 1178 contre
218 1132 269 1194 est,
284 1129 345 1194 quod
366 1128 457 1180 ordines
478 1128 537 1179 sacri
560 1129 688 1194 impediunt
706 1129 826 1181 matrimo-

14 1197 87 1248 nium
98 1199 294 1262 contrulrcrrdum,
307 1204 332 1250 el
341 1199 450 1250 dirimunt
462 1203 611 1251 contractum.
622 1201 666 1250 Sed
679 1203 777 1263 quatum
790 1199 827 1250 in·

13 1267 118 1319 seriores
134 1269 224 1320 ordines
240 1283 287 1321 non
306 1270 434 1335 impediunt
446 1272 640 1335 contrahendum,
656 1284 700 1322 nec
718 1271 828 1322 dirimunt

13 1341 171 1390 contractum.
184 1341 244 1406 Ergo
257 1355 303 1393 non
315 1346 369 1392 suut
382 1343 441 1393 sacri
455 1342 555 1393 ordines.

46 1409 217 1474 ¹(Cnncunsro.
228 1437 258 1450 -
268 1413 377 1472 Quemvis
390 1425 470 1464 omnes
482 1413 608 1464 secunddrn
626 1426 651 1464 se
662 1412 753 1465 ordines
765 1411 827 1464 seori

12 1483 83 1543 sint,
99 1481 163 1532 recti
175 1487 252 1534 tumen
263 1484 353 1534 ratione
366 1484 467 1535 materie
481 1484 540 1534 circa
550 1497 619 1548 unum
630 1489 752 1535 rermntm
761 1486 825 1548 (qno

10 1555 39 1603 in
58 1553 204 1615 sucerdotis,
224 1554 360 1616 diaconatu,
379 1560 403 1605 et
415 1555 578 1605 subdiaconatu
590 1558 723 1604 consecratu
739 1555 825 1616 est,et

12 1637 66 1674 non
81 1621 107 1671 in
122 1623 187 1687 eliis)
200 1637 242 1690 per
251 1638 328 1676 saeros
346 1629 371 1676 et
384 1638 429 1675 non
444 1638 521 1676 sacros
531 1622 730 1688 distinguuntur.)

47 1696 188 1758 despondeo
204 1697 339 1759 dicendum,
357 1693 419 1758 quod
433 1696 490 1747 ordo
503 1694 586 1746 dicitur
595 1709 666 1745 socer
681 1693 821 1758 dupliciter:

12 1777 66 1818 uno
86 1766 154 1816 modo
169 1766 293 1818 secundino
307 1779 345 1828 se,
362 1771 385 1817 et
397 1767 429 1818 sic
443 1767 540 1832 quilibet
558 1767 614 1818 ordo
634 1770 671 1817 est
684 1778 756 1829 sacer,
768 1763 823 1815 edm

13 1838 48 1889 sit
63 1841 230 1888 sacromentum
250 1839 374 1902 quoddam.
388 1839 438 1890 llio
460 1838 630 1889 moderatione
650 1835 752 1888 muteris
766 1835 826 1886 eum

12 1921 90 1974 qnam
113 1909 294 1973 hebetationem
316 1913 406 1970 actum,
420 1914 445 1960 el
464 1909 499 1960 sic
518 1911 574 1960 ordo
591 1923 663 1959 socer
678 1908 771 1968 dicitnr,
787 1906 828 1970 qui

12 1980 91 2030 hnloet
102 1977 199 2042 stimuum
213 1984 290 2029 nulum
304 1980 421 2031 cinerem
433 1980 533 2041 alionum
551 1982 708 2030 consecratum
722 1993 729 2028 r
744 1982 768 2027 et
789 1977 825 2028 sic

13 2052 77 2102 snm
94 2047 182 2099 tuntirm
197 2054 243 2102 tres
255 2051 345 2102 ordines
356 2053 434 2111 oncri,
445 2051 534 2102 scilicet
551 2051 702 2102 sacerdotium
712 2052 736 2100 et
749 2048 826 2100 dinco·

11 2125 104 2182 nstris,
118 2121 158 2185 oni
170 2123 255 2172 haberit
270 2125 346 2173 actum
361 2123 420 2174 circu
433 2135 516 2186 corpus
531 2121 635 2183 curisti,
648 2126 673 2172 et
685 2119 826 2184 sanguinem

14 2196 193 2257 consecratum,
210 2196 234 2243 et
248 2193 436 2257 subdiaconatum
454 2194 495 2256 qui
516 2195 586 2244 hebet
601 2197 676 2242 actum
695 2192 757 2241 ciren
770 2200 827 2240 ress

13 2267 168 2324 conmenta,
185 2266 209 2314 et
218 2264 273 2316 ideo
292 2265 326 2316 eis
340 2265 410 2314 etiam
424 2263 565 2315 continentie
578 2262 697 2325 indicitur,
707 2266 733 2312 ut
753 2258 830 2312 sancti

12 2338 40 2386 et
56 2334 138 2382 mundi
151 2335 199 2384 sint
211 2334 251 2398 qni
261 2339 342 2385 suumn
352 2337 461 2385 trienni.

48 2406 82 2456 m
95 2415 137 2468 per
143 2405 190 2456 trec
196 2409 264 2470 {prot
278 2406 360 2458 solutio
374 2407 403 2456 nd
417 2406 515 2469 objectu.

314 2583 477 2636 indictitiis
494 2584 535 2634 lv.

19 2707 113 2755 Uirium
130 2711 197 2752 nctus
212 2710 324 2754 ordinum
339 2708 506 2753 conuenienter
519 2707 546 2750 ior
561 2707 644 2752 littero
661 2707 824 2762 ossionmtur.

53 2833 208 2896 diurnium
219 2834 252 2884 sic
259 2835 401 2899 nrooedilur.
412 2833 509 2883 videtur
516 2832 578 2895 qnod
593 2835 658 2882 uetus
670 2832 776 2882 ordinum
785 2832 824 2884 in·

14 2903 221 2960 decrementum
231 2905 306 2957 litters
319 2907 375 2970 (tv.
383 2907 454 2957 sent.
465 2904 485 2968 ),
497 2903 652 2967 assignentur.
661 2904 721 2963 Quin
732 2915 775 2969 per
785 2905 826 2959 rh·
