1942 3284
128 142 174 191 ltu
302 153 362 191 raus
376 153 417 202 un,
434 152 526 197 oense.
543 152 630 202 eunus,
646 152 704 190 sur.
722 154 749 189 n.

126 228 178 291 ipse
191 230 253 279 totns
263 226 369 279 Christus
382 228 457 291 potuit
470 241 521 279 esse
533 228 560 281 in
573 228 621 280 suis
631 229 772 279 manibneot
783 228 806 278 in
820 242 856 279 mo
864 240 901 279 ore.

125 300 175 351 Non
192 304 268 350 autem
282 301 326 350 hoo
337 299 449 363 potuisset
461 314 512 359 esse
525 300 650 351 monnddm
663 298 725 363 qndd
739 298 902 364 conparauit

126 370 201 421 locum
214 383 256 433 per
264 369 366 435 proprias
376 370 538 423 dimensiones.

150 444 191 493 ,nd
203 443 295 493 tertium
309 442 437 507 dicendum,
452 444 513 507 qndd
524 444 583 494 siout
596 442 664 507 suprl
678 443 762 493 dietum
772 447 806 494 est
816 444 901 506 (ιιιι,

126 519 168 565 art.
183 515 221 579 t),
235 514 332 566 effeetus
345 517 414 578 huius
428 517 563 567 sacrementi
579 519 614 567 eet
627 528 674 566 non
691 515 765 566 solium
779 519 903 579 augmentum

126 586 247 637 habitualis
259 588 353 649 gratie,
364 587 403 637 sed
417 587 484 637 etiarn
499 588 602 651 quaedam
616 586 711 637 actualis
727 586 841 637 delectatio
853 584 906 649 spiri

126 658 195 707 tualis
216 657 349 709 dulcedinis.
365 659 474 717 Quamuis
491 663 568 712 ιιιιιι
586 659 678 709 Christo
698 659 771 722 gratia
793 671 836 709 non
854 658 906 707 fuant

127 732 270 790 augmentata
292 743 322 780 ex
340 731 483 794 susceptione
505 730 577 794 hujus
591 728 741 790 sacramenti,
753 728 832 779 habuit
846 734 907 779 tanen

126 801 246 861 qnamdam
261 800 401 865 spiritualem
412 800 586 853 delectationem
599 801 622 850 in
633 814 693 851 nona
700 800 842 851 institutione
854 800 907 862 injus

127 870 278 935 sacramenti,
291 873 350 922 unde
366 872 416 935 ipse
430 871 527 932 dicebat,
538 873 608 928 Luc„
619 872 697 923 llllll:
714 889 729 919 ι
740 870 874 922 lleaidoriod
895 870 898 877 '

128 939 205 989 derani
224 943 267 992 lroe
286 944 371 1006 paseha
388 943 524 995 manducare
546 943 677 1005 nobiscnm,
700 960 714 989 n
736 943 798 1005 quod
815 940 909 991 Eusebius

128 1012 223 1075 exponit
235 1014 263 1063 de
274 1027 334 1065 nouo
347 1014 456 1079 mysterio
468 1014 522 1064 novi
536 1014 684 1078 Testamenti,
695 1016 756 1078 qnod
771 1012 909 1065 tradenatdis·

128 1084 219 1147 cipulis.
234 1086 264 1135 Et
280 1086 333 1137 ideo
347 1087 496 1150 spiritualiter
513 1086 675 1147 manducavit,
691 1090 714 1137 et
734 1085 838 1137 similiter
851 1095 909 1135 secra

128 1155 265 1216 mentaliter,
278 1156 303 1205 in
314 1163 424 1220 qnantum
439 1170 521 1221 corpus
535 1171 601 1207 anunm
610 1158 652 1207 sub
667 1162 810 1209 sacramento
820 1154 908 1218 stupui,

128 1228 188 1289 quod
207 1235 370 1303 sacramentum
386 1229 421 1279 sui
435 1230 537 1294 corporis
552 1230 666 1279 intellexit
681 1232 705 1279 et
721 1229 846 1293 disposuit;
859 1226 910 1275 alitor

127 1304 203 1350 tamen
220 1299 287 1363 quam
306 1302 382 1352 reteri
398 1302 592 1353 sacramentaliter
609 1305 634 1351 et
651 1300 799 1365 spiritualiter
819 1300 908 1356 sumant,

126 1370 178 1432 quia
192 1375 338 1434 augmentum
352 1374 430 1435 gratie
447 1373 591 1437 suscipiunt,
604 1379 627 1424 et
645 1373 842 1425 sacramentalibus
852 1368 909 1431 signs

126 1440 243 1506 indigent,
259 1445 286 1495 ad
303 1443 405 1495 ueritatis
418 1446 599 1509 perceptionem.

423 1622 580 1675 nntledttts
596 1624 624 1672 ll.

244 1750 328 1794 Utrum
337 1748 448 1795 Christus
457 1748 549 1793 dederit
562 1748 630 1793 Jndo
639 1760 725 1804 eorpus
734 1760 812 1793 soum.

159 1877 192 1926 lld
208 1877 331 1927 secundum
349 1875 382 1925 sic
399 1875 538 1939 proceditur.
556 1874 650 1924 Videtur
666 1873 727 1938 qndd
741 1873 842 1927 Christus
859 1873 908 1923 tute

128 1961 174 1997 non
188 1948 275 1999 dederit
294 1961 378 2011 corpus
396 1960 471 1998 suum.
490 1948 519 1997 Ut
542 1946 605 1997 enirn
622 1946 704 2008 legitur
722 1946 824 2005 llottd,
840 1944 906 2002 llll,

126 2022 248 2083 postquam
260 2018 322 2068 dedit
333 2019 443 2077 Dominus
452 2031 536 2081 corpus
545 2030 611 2069 sunm
622 2020 646 2067 et
654 2016 790 2081 sangninem
801 2014 906 2081 domnula

129 2089 186 2139 dixit
194 2090 244 2139 eis:
260 2106 274 2135 o
283 2089 417 2139 Nonlsibam
429 2090 511 2140 amodd
524 2092 553 2140 de
563 2090 607 2140 hoe
615 2086 731 2152 genimine
744 2089 806 2148 uitis,
819 2085 905 2152 usquein

128 2162 186 2213 diem
201 2162 264 2211 illurn
279 2160 330 2211 edm
342 2161 396 2211 illud
409 2162 486 2212 bibam
503 2162 618 2213 nobiscnm
630 2173 715 2211 novum
728 2160 754 2210 in
770 2174 838 2224 regno
851 2156 906 2209 asam

129 2234 189 2295 mei,
207 2251 221 2281 ι
235 2247 264 2283 ex
275 2247 320 2297 qno
337 2234 427 2284 videtur
440 2234 500 2296 qnod
517 2234 551 2283 illi
564 2234 647 2297 quibus
660 2245 742 2295 corpus
756 2246 820 2283 snum
830 2236 852 2282 et
864 2240 904 2279 san·

128 2304 221 2365 guinem
242 2306 348 2367 dederat,
365 2318 416 2354 enm
432 2319 460 2356 eo
482 2309 559 2357 essent
579 2306 661 2356 iterum
676 2304 777 2355 bibituri.
793 2304 836 2355 Sed
851 2300 904 2351 tuns

127 2379 207 2437 postea
220 2390 272 2426 cum
285 2376 336 2440 ipso
345 2390 393 2427 nou
410 2377 476 2427 bibit.
493 2379 550 2441 llrgo
565 2390 612 2427 non
622 2376 714 2441 accepit
727 2390 780 2427 ιιιι
792 2374 840 2427 aliis
854 2370 904 2425 tisrt

127 2446 188 2509 pulis
201 2461 283 2512 corpus
299 2448 386 2499 christi
399 2452 423 2499 et
431 2448 576 2512 sanguinem.

157 2523 181 2568 t.
197 2520 324 2582 Preterea,
339 2521 447 2570 Dominus
463 2519 570 2585 impleuit
584 2522 645 2584 quod
663 2520 787 2585 precepit,
802 2516 903 2570 secunddn

126 2591 181 2642 illud
199 2593 263 2649 Aet..
281 2594 293 2642 1
309 2609 315 2641 :
333 2610 348 2641 o
362 2593 437 2657 cupit
453 2593 525 2643 leons
541 2593 619 2643 facere
638 2597 663 2645 et
678 2592 767 2645 dooere.
786 2592 852 2643 used
867 2588 904 2651 illst

126 2664 249 2728 precepit,
267 2664 370 2721 liutto„
391 2666 453 2715 llll:
476 2664 579 2715 «Nolite
596 2666 702 2715 sanetum
722 2665 776 2715 dare
795 2663 903 2715 munus»

127 2734 251 2801 dimerga
270 2735 320 2799 ipse
338 2739 485 2799 cognosceret
504 2736 585 2787 ludam
598 2748 650 2787 esse
666 2739 824 2801 peecatorem,
838 2732 904 2781 tt'dttll

127 2806 188 2869 quod
201 2807 224 2859 ei
234 2820 317 2872 eorpus
327 2821 393 2859 snum
407 2811 431 2857 et
446 2806 579 2871 sauguinem
596 2819 643 2857 non
657 2807 753 2859 dederit.

161 2882 185 2926 3.
198 2877 433 2942 metuendumne
445 2878 572 2943 specialiter
588 2877 670 2943 leam
678 2878 741 2929 lsdm
753 2890 832 2943 μιιιι
840 2871 902 2929 itt'lt·
