1942 3284
155 260 158 268 ,
262 217 292 253 nr
308 216 469 256 ιιιιιιιιιο
484 218 591 260 osorum.
778 207 826 257 ιιι

16 306 105 346 norum
122 293 235 345 salvatri.
249 293 355 344 Extrema
368 297 445 345 autem
458 293 577 345 relationis
590 292 677 345 ordinis
687 296 742 346 suat
755 308 824 360 supe·

16 365 55 415 ior
67 369 94 416 et
106 363 279 428 interlocllrgo
290 363 411 416 inferiores
424 364 625 417 habentordinern
640 365 701 416 sieut
717 368 742 416 et
754 379 824 430 supe·

16 435 96 488 riores.
108 435 161 486 Sed
168 435 194 486 in
204 435 239 488 eis
247 446 294 486 non
305 438 340 486 est
351 435 427 499 aequa
435 439 539 499 potestas
547 435 740 499 praeeminentiae,
750 437 825 500 omis

16 508 51 556 ιιι
70 506 175 571 ponitur
186 506 211 556 in
227 505 359 557 defiuitione
372 506 471 568 ordinis,
486 509 514 556 ut
526 509 590 569 patet
604 519 647 570 per
657 507 825 572 expositionem

16 581 173 644 sequentem,
184 577 224 626 ubi
236 577 329 640 ponitur
342 580 468 641 promotio
482 581 626 642 potestatis.
642 579 703 642 Ergo
713 578 825 631 inconve-

16 647 109 700 rienter
129 648 238 698 ιιιιιιιι
251 648 290 698 hie
308 649 371 700 orde.

44 722 219 785 (Concresro.
235 747 266 758 -
279 721 340 772 Ordo
361 719 506 785 signaculum
521 720 634 784 quoddam
649 721 756 773 Ecclesia
774 724 822 785 est,

15 805 59 856 uuo
70 791 206 856 spiritualis
221 794 323 856 potestas
333 791 430 842 traditur
444 791 578 854 ordinato.)

46 863 191 928 Respondes
203 863 336 926 dicendum,
348 861 408 925 quid
418 861 536 924 definitio,
545 875 613 926 quam
627 863 733 927 Magister
745 866 774 915 ιι
786 877 825 916 or·

15 934 70 986 diue
84 934 172 998 ponit,
183 934 291 985 conuenit
304 933 391 996 ordini,
406 932 532 985 secuudlrm
546 934 606 997 quod
619 938 655 984 est
667 936 776 987 Ecclesia
786 947 824 986 sa·

15 1011 175 1057 momentum.
185 1006 214 1055 Et
231 1005 282 1057 ideo
295 1006 341 1056 duo
354 1005 441 1070 ponit.
435 1020 441 1032 ·
456 1004 545 1055 scilicet
558 1004 648 1068 siguum
665 1008 779 1069 exterius,
793 1006 827 1059 ihi

19 1077 210 1143 (reprimendam
231 1075 379 1142 quoddam,
397 1073 421 1126 id
436 1079 485 1139 est,
501 1090 604 1140 erponem
617 1077 787 1143 quoddam),
802 1081 826 1129 et

15 1150 128 1201 etieetum
149 1148 291 1211 interiorem,
308 1147 340 1199 ibi
355 1149 414 1214 (qao
425 1147 702 1213 spiritmliepotester,
717 1151 777 1211 ιιι.)

49 1223 85 1272 hd
99 1219 203 1285 priumm
216 1233 271 1284 ergo
282 1220 403 1272 dicendum
411 1218 490 1284 ,quid
500 1219 660 1283 siqrracudam
674 1233 721 1271 nou
732 1219 827 1285 ponitm

16 1292 55 1342 hlc
69 1306 114 1356 pro
123 1294 256 1344 charactere
271 1291 383 1356 interiori,
398 1291 438 1342 sed
449 1304 491 1354 pro
500 1303 529 1342 ec
541 1291 601 1354 quor
614 1291 717 1343 exterihs
729 1293 826 1356 semim,

16 1365 80 1426 quod
92 1369 132 1415 ιιι
146 1364 236 1428 signum
252 1362 366 1415 interioris
379 1363 515 1426 potestatis,
529 1366 554 1413 et
569 1375 657 1414 ιιιιι·
651 1400 657 1412 .
672 1363 743 1414 etsie
757 1362 827 1416 enan

16 1435 120 1488 ,eumitren
137 1437 254 1488 character
266 1435 292 1486 in
305 1435 349 1486 alia
364 1434 507 1488 delinitione.
522 1434 549 1486 Si
567 1438 647 1486 tamen
660 1448 702 1499 pro
721 1435 828 1487 interiori

17 1508 156 1560 charactere
177 1512 316 1569 sumeretur,
332 1521 378 1558 uon
392 1509 455 1558 esset
472 1505 654 1566 inconveniens3
671 1507 724 1570 quia
743 1507 827 1560 divisio

19 1579 160 1631 sacrementi
173 1580 197 1631 iu
211 1581 250 1630 illa
263 1579 320 1644 tria,
332 1591 378 1630 nou
399 1581 434 1630 est
447 1578 477 1628 ιι
486 1581 564 1642 partes
584 1577 721 1642 integrales,
734 1580 827 1644 proprie

20 1649 152 1714 loquend03
165 1651 283 1716 quiaillud
294 1651 355 1714 quod
368 1653 404 1702 est
413 1664 453 1700 rea
468 1649 571 1699 teretem
578 1684 587 1711 ,
599 1660 646 1699 non
658 1652 696 1700 est
707 1650 737 1699 ιι
747 1661 828 1700 essen·
920 1694 926 1704 .

21 1720 53 1770 tia
70 1723 210 1772 sacramenti
224 1722 302 1786 :quod
316 1722 351 1772 est
364 1720 434 1772 etiam
446 1722 635 1770 sacramentum
649 1718 751 1769 tontum
762 1723 827 1770 tran·

21 1791 70 1854 sit,
84 1795 108 1844 et
122 1797 288 1844 sacamentum
304 1803 396 1844 manere
411 1791 504 1842 (linter.
521 1791 586 1842 Unde
598 1789 752 1853 relinquitur,
766 1790 827 1854 quod

22 1859 73 1926 ipse
92 1867 212 1914 character
227 1863 321 1914 ιιιιιιιι
337 1862 369 1914 sil
381 1862 534 1914 essentialiter
546 1864 571 1913 et
583 1860 738 1925 principaliter
748 1863 826 1926 ipsum

21 1937 195 1986 sacramentum
206 1935 302 1986 ordinis.

55 2007 90 2058 hd
110 2007 237 2058 secuudum
256 2007 392 2070 dicendum,
408 2003 469 2070 quial
483 2004 588 2069 quamvis
605 2004 630 2054 in
643 2003 758 2068 hrptismo
772 2016 828 2054 eon·

24 2077 111 2128 lerator
126 2077 201 2141 aliqua
215 2077 339 2142 spiritualia
354 2077 457 2144 potentia
470 2076 596 2141 recipiendi
607 2076 650 2126 alia
663 2079 826 2138 sacramenta,

23 2149 114 2200 ratione
125 2149 192 2212 cujus
205 2149 360 2199 characterem
371 2148 483 2213 imprimit
493 2163 500 2212 3
511 2160 559 2200 uon
571 2151 648 2198 umen
662 2146 701 2197 hic
710 2149 747 2196 est
762 2145 829 2211 prin·

26 2219 106 2282 cipalis
119 2219 216 2271 effectus
225 2219 291 2282 ejus,
309 2220 349 2269 sed
362 2218 449 2270 ablutio
460 2217 565 2279 interior,
582 2221 759 2282 propterquam
772 2218 829 2281 hap·

26 2289 111 2344 tismm
131 2291 210 2350 fieret,
232 2289 302 2341 etiam
319 2289 391 2354 priori
411 2301 478 2340 causa
498 2301 545 2340 non
564 2288 686 2340 existente.
704 2289 748 2339 Sed
773 2290 829 2340 ordo

28 2366 164 2424 presulem
177 2362 329 2428 principehter
342 2361 451 2426 importat
466 2377 473 2410 :
492 2365 516 2412 et
532 2360 583 2412 ideo
597 2362 723 2425 character,
737 2361 777 2425 qui
791 2363 829 2411 est

27 2435 154 2498 spiritualis
168 2439 270 2500 potestas
279 2473 287 2497 ,
297 2434 322 2484 in
335 2433 467 2487 delinitione
479 2433 566 2486 ordinis
579 2433 681 2498 ponitur,
693 2446 739 2484 non
752 2436 830 2484 autam

28 2504 53 2554 iu
65 2506 199 2558 definitione
210 2506 329 2571 baptismi.

60 2577 95 2628 hd
104 2578 196 2629 tertium
212 2578 343 2640 dicendum,
351 2575 412 2642 qnid
424 2575 449 2626 in
459 2576 575 2640 baptismo
592 2575 659 2626 datur
670 2574 776 2639 quedam
786 2585 831 2638 po·

28 2649 101 2701 tentia
120 2649 245 2714 spiritualis
263 2649 483 2714 sarreptanam,
501 2651 525 2698 et
543 2649 575 2699 ita
595 2646 762 2712 quodammodo
776 2658 831 2710 pas·

27 2718 88 2770 sira.
102 2724 207 2773 Potestas
217 2726 293 2773 auteur
307 2719 397 2786 proprii
411 2719 515 2770 nominat
525 2720 652 2784 potentiam
667 2718 766 2768 actirem
776 2729 829 2770 cum

29 2789 106 2856 aliqua
125 2794 357 2858 praeeminentium
375 2792 427 2845 ideo
449 2793 500 2844 hnc
521 2791 624 2844 definitio
644 2789 761 2854 baptismo
783 2801 830 2839 nou

31 2865 148 2928 eompdit.

62 2934 96 2986 tt
115 2939 223 3000 onmium
235 2936 368 3003 dicendum,
382 2936 444 3002 quoi
455 2947 542 2990 acmen
560 2933 647 2987 ordinm
659 2931 783 2997 duplir²⁴··
794 2943 820 2950 ··
