1942 3284
487 156 572 203 338
834 162 956 202 rans
987 163 1072 211 ιιι,
1107 163 1294 207 oum-r.
1328 165 1480 212 cxxx,
1512 162 1623 201 Ant.
1657 163 1729 200 vx.

480 242 600 307 gulis
618 240 704 294 sibi
728 239 960 305 imputatis
977 238 1266 290 innocentem
1295 252 1343 290 se
1370 240 1625 290 ostendere.
1651 257 1679 287 ι)
1699 238 1789 290 Sed
1817 252 1942 303 pecca

480 314 681 363 occultos
702 324 795 362 non
823 312 1000 375 oportet
1016 310 1315 373 manifestari,
1333 310 1441 373 quia
1461 310 1549 360 «si
1572 309 1768 361 frontem
1790 323 1942 361 ver-eci

484 383 752 448 abjecerint,
788 380 976 433 liberius
1006 382 1288 444 peccabunt,
1319 397 1346 428 »
1390 384 1442 431 ut
1468 382 1751 443 Augustinus
1780 380 1889 431 dicit
1910 380 1942 429 i1

488 459 557 507 fle
578 455 754 505 <verbis
786 456 996 505 Domz'm·
1031 455 1198 519 (Serrn.
1224 452 1365 517 XVI).
1391 453 1508 516 Ergo
1535 452 1849 515 peccatoribus
1887 466 1942 503 oc

488 541 573 579 non
604 530 675 577 est
699 539 861 589 corpus
888 525 1061 576 Christi
1087 522 1508 583 dandum,·etiamsi
1534 526 1714 585 petant.

544 598 635 649 Sed
662 603 819 648 contra
842 602 931 659 est,
951 598 1073 662 quod
1099 609 1238 659 super
1262 595 1373 645 illud
1399 594 1533 646 Psal.
1561 594 1662 644 XXI
1684 610 1696 643 :
1732 611 1760 643 (ι
1777 595 1942 645 Mandu«

488 674 591 720 rnut
613 673 660 720 et
693 670 993 719 adoraverunt
1012 681 1169 718 omnes
1187 666 1382 730 pingues
1405 670 1560 728 terrae,
1583 682 1612 713 »
1629 665 1746 716 dicit
1766 668 1942 729 August

488 763 516 788 n
537 744 636 793 Non
660 741 896 805 prohibeat
922 740 1207 803 dispensator
1233 738 1426 803 pingues
1450 742 1582 788 terrae
1611 738 1678 802 (id
1704 741 1775 787 est
1802 743 1942 801 peccat

488 815 532 863 in
554 827 711 864 mensa
740 814 921 863 Domini
950 814 1237 863 manducare.
1260 829 1287 858 »

552 886 872 945 (Couccusio.
900 911 959 921 -
988 883 1149 932 Divina
1192 882 1407 947 maJ'estas
1451 887 1496 931 et
1528 882 1799 945 evangelica
1841 881 1942 932 disci

484 957 625 1021 exigit
650 960 700 1005 nt
728 955 985 1007 manifestis
1013 969 1064 1004 ac
1087 954 1282 1019 publicis
1310 953 1624 1018 peccatoribus
1655 956 1800 1004 etiam
1821 959 1942 1019 peten

484 1043 607 1079 sacra
644 1029 888 1091 denegetur
923 1027 1214 1091 communio,
1251 1040 1344 1077 non
1378 1030 1530 1076 antem
1551 1026 1774 1089 occultiS,
1812 1027 1888 1090 qui
1918 1028 1942 1075 l]

484 1103 596 1151 nicee
623 1113 793 1163 mensae
829 1098 1072 1148 accedendi
1096 1098 1203 1162 jus,
1223 1098 1273 1148 in
1291 1097 1519 1161 baptismo
1547 1106 1822 1162 acceptum,
1850 1098 1942 1148 null<

484 1172 599 1223 blico
635 1170 804 1221 scelere
834 1169 1134 1233 amiserunt.)

544 1242 813 1305 Respondeo
832 1242 1071 1291 dicendum
1089 1280 1102 1302 ,
1125 1242 1246 1305 quod
1274 1243 1396 1292 circa
1421 1246 1682 1306 peccatores
1709 1242 1937 1304 distingue

484 1317 581 1363 cst:
612 1312 796 1375 quidam
816 1312 940 1361 enim
960 1316 1069 1362 sunt
1099 1312 1281 1375 occulti,
1299 1314 1484 1375 quidam
1512 1312 1622 1365 verb
1642 1313 1898 1375 manifesti,
1913 1329 1942 1364 s·

488 1399 565 1447 per
601 1383 875 1433 evidentiam
903 1383 1041 1447 sacti,
1075 1384 1194 1433 sicut
1224 1385 1394 1448 publici
1424 1384 1646 1445 usurarii,
1676 1387 1756 1433 aut
1782 1385 1942 1449 publici

484 1459 633 1518 inres;
664 1455 739 1503 vel
766 1454 901 1505 etiam
929 1468 1009 1519 per
1037 1455 1219 1518 aliquod
1244 1455 1466 1519 judicium
1500 1456 1863 1506 ecclesiasticum
1890 1471 1942 1508 ve

484 1528 651 1577 nutare.
681 1527 930 1577 Manifestis
960 1540 1066 1590 ergo
1097 1528 1410 1591 peccatoribus
1434 1541 1526 1577 non
1566 1528 1903 1590 debet,‘etiam
1929 1543 1942 1592 ι

488 1599 605 1649 tibus
626 1638 639 1660 ,
666 1612 791 1649 sacra
813 1599 1072 1649 communio
1091 1598 1218 1661 dari3
1245 1600 1362 1649 unde
1385 1599 1641 1663 Cyprianus
1668 1600 1834 1649 scribit
1855 1601 1907 1649 ad
1927 1615 1942 1662 c

484 1675 585 1720 alam
611 1686 625 1721 ε
659 1687 687 1718 (ι
710 1670 800 1721 Pro
832 1670 1072 1721 dilectione
1091 1675 1170 1720 tua
1197 1672 1527 1721 consulendum
1560 1684 1631 1720 me
1661 1670 1942 1731 existimasti

484 1742 594 1791 mihi
613 1743 816 1792 videatur
842 1744 896 1791 de
921 1741 1163 1801 histrione,
1189 1746 1235 1791 et
1253 1754 1384 1805 mago
1412 1742 1490 1791 illo
1509 1778 1521 1800 ‚
1553 1742 1631 1805 qui
1657 1743 1776 1805 apud
1799 1756 1884 1793 vos
1912 1756 1942 1792 ct

484 1818 601 1864 tutus
627 1814 773 1863 adhuc
799 1813 847 1862 iu
876 1813 988 1863 artis
1011 1827 1106 1864 suae
1127 1813 1346 1863 dedecore
1370 1820 1654 1876 perseverat,
1686 1826 1748 1862 an
1767 1814 1935 1864 talibus

480 1885 738 1935 enmmnnio
757 1898 860 1934 cum
879 1883 1056 1935 caeteris
1073 1883 1334 1934 christianis
1355 1884 1515 1935 debeat
1532 1884 1646 1935 dari.
1671 1885 1790 1935 Puto
1813 1899 1899 1936 nec
1918 1900 1942 1933 n

484 1956 565 2005 tati
594 1956 784 2016 divinae,
816 1968 901 2005 nec
941 1956 1216 2019 evangelicae
1243 1955 1499 2019 disciplinae
1527 1969 1782 2019 congruere
1802 1995 1816 2020 ,
1848 1962 1898 2007 ut
1935 1972 1942 2020 1

484 2031 528 2075 st
554 2028 697 2077 bonor
727 2027 941 2077 Ecclesiae
968 2030 1058 2077 tam
1089 2028 1210 2092 turpi
1242 2031 1287 2077 et
1315 2028 1475 2077 infami
1502 2027 1778 2091 contagione
1817 2028 1942 2079 foedel

484 2099 528 2147 Si
556 2097 665 2148 vero
698 2110 789 2147 non
806 2100 910 2147 sunt
930 2098 1157 2148 manifesti
1185 2101 1467 2162 peccatoreS‚
1491 2100 1569 2149 sed
1593 2098 1781 2163 occulti,
1806 2113 1897 2150 non
1927 2113 1942 2163 1

484 2168 547 2219 uis
579 2168 840 2231 petentibus
877 2181 1005 2219 sacra
1033 2170 1292 2219 communio
1319 2170 1552 2232 denegari.
1582 2170 1697 2220 Cum
1732 2172 1858 2221 euim
1888 2186 1942 2234 qu

480 2238 753 2290 christianus
778 2253 835 2290 ex
867 2241 954 2291 boc
987 2240 1086 2304 ipso
1119 2241 1239 2304 quod
1265 2245 1333 2290 est
1366 2241 1642 2305 baptizatus,
1680 2242 1742 2292 sit
1769 2242 1942 2292 admiw

488 2310 762 2361 [lominicam
793 2325 992 2363 mensam
1015 2350 1027 2373 ‚
1057 2325 1146 2362 non
1176 2314 1329 2374 potest
1357 2312 1402 2363 ei
1429 2313 1507 2377 jus
1539 2327 1671 2362 suum
1711 2312 1841 2374 tolli,
1873 2313 1942 2363 nis

484 2383 628 2445 aliqua
663 2396 799 2433 causa
820 2384 1078 2434 manifesta.
1111 2384 1236 2434 Unde
1269 2398 1406 2447 super
1433 2385 1544 2435 illud
1566 2386 1601 2434 Ι.
1634 2386 1773 2442 Cor„
1798 2388 1837 2433 V
1867 2402 1879 2435 ε
1911 2403 1937 2433 «

480 2452 557 2515 nui
579 2454 715 2503 frater
742 2455 1000 2505 nominatur
1025 2455 1140 2505 inter
1169 2461 1408 2517 voS,etc.,
1429 2472 1456 2502 »
1480 2457 1589 2506 dicit
1609 2457 1769 2507 Glossa
1797 2459 1942 2521 Augus

488 2543 512 2567 n
543 2526 635 2575 Nos
671 2525 1044 2577 acommunione
1084 2539 1358 2589 quemquam
1397 2527 1638 2590 prohibere
1683 2542 1777 2579 non
1815 2543 1942 2593 possu

484 2596 569 2645 nisi
596 2600 675 2646 aut
702 2601 864 2660 sponte
884 2598 1142 2647 confessum
1160 2632 1174 2656 ,
1201 2602 1280 2647 aut
1308 2601 1356 2647 in
1389 2600 1539 2662 aliquo
1562 2600 1743 2664 judicio
1770 2602 1942 2651 ecclesi:

480 2668 549 2716 vel
575 2668 774 2718 saeculari
802 2669 1086 2719 nominatum
1113 2672 1250 2731 atque
1280 2669 1558 2721 convictum.
1581 2688 1610 2717 »
1639 2672 1798 2721 Potest
1826 2677 1938 2722 tame

480 2739 655 2802 cerdos,
686 2739 765 2803 qui
794 2744 862 2789 est
890 2741 1100 2790 conscius
1127 2739 1349 2803 criminis,
1371 2741 1549 2791 occulto
1579 2756 1768 2793 monere
1796 2747 1942 2807 peccat

480 2810 719 2873 occultum,
749 2812 824 2861 vel
852 2810 988 2862 etiam
1013 2812 1060 2861 in
1080 2812 1260 2875 publico
1284 2813 1554 2874 generaliter
1583 2826 1762 2877 omneS,
1795 2829 1854 2865 ne
1878 2816 1928 2863 ad

480 2894 574 2932 sam
612 2882 791 2932 Domini
831 2884 1083 2945 accedant,
1112 2888 1354 2948 antequam
1392 2885 1449 2936 de
1479 2886 1681 2950 peccatis
1720 2887 1942 2953 poenitean
