<?xml version="1.0" encoding="UTF-8"?>
<!DOCTYPE html PUBLIC "-//W3C//DTD XHTML 1.0 Transitional//EN"
    "http://www.w3.org/TR/xhtml1/DTD/xhtml1-transitional.dtd">
<html xmlns="http://www.w3.org/1999/xhtml" xml:lang="en" lang="en">
 <head>
  <title>
</title>
<meta http-equiv="Content-Type" content="text/html;charset=utf-8" />
  <meta name='ocr-system' content='tesseract 3.04.00' />
  <meta name='ocr-capabilities' content='ocr_page ocr_carea ocr_par ocr_line ocrx_word'/>
</head>
<body>
  <div class='ocr_page' id='page_1' title='image "./summatheologica01nicogoog_0361.png"; bbox 0 0 1942 3284; ppageno 0'>
   <div class='ocr_carea' id='block_1_1' title="bbox 219 13 249 56">
    <p class='ocr_par' dir='ltr' id='par_1_1' title="bbox 219 13 249 56">
     <span class='ocr_line' id='line_1_1' title="bbox 219 13 249 56; baseline 0 0"><span class='ocrx_word' id='word_1_1' title='bbox 219 13 249 56; x_wconf 58' lang='lat' dir='ltr'>t</span> 
     </span>
    </p>
   </div>
   <div class='ocr_carea' id='block_1_2' title="bbox 261 159 1553 207">
    <p class='ocr_par' dir='ltr' id='par_1_2' title="bbox 261 159 1553 207">
     <span class='ocr_line' id='line_1_2' title="bbox 261 159 1553 207; baseline 0.002 -2"><span class='ocrx_word' id='word_1_2' title='bbox 261 167 323 205; x_wconf 71' lang='lat' dir='ltr'><strong>nn</strong></span> <span class='ocrx_word' id='word_1_3' title='bbox 354 166 518 205; x_wconf 65' lang='lat' dir='ltr'><strong>ronna</strong></span> <span class='ocrx_word' id='word_1_4' title='bbox 551 166 848 205; x_wconf 69' lang='lat' dir='ltr'><strong>sacuunrr</strong></span> <span class='ocrx_word' id='word_1_5' title='bbox 877 167 1232 207; x_wconf 58' lang='lat' dir='ltr'><strong>nonnanis-rim.</strong></span> <span class='ocrx_word' id='word_1_6' title='bbox 1459 159 1553 207; x_wconf 69' lang='lat'><strong>355</strong></span> 
     </span>
    </p>
   </div>
   <div class='ocr_carea' id='block_1_3' title="bbox 0 242 1559 2859">
    <p class='ocr_par' dir='ltr' id='par_1_3' title="bbox 0 242 1557 1580">
     <span class='ocr_line' id='line_1_3' title="bbox 9 242 1557 308; baseline 0.002 -16"><span class='ocrx_word' id='word_1_7' title='bbox 9 242 277 306; x_wconf 87' lang='lat' dir='ltr'><strong>Respondeo</strong></span> <span class='ocrx_word' id='word_1_8' title='bbox 299 243 572 307; x_wconf 88' lang='lat' dir='ltr'><strong>dicendum,</strong></span> <span class='ocrx_word' id='word_1_9' title='bbox 600 243 719 306; x_wconf 82' lang='lat' dir='ltr'><strong>quod</strong></span> <span class='ocrx_word' id='word_1_10' title='bbox 754 243 941 307; x_wconf 89' lang='lat' dir='ltr'><strong>quidam</strong></span> <span class='ocrx_word' id='word_1_11' title='bbox 968 244 1148 308; x_wconf 82' lang='lat' dir='ltr'>antiqui</span> <span class='ocrx_word' id='word_1_12' title='bbox 1186 244 1398 295; x_wconf 85' lang='lat' dir='ltr'><strong>doctores</strong></span> <span class='ocrx_word' id='word_1_13' title='bbox 1424 244 1557 295; x_wconf 86' lang='lat' dir='ltr'><strong>dixe-</strong></span> 
     </span>
     <span class='ocr_line' id='line_1_4' title="bbox 0 313 1549 379; baseline 0.001 -16"><span class='ocrx_word' id='word_1_14' title='bbox 0 316 49 364; x_wconf 88' lang='lat' dir='ltr'><strong>nt</strong></span> <span class='ocrx_word' id='word_1_15' title='bbox 67 313 196 377; x_wconf 79' lang='lat' dir='ltr'><strong>quod</strong></span> <span class='ocrx_word' id='word_1_16' title='bbox 214 316 287 364; x_wconf 84' lang='lat' dir='ltr'><strong>hae</strong></span> <span class='ocrx_word' id='word_1_17' title='bbox 302 316 402 365; x_wconf 85' lang='lat' dir='ltr'><strong>duae</strong></span> <span class='ocrx_word' id='word_1_18' title='bbox 423 314 599 377; x_wconf 84' lang='lat' dir='ltr'><strong>formae,</strong></span> <span class='ocrx_word' id='word_1_19' title='bbox 619 314 798 365; x_wconf 86' lang='lat' dir='ltr'><strong>scilicet</strong></span> <span class='ocrx_word' id='word_1_20' title='bbox 817 315 1176 366; x_wconf 86' lang='lat' dir='ltr'><strong>consecrationis</strong></span> <span class='ocrx_word' id='word_1_21' title='bbox 1198 316 1331 379; x_wconf 89' lang='lat' dir='ltr'><strong>panis</strong></span> <span class='ocrx_word' id='word_1_22' title='bbox 1360 318 1408 366; x_wconf 93' lang='lat' dir='ltr'><strong>et</strong></span> <span class='ocrx_word' id='word_1_23' title='bbox 1432 314 1549 378; x_wconf 80' lang='lat' dir='ltr'><strong>vini,</strong></span> 
     </span>
     <span class='ocr_line' id='line_1_5' title="bbox 13 385 1552 450; baseline 0.002 -16"><span class='ocrx_word' id='word_1_24' title='bbox 13 385 211 436; x_wconf 86' lang='lat' dir='ltr'><strong>invicem</strong></span> <span class='ocrx_word' id='word_1_25' title='bbox 238 389 483 450; x_wconf 80' lang='lat' dir='ltr'><strong>expectant</strong></span> <span class='ocrx_word' id='word_1_26' title='bbox 517 386 567 435; x_wconf 90' lang='lat' dir='ltr'><strong>in</strong></span> <span class='ocrx_word' id='word_1_27' title='bbox 600 387 805 449; x_wconf 83' lang='lat' dir='ltr'><strong>agendo,</strong></span> <span class='ocrx_word' id='word_1_28' title='bbox 836 386 899 436; x_wconf 91' lang='lat' dir='ltr'><strong>ita</strong></span> <span class='ocrx_word' id='word_1_29' title='bbox 924 386 1102 437; x_wconf 89' lang='lat' dir='ltr'><strong>scilicet</strong></span> <span class='ocrx_word' id='word_1_30' title='bbox 1131 385 1254 450; x_wconf 79' lang='lat' dir='ltr'><strong>quod</strong></span> <span class='ocrx_word' id='word_1_31' title='bbox 1282 387 1432 450; x_wconf 90' lang='lat' dir='ltr'><strong>prima</strong></span> <span class='ocrx_word' id='word_1_32' title='bbox 1457 400 1552 437; x_wconf 90' lang='lat' dir='ltr'><strong>non</strong></span> 
     </span>
     <span class='ocr_line' id='line_1_6' title="bbox 0 455 1551 522; baseline 0.001 -17"><span class='ocrx_word' id='word_1_33' title='bbox 0 455 116 506; x_wconf 85' lang='lat' dir='ltr'><strong>rficit</strong></span> <span class='ocrx_word' id='word_1_34' title='bbox 149 470 283 507; x_wconf 89' lang='lat' dir='ltr'><strong>suum</strong></span> <span class='ocrx_word' id='word_1_35' title='bbox 319 458 532 508; x_wconf 79' lang='lat' dir='ltr'><strong>effectum</strong></span> <span class='ocrx_word' id='word_1_36' title='bbox 547 494 567 520; x_wconf 89' lang='lat'>,</span> <span class='ocrx_word' id='word_1_37' title='bbox 607 461 854 522; x_wconf 84' lang='lat' dir='ltr'><strong>antequam</strong></span> <span class='ocrx_word' id='word_1_38' title='bbox 894 458 1150 522; x_wconf 78' lang='lat' dir='ltr'><strong>proferatur</strong></span> <span class='ocrx_word' id='word_1_39' title='bbox 1199 458 1412 509; x_wconf 88' lang='lat' dir='ltr'><strong>secunda.</strong></span> <span class='ocrx_word' id='word_1_40' title='bbox 1459 458 1551 507; x_wconf 85' lang='lat' dir='ltr'><strong>Sed</strong></span> 
     </span>
     <span class='ocr_line' id='line_1_7' title="bbox 0 529 1547 593; baseline 0.003 -17"><span class='ocrx_word' id='word_1_41' title='bbox 0 541 31 577; x_wconf 72' lang='lat' dir='ltr'><strong>»c</strong></span> <span class='ocrx_word' id='word_1_42' title='bbox 51 532 176 578; x_wconf 89' lang='lat' dir='ltr'><strong>stare</strong></span> <span class='ocrx_word' id='word_1_43' title='bbox 202 541 292 579; x_wconf 91' lang='lat' dir='ltr'><strong>non</strong></span> <span class='ocrx_word' id='word_1_44' title='bbox 315 531 484 592; x_wconf 87' lang='lat' dir='ltr'><strong>potest,</strong></span> <span class='ocrx_word' id='word_1_45' title='bbox 508 529 633 593; x_wconf 88' lang='lat' dir='ltr'><strong>quia,</strong></span> <span class='ocrx_word' id='word_1_46' title='bbox 659 529 778 579; x_wconf 89' lang='lat' dir='ltr'><strong>sicut</strong></span> <span class='ocrx_word' id='word_1_47' title='bbox 805 529 975 579; x_wconf 89' lang='lat' dir='ltr'><strong>dictum</strong></span> <span class='ocrx_word' id='word_1_48' title='bbox 1002 532 1073 580; x_wconf 86' lang='lat' dir='ltr'><strong>est</strong></span> <span class='ocrx_word' id='word_1_49' title='bbox 1101 530 1207 593; x_wconf 87' lang='lat' dir='ltr'><strong>(art.</strong></span> <span class='ocrx_word' id='word_1_50' title='bbox 1232 534 1262 578; x_wconf 80' lang='lat'>2</span> <span class='ocrx_word' id='word_1_51' title='bbox 1290 533 1336 579; x_wconf 89' lang='lat' dir='ltr'><strong>et</strong></span> <span class='ocrx_word' id='word_1_52' title='bbox 1366 534 1451 579; x_wconf 80' lang='lat' dir='ltr'><strong>art.</strong></span> <span class='ocrx_word' id='word_1_53' title='bbox 1475 535 1547 591; x_wconf 58' lang='lat'><strong>51¹-</strong></span> 
     </span>
     <span class='ocr_line' id='line_1_8' title="bbox 23 599 1547 664; baseline 0.004 -18"><span class='ocrx_word' id='word_1_54' title='bbox 23 599 262 651; x_wconf 79' lang='lat' dir='ltr'><strong>veritatem</strong></span> <span class='ocrx_word' id='word_1_55' title='bbox 289 599 431 664; x_wconf 86' lang='lat' dir='ltr'><strong>hujus</strong></span> <span class='ocrx_word' id='word_1_56' title='bbox 459 600 728 651; x_wconf 87' lang='lat' dir='ltr'><strong>locutionis:</strong></span> <span class='ocrx_word' id='word_1_57' title='bbox 756 601 901 651; x_wconf 85' lang='lat' dir='ltr'><strong>«Hoc</strong></span> <span class='ocrx_word' id='word_1_58' title='bbox 933 604 1006 651; x_wconf 86' lang='lat' dir='ltr'><strong>est</strong></span> <span class='ocrx_word' id='word_1_59' title='bbox 1029 614 1192 664; x_wconf 87' lang='lat' dir='ltr'><strong>corpus</strong></span> <span class='ocrx_word' id='word_1_60' title='bbox 1215 614 1365 651; x_wconf 91' lang='lat' dir='ltr'><strong>meum</strong></span> <span class='ocrx_word' id='word_1_61' title='bbox 1383 638 1396 661; x_wconf 86' lang='lat'>,</span> <span class='ocrx_word' id='word_1_62' title='bbox 1419 618 1447 648; x_wconf 70' lang='lat' dir='ltr'><strong>n</strong></span> <span class='ocrx_word' id='word_1_63' title='bbox 1475 619 1547 651; x_wconf 57' lang='lat' dir='ltr'><strong>rs}-</strong></span> 
     </span>
     <span class='ocr_line' id='line_1_9' title="bbox 0 668 1551 737; baseline 0 -18"><span class='ocrx_word' id='word_1_64' title='bbox 0 668 133 720; x_wconf 86' lang='lat' dir='ltr'><strong>iritur</strong></span> <span class='ocrx_word' id='word_1_65' title='bbox 170 674 358 735; x_wconf 86' lang='lat' dir='ltr'><strong>propter</strong></span> <span class='ocrx_word' id='word_1_66' title='bbox 387 670 577 722; x_wconf 73' lang='lat' dir='ltr'><strong>verbum</strong></span> <span class='ocrx_word' id='word_1_67' title='bbox 604 672 843 735; x_wconf 85' lang='lat' dir='ltr'><strong>praesentis</strong></span> <span class='ocrx_word' id='word_1_68' title='bbox 882 671 1105 737; x_wconf 90' lang='lat' dir='ltr'><strong>temporis</strong></span> <span class='ocrx_word' id='word_1_69' title='bbox 1122 710 1136 735; x_wconf 90' lang='lat'>‚</span> <span class='ocrx_word' id='word_1_70' title='bbox 1165 672 1285 736; x_wconf 81' lang='lat' dir='ltr'><strong>quod</strong></span> <span class='ocrx_word' id='word_1_71' title='bbox 1308 685 1382 722; x_wconf 91' lang='lat' dir='ltr'><strong>res</strong></span> <span class='ocrx_word' id='word_1_72' title='bbox 1411 674 1551 735; x_wconf 67' lang='lat' dir='ltr'><strong>signi-</strong></span> 
     </span>
     <span class='ocr_line' id='line_1_10' title="bbox 0 742 1543 808; baseline -0.001 -16"><span class='ocrx_word' id='word_1_73' title='bbox 0 747 73 792; x_wconf 85' lang='lat' dir='ltr'><strong>ata</strong></span> <span class='ocrx_word' id='word_1_74' title='bbox 119 742 261 794; x_wconf 88' lang='lat' dir='ltr'><strong>simul</strong></span> <span class='ocrx_word' id='word_1_75' title='bbox 299 746 504 808; x_wconf 89' lang='lat' dir='ltr'><strong>tempore</strong></span> <span class='ocrx_word' id='word_1_76' title='bbox 541 743 599 794; x_wconf 87' lang='lat' dir='ltr'><strong>sit</strong></span> <span class='ocrx_word' id='word_1_77' title='bbox 627 757 729 793; x_wconf 90' lang='lat' dir='ltr'><strong>cum</strong></span> <span class='ocrx_word' id='word_1_78' title='bbox 764 744 867 807; x_wconf 88' lang='lat' dir='ltr'><strong>ipsa</strong></span> <span class='ocrx_word' id='word_1_79' title='bbox 903 742 1237 806; x_wconf 81' lang='lat' dir='ltr'><strong>significatione</strong></span> <span class='ocrx_word' id='word_1_80' title='bbox 1270 744 1543 807; x_wconf 28' lang='lat' dir='ltr'><strong>locutioni&amp;</strong></span> 
     </span>
     <span class='ocr_line' id='line_1_11' title="bbox 0 814 1539 882; baseline 0.001 -21"><span class='ocrx_word' id='word_1_81' title='bbox 0 814 141 877; x_wconf 61' lang='lat' dir='ltr'><strong>,oquin</strong></span> <span class='ocrx_word' id='word_1_82' title='bbox 164 814 205 865; x_wconf 92' lang='lat' dir='ltr'><strong>si</strong></span> <span class='ocrx_word' id='word_1_83' title='bbox 224 815 274 864; x_wconf 91' lang='lat' dir='ltr'><strong>in</strong></span> <span class='ocrx_word' id='word_1_84' title='bbox 293 816 493 865; x_wconf 82' lang='lat' dir='ltr'><strong>futurum</strong></span> <span class='ocrx_word' id='word_1_85' title='bbox 519 820 831 882; x_wconf 81' lang='lat' dir='ltr'><strong>expectaretur</strong></span> <span class='ocrx_word' id='word_1_86' title='bbox 846 829 920 867; x_wconf 90' lang='lat' dir='ltr'><strong>res</strong></span> <span class='ocrx_word' id='word_1_87' title='bbox 946 815 1218 879; x_wconf 82' lang='lat' dir='ltr'><strong>significata,</strong></span> <span class='ocrx_word' id='word_1_88' title='bbox 1249 823 1539 880; x_wconf 73' lang='lat' dir='ltr'><strong>apponerctm</strong></span> 
     </span>
     <span class='ocr_line' id='line_1_12' title="bbox 2 886 1547 952; baseline 0.001 -18"><span class='ocrx_word' id='word_1_89' title='bbox 2 886 130 935; x_wconf 80' lang='lat' dir='ltr'><strong>rhum</strong></span> <span class='ocrx_word' id='word_1_90' title='bbox 150 886 296 936; x_wconf 80' lang='lat' dir='ltr'><strong>futuri</strong></span> <span class='ocrx_word' id='word_1_91' title='bbox 317 888 565 951; x_wconf 89' lang='lat' dir='ltr'><strong>temporis,</strong></span> <span class='ocrx_word' id='word_1_92' title='bbox 594 900 686 938; x_wconf 90' lang='lat' dir='ltr'><strong>non</strong></span> <span class='ocrx_word' id='word_1_93' title='bbox 711 892 863 939; x_wconf 89' lang='lat' dir='ltr'><strong>autem</strong></span> <span class='ocrx_word' id='word_1_94' title='bbox 886 888 1072 938; x_wconf 85' lang='lat' dir='ltr'><strong>verbum</strong></span> <span class='ocrx_word' id='word_1_95' title='bbox 1101 888 1348 952; x_wconf 75' lang='lat' dir='ltr'><strong>praesentis,</strong></span> <span class='ocrx_word' id='word_1_96' title='bbox 1373 886 1434 937; x_wconf 92' lang='lat' dir='ltr'><strong>ita</strong></span> <span class='ocrx_word' id='word_1_97' title='bbox 1459 887 1547 935; x_wconf 69' lang='lat' dir='ltr'><strong>sci-</strong></span> 
     </span>
     <span class='ocr_line' id='line_1_13' title="bbox 0 956 1543 1023; baseline -0.001 -17"><span class='ocrx_word' id='word_1_98' title='bbox 0 962 45 1007; x_wconf 88' lang='lat' dir='ltr'><strong>et</strong></span> <span class='ocrx_word' id='word_1_99' title='bbox 71 956 197 1020; x_wconf 80' lang='lat' dir='ltr'><strong>quod</strong></span> <span class='ocrx_word' id='word_1_100' title='bbox 247 971 337 1009; x_wconf 91' lang='lat' dir='ltr'><strong>non</strong></span> <span class='ocrx_word' id='word_1_101' title='bbox 378 958 637 1009; x_wconf 84' lang='lat' dir='ltr'><strong>diceretur:</strong></span> <span class='ocrx_word' id='word_1_102' title='bbox 672 976 699 1007; x_wconf 87' lang='lat'>«</span> <span class='ocrx_word' id='word_1_103' title='bbox 722 959 818 1010; x_wconf 84' lang='lat' dir='ltr'><strong>Hoc</strong></span> <span class='ocrx_word' id='word_1_104' title='bbox 848 962 918 1009; x_wconf 90' lang='lat' dir='ltr'><strong>est</strong></span> <span class='ocrx_word' id='word_1_105' title='bbox 945 972 1110 1023; x_wconf 89' lang='lat' dir='ltr'><strong>corpus</strong></span> <span class='ocrx_word' id='word_1_106' title='bbox 1146 971 1326 1018; x_wconf 90' lang='lat' dir='ltr'><strong>meum,</strong></span> <span class='ocrx_word' id='word_1_107' title='bbox 1361 975 1388 1005; x_wconf 91' lang='lat'>»</span> <span class='ocrx_word' id='word_1_108' title='bbox 1419 959 1495 1007; x_wconf 73' lang='lat' dir='ltr'><strong>sed</strong></span> <span class='ocrx_word' id='word_1_109' title='bbox 1535 975 1543 1004; x_wconf 93' lang='lat'>:</span> 
     </span>
     <span class='ocr_line' id='line_1_14' title="bbox 0 1028 1547 1094; baseline -0.001 -18"><span class='ocrx_word' id='word_1_110' title='bbox 0 1028 84 1077; x_wconf 80' lang='lat' dir='ltr'><strong>Hoc</strong></span> <span class='ocrx_word' id='word_1_111' title='bbox 107 1028 201 1079; x_wconf 89' lang='lat' dir='ltr'><strong>erit</strong></span> <span class='ocrx_word' id='word_1_112' title='bbox 218 1043 383 1094; x_wconf 87' lang='lat' dir='ltr'><strong>corpus</strong></span> <span class='ocrx_word' id='word_1_113' title='bbox 406 1043 575 1081; x_wconf 89' lang='lat' dir='ltr'><strong>meum.</strong></span> <span class='ocrx_word' id='word_1_114' title='bbox 596 1046 624 1078; x_wconf 72' lang='lat'><strong>2)</strong></span> <span class='ocrx_word' id='word_1_115' title='bbox 649 1029 928 1093; x_wconf 78' lang='lat' dir='ltr'><strong>significatio</strong></span> <span class='ocrx_word' id='word_1_116' title='bbox 959 1033 1114 1080; x_wconf 90' lang='lat' dir='ltr'><strong>autem</strong></span> <span class='ocrx_word' id='word_1_117' title='bbox 1135 1028 1276 1093; x_wconf 88' lang='lat' dir='ltr'><strong>hujus</strong></span> <span class='ocrx_word' id='word_1_118' title='bbox 1308 1029 1547 1080; x_wconf 37' lang='lat' dir='ltr'><strong>locutionis</strong></span> 
     </span>
     <span class='ocr_line' id='line_1_15' title="bbox 0 1100 1550 1166; baseline -0.001 -18"><span class='ocrx_word' id='word_1_119' title='bbox 0 1100 200 1163; x_wconf 80' lang='lat' dir='ltr'><strong>inpletur</strong></span> <span class='ocrx_word' id='word_1_120' title='bbox 241 1100 395 1151; x_wconf 84' lang='lat' dir='ltr'><strong>statim</strong></span> <span class='ocrx_word' id='word_1_121' title='bbox 442 1102 666 1165; x_wconf 71' lang='lat' dir='ltr'><strong>completa</strong></span> <span class='ocrx_word' id='word_1_122' title='bbox 700 1102 951 1166; x_wconf 84' lang='lat' dir='ltr'><strong>prolatione</strong></span> <span class='ocrx_word' id='word_1_123' title='bbox 988 1103 1152 1151; x_wconf 91' lang='lat' dir='ltr'><strong>horum</strong></span> <span class='ocrx_word' id='word_1_124' title='bbox 1195 1101 1463 1159; x_wconf 75' lang='lat' dir='ltr'><strong>verborum=</strong></span> <span class='ocrx_word' id='word_1_125' title='bbox 1503 1112 1550 1147; x_wconf 60' lang='grc' dir='ltr'><strong>ω’..</strong></span> 
     </span>
     <span class='ocr_line' id='line_1_16' title="bbox 0 1170 1547 1236; baseline -0.001 -16"><span class='ocrx_word' id='word_1_126' title='bbox 0 1182 44 1220; x_wconf 79' lang='lat' dir='ltr'><strong>eo</strong></span> <span class='ocrx_word' id='word_1_127' title='bbox 72 1175 259 1235; x_wconf 88' lang='lat' dir='ltr'><strong>oportet</strong></span> <span class='ocrx_word' id='word_1_128' title='bbox 283 1185 380 1223; x_wconf 91' lang='lat' dir='ltr'><strong>rem</strong></span> <span class='ocrx_word' id='word_1_129' title='bbox 410 1172 709 1236; x_wconf 85' lang='lat' dir='ltr'><strong>significatam</strong></span> <span class='ocrx_word' id='word_1_130' title='bbox 737 1172 889 1223; x_wconf 90' lang='lat' dir='ltr'><strong>statim</strong></span> <span class='ocrx_word' id='word_1_131' title='bbox 929 1172 1107 1233; x_wconf 86' lang='lat' dir='ltr'><strong>adesse,</strong></span> <span class='ocrx_word' id='word_1_132' title='bbox 1131 1183 1234 1235; x_wconf 80' lang='lat' dir='ltr'><strong>quae</strong></span> <span class='ocrx_word' id='word_1_133' title='bbox 1262 1170 1443 1234; x_wconf 87' lang='lat' dir='ltr'><strong>quidem</strong></span> <span class='ocrx_word' id='word_1_134' title='bbox 1479 1179 1547 1219; x_wconf 52' lang='lat' dir='ltr'><strong>cat</strong></span> 
     </span>
     <span class='ocr_line' id='line_1_17' title="bbox 0 1240 1547 1308; baseline -0.002 -18"><span class='ocrx_word' id='word_1_135' title='bbox 0 1240 137 1293; x_wconf 71' lang='lat' dir='ltr'><strong>x&#39;ectus</strong></span> <span class='ocrx_word' id='word_1_136' title='bbox 174 1244 319 1307; x_wconf 86' lang='lat' dir='ltr'><strong>hujus</strong></span> <span class='ocrx_word' id='word_1_137' title='bbox 358 1244 665 1308; x_wconf 83' lang='lat' dir='ltr'><strong>sacramenti3</strong></span> <span class='ocrx_word' id='word_1_138' title='bbox 696 1244 895 1308; x_wconf 88' lang='lat' dir='ltr'><strong>alioquin</strong></span> <span class='ocrx_word' id='word_1_139' title='bbox 930 1242 1099 1295; x_wconf 89' lang='lat' dir='ltr'><strong>locutio</strong></span> <span class='ocrx_word' id='word_1_140' title='bbox 1129 1256 1223 1294; x_wconf 89' lang='lat' dir='ltr'><strong>non</strong></span> <span class='ocrx_word' id='word_1_141' title='bbox 1261 1244 1383 1292; x_wconf 84' lang='lat' dir='ltr'><strong>esset</strong></span> <span class='ocrx_word' id='word_1_142' title='bbox 1421 1255 1547 1291; x_wconf 65' lang='lat' dir='ltr'><strong>veru.</strong></span> 
     </span>
     <span class='ocr_line' id='line_1_18' title="bbox 0 1312 1547 1379; baseline -0.001 -20"><span class='ocrx_word' id='word_1_143' title='bbox 0 1315 24 1360; x_wconf 61' lang='lat' dir='ltr'><strong>tt</strong></span> <span class='ocrx_word' id='word_1_144' title='bbox 57 1314 201 1364; x_wconf 87' lang='lat' dir='ltr'><strong>etiam</strong></span> <span class='ocrx_word' id='word_1_145' title='bbox 223 1316 326 1365; x_wconf 82' lang='lat' dir='ltr'><strong>haec</strong></span> <span class='ocrx_word' id='word_1_146' title='bbox 345 1315 513 1379; x_wconf 86' lang='lat' dir='ltr'><strong>positio</strong></span> <span class='ocrx_word' id='word_1_147' title='bbox 540 1318 694 1366; x_wconf 87' lang='lat' dir='ltr'><strong>contra</strong></span> <span class='ocrx_word' id='word_1_148' title='bbox 720 1314 859 1365; x_wconf 88' lang='lat' dir='ltr'><strong>ritum</strong></span> <span class='ocrx_word' id='word_1_149' title='bbox 890 1314 1123 1376; x_wconf 70' lang='lat' dir='ltr'><strong>Ecclesiae,</strong></span> <span class='ocrx_word' id='word_1_150' title='bbox 1149 1326 1250 1377; x_wconf 86' lang='lat' dir='ltr'><strong>quae</strong></span> <span class='ocrx_word' id='word_1_151' title='bbox 1269 1312 1422 1363; x_wconf 89' lang='lat' dir='ltr'><strong>statim</strong></span> <span class='ocrx_word' id='word_1_152' title='bbox 1443 1319 1547 1375; x_wconf 55' lang='lat' dir='ltr'><strong>[arnt</strong></span> 
     </span>
     <span class='ocr_line' id='line_1_19' title="bbox 0 1384 1547 1451; baseline -0.001 -18"><span class='ocrx_word' id='word_1_153' title='bbox 0 1384 245 1436; x_wconf 82' lang='lat' dir='ltr'><strong>olationem</strong></span> <span class='ocrx_word' id='word_1_154' title='bbox 283 1387 522 1437; x_wconf 84' lang='lat' dir='ltr'><strong>verborum</strong></span> <span class='ocrx_word' id='word_1_155' title='bbox 550 1400 713 1451; x_wconf 89' lang='lat' dir='ltr'><strong>corpus</strong></span> <span class='ocrx_word' id='word_1_156' title='bbox 740 1386 909 1436; x_wconf 87' lang='lat' dir='ltr'><strong>Christi</strong></span> <span class='ocrx_word' id='word_1_157' title='bbox 936 1387 1110 1436; x_wconf 87' lang='lat' dir='ltr'><strong>adorat.</strong></span> <span class='ocrx_word' id='word_1_158' title='bbox 1143 1386 1270 1435; x_wconf 86' lang='lat' dir='ltr'><strong>Unde</strong></span> <span class='ocrx_word' id='word_1_159' title='bbox 1311 1384 1547 1433; x_wconf 66' lang='lat' dir='ltr'><strong>dic-endum</strong></span> 
     </span>
     <span class='ocr_line' id='line_1_20' title="bbox 0 1455 1551 1522; baseline -0.001 -19"><span class='ocrx_word' id='word_1_160' title='bbox 0 1458 14 1503; x_wconf 95' lang='lat' dir='ltr'><strong>t</strong></span> <span class='ocrx_word' id='word_1_161' title='bbox 41 1456 167 1520; x_wconf 82' lang='lat' dir='ltr'><strong>quod</strong></span> <span class='ocrx_word' id='word_1_162' title='bbox 192 1456 342 1521; x_wconf 86' lang='lat' dir='ltr'><strong>prima</strong></span> <span class='ocrx_word' id='word_1_163' title='bbox 365 1457 510 1508; x_wconf 75' lang='lat' dir='ltr'><strong>forma</strong></span> <span class='ocrx_word' id='word_1_164' title='bbox 536 1470 630 1508; x_wconf 91' lang='lat' dir='ltr'><strong>non</strong></span> <span class='ocrx_word' id='word_1_165' title='bbox 653 1460 863 1522; x_wconf 81' lang='lat' dir='ltr'><strong>expectat</strong></span> <span class='ocrx_word' id='word_1_166' title='bbox 888 1458 1136 1507; x_wconf 88' lang='lat' dir='ltr'><strong>secundam</strong></span> <span class='ocrx_word' id='word_1_167' title='bbox 1165 1455 1215 1506; x_wconf 91' lang='lat' dir='ltr'><strong>in</strong></span> <span class='ocrx_word' id='word_1_168' title='bbox 1237 1455 1438 1518; x_wconf 87' lang='lat' dir='ltr'><strong>agendo,</strong></span> <span class='ocrx_word' id='word_1_169' title='bbox 1471 1469 1519 1503; x_wconf 53' lang='grc' dir='ltr'><strong>ξεν</strong></span> <span class='ocrx_word' id='word_1_170' title='bbox 1543 1459 1551 1502; x_wconf 66' lang='grc' dir='ltr'><strong>ΙΔ</strong></span> 
     </span>
     <span class='ocr_line' id='line_1_21' title="bbox 0 1528 670 1580; baseline 0.004 -4"><span class='ocrx_word' id='word_1_171' title='bbox 0 1528 95 1577; x_wconf 67' lang='lat' dir='ltr'><strong>atim</strong></span> <span class='ocrx_word' id='word_1_172' title='bbox 122 1528 268 1579; x_wconf 85' lang='lat' dir='ltr'><strong>habet</strong></span> <span class='ocrx_word' id='word_1_173' title='bbox 288 1542 420 1578; x_wconf 88' lang='lat' dir='ltr'><strong>suum</strong></span> <span class='ocrx_word' id='word_1_174' title='bbox 443 1530 670 1580; x_wconf 81' lang='lat' dir='ltr'><strong>effectum.</strong></span> 
     </span>
    </p>

    <p class='ocr_par' dir='ltr' id='par_1_4' title="bbox 0 1595 1551 2161">
     <span class='ocr_line' id='line_1_22' title="bbox 6 1595 1543 1664; baseline -0.004 -15"><span class='ocrx_word' id='word_1_175' title='bbox 6 1599 73 1649; x_wconf 80' lang='lat' dir='ltr'><strong>Ad</strong></span> <span class='ocrx_word' id='word_1_176' title='bbox 96 1600 298 1664; x_wconf 81' lang='lat' dir='ltr'><strong>primum</strong></span> <span class='ocrx_word' id='word_1_177' title='bbox 327 1613 433 1664; x_wconf 82' lang='lat' dir='ltr'><strong>ergo</strong></span> <span class='ocrx_word' id='word_1_178' title='bbox 467 1600 708 1651; x_wconf 88' lang='lat' dir='ltr'><strong>dicendum</strong></span> <span class='ocrx_word' id='word_1_179' title='bbox 726 1640 739 1663; x_wconf 95' lang='lat'>,</span> <span class='ocrx_word' id='word_1_180' title='bbox 768 1600 890 1664; x_wconf 81' lang='lat' dir='ltr'><strong>quod</strong></span> <span class='ocrx_word' id='word_1_181' title='bbox 926 1614 984 1650; x_wconf 88' lang='lat' dir='ltr'><strong>ex</strong></span> <span class='ocrx_word' id='word_1_182' title='bbox 1021 1600 1109 1648; x_wconf 88' lang='lat' dir='ltr'><strong>hac</strong></span> <span class='ocrx_word' id='word_1_183' title='bbox 1133 1596 1308 1647; x_wconf 88' lang='lat' dir='ltr'><strong>ratione</strong></span> <span class='ocrx_word' id='word_1_184' title='bbox 1341 1595 1543 1647; x_wconf 68' lang='lat' dir='ltr'><strong>videnum</strong></span> 
     </span>
     <span class='ocr_line' id='line_1_23' title="bbox 0 1667 1551 1735; baseline -0.001 -20"><span class='ocrx_word' id='word_1_185' title='bbox 0 1667 80 1720; x_wconf 84' lang='lat' dir='ltr'><strong>isse</strong></span> <span class='ocrx_word' id='word_1_186' title='bbox 111 1669 299 1734; x_wconf 88' lang='lat' dir='ltr'><strong>decepti</strong></span> <span class='ocrx_word' id='word_1_187' title='bbox 325 1670 393 1721; x_wconf 88' lang='lat' dir='ltr'><strong>illi</strong></span> <span class='ocrx_word' id='word_1_188' title='bbox 414 1671 492 1734; x_wconf 92' lang='lat' dir='ltr'><strong>qui</strong></span> <span class='ocrx_word' id='word_1_189' title='bbox 517 1671 777 1735; x_wconf 82' lang='lat' dir='ltr'><strong>praedictam</strong></span> <span class='ocrx_word' id='word_1_190' title='bbox 814 1671 1086 1735; x_wconf 86' lang='lat' dir='ltr'><strong>positionem</strong></span> <span class='ocrx_word' id='word_1_191' title='bbox 1112 1670 1382 1732; x_wconf 88' lang='lat' dir='ltr'><strong>posuerunt.</strong></span> <span class='ocrx_word' id='word_1_192' title='bbox 1424 1667 1551 1715; x_wconf 46' lang='lat' dir='ltr'><strong>Unda.</strong></span> 
     </span>
     <span class='ocr_line' id='line_1_24' title="bbox 0 1736 1547 1806; baseline -0.003 -19"><span class='ocrx_word' id='word_1_193' title='bbox 0 1740 289 1804; x_wconf 87' lang='lat' dir='ltr'><strong>telligendum</strong></span> <span class='ocrx_word' id='word_1_194' title='bbox 317 1745 389 1792; x_wconf 92' lang='lat' dir='ltr'><strong>est</strong></span> <span class='ocrx_word' id='word_1_195' title='bbox 416 1741 538 1806; x_wconf 80' lang='lat' dir='ltr'><strong>quod</strong></span> <span class='ocrx_word' id='word_1_196' title='bbox 560 1740 681 1792; x_wconf 74' lang='lat' dir='ltr'><strong>facta</strong></span> <span class='ocrx_word' id='word_1_197' title='bbox 707 1741 1049 1792; x_wconf 85' lang='lat' dir='ltr'><strong>consecratione</strong></span> <span class='ocrx_word' id='word_1_198' title='bbox 1082 1738 1243 1803; x_wconf 87' lang='lat' dir='ltr'><strong>panis,</strong></span> <span class='ocrx_word' id='word_1_199' title='bbox 1275 1741 1343 1788; x_wconf 84' lang='lat' dir='ltr'><strong>est</strong></span> <span class='ocrx_word' id='word_1_200' title='bbox 1369 1736 1547 1801; x_wconf 60' lang='lat' dir='ltr'><strong>quidum</strong></span> 
     </span>
     <span class='ocr_line' id='line_1_25' title="bbox 4 1808 1551 1875; baseline -0.002 -17"><span class='ocrx_word' id='word_1_201' title='bbox 4 1825 109 1874; x_wconf 85' lang='lat' dir='ltr'><strong>rpus</strong></span> <span class='ocrx_word' id='word_1_202' title='bbox 137 1813 313 1863; x_wconf 90' lang='lat' dir='ltr'><strong>Christi</strong></span> <span class='ocrx_word' id='word_1_203' title='bbox 338 1813 403 1863; x_wconf 90' lang='lat' dir='ltr'><strong>ibi</strong></span> <span class='ocrx_word' id='word_1_204' title='bbox 431 1827 488 1864; x_wconf 84' lang='lat' dir='ltr'><strong>ex</strong></span> <span class='ocrx_word' id='word_1_205' title='bbox 520 1814 568 1863; x_wconf 78' lang='lat' dir='ltr'><strong>vi</strong></span> <span class='ocrx_word' id='word_1_206' title='bbox 604 1813 905 1875; x_wconf 87' lang='lat' dir='ltr'><strong>sacramenti,</strong></span> <span class='ocrx_word' id='word_1_207' title='bbox 936 1813 986 1862; x_wconf 92' lang='lat' dir='ltr'><strong>et</strong></span> <span class='ocrx_word' id='word_1_208' title='bbox 1006 1810 1194 1874; x_wconf 81' lang='lat' dir='ltr'><strong>sanguis</strong></span> <span class='ocrx_word' id='word_1_209' title='bbox 1216 1823 1275 1860; x_wconf 82' lang='lat' dir='ltr'><strong>ex</strong></span> <span class='ocrx_word' id='word_1_210' title='bbox 1307 1808 1418 1858; x_wconf 86' lang='lat' dir='ltr'><strong>reali</strong></span> <span class='ocrx_word' id='word_1_211' title='bbox 1443 1823 1551 1858; x_wconf 69' lang='lat' dir='ltr'><strong>cm·-</strong></span> 
     </span>
     <span class='ocr_line' id='line_1_26' title="bbox 0 1879 1539 1949; baseline -0.003 -19"><span class='ocrx_word' id='word_1_212' title='bbox 0 1882 244 1948; x_wconf 83' lang='lat' dir='ltr'><strong>mitantia3</strong></span> <span class='ocrx_word' id='word_1_213' title='bbox 276 1886 354 1935; x_wconf 91' lang='lat' dir='ltr'><strong>sed</strong></span> <span class='ocrx_word' id='word_1_214' title='bbox 378 1885 667 1949; x_wconf 90' lang='lat' dir='ltr'><strong>postmodum</strong></span> <span class='ocrx_word' id='word_1_215' title='bbox 694 1896 778 1947; x_wconf 90' lang='lat' dir='ltr'><strong>per</strong></span> <span class='ocrx_word' id='word_1_216' title='bbox 802 1881 1190 1934; x_wconf 89' lang='lat' dir='ltr'><strong>consecrationem</strong></span> <span class='ocrx_word' id='word_1_217' title='bbox 1229 1879 1321 1930; x_wconf 89' lang='lat' dir='ltr'><strong>vini</strong></span> <span class='ocrx_word' id='word_1_218' title='bbox 1351 1879 1400 1929; x_wconf 83' lang='lat' dir='ltr'><strong>fit</strong></span> <span class='ocrx_word' id='word_1_219' title='bbox 1430 1880 1495 1929; x_wconf 80' lang='lat' dir='ltr'><strong>ihi</strong></span> <span class='ocrx_word' id='word_1_220' title='bbox 1527 1883 1539 1923; x_wconf 63' lang='lat'><strong>,‚·</strong></span> 
     </span>
     <span class='ocr_line' id='line_1_27' title="bbox 0 1953 1547 2019; baseline -0.003 -15"><span class='ocrx_word' id='word_1_221' title='bbox 0 1966 170 2006; x_wconf 78' lang='lat' dir='ltr'><strong>›nverso</strong></span> <span class='ocrx_word' id='word_1_222' title='bbox 196 1956 385 2019; x_wconf 85' lang='lat' dir='ltr'><strong>sanguis</strong></span> <span class='ocrx_word' id='word_1_223' title='bbox 412 1954 583 2005; x_wconf 86' lang='lat' dir='ltr'><strong>Christi</strong></span> <span class='ocrx_word' id='word_1_224' title='bbox 612 1969 669 2005; x_wconf 86' lang='lat' dir='ltr'><strong>ex</strong></span> <span class='ocrx_word' id='word_1_225' title='bbox 702 1954 749 2004; x_wconf 79' lang='lat' dir='ltr'><strong>vi</strong></span> <span class='ocrx_word' id='word_1_226' title='bbox 779 1953 1085 2014; x_wconf 85' lang='lat' dir='ltr'><strong>sacramenti,</strong></span> <span class='ocrx_word' id='word_1_227' title='bbox 1112 1966 1276 2017; x_wconf 87' lang='lat' dir='ltr'><strong>corpus</strong></span> <span class='ocrx_word' id='word_1_228' title='bbox 1305 1954 1455 2002; x_wconf 79' lang='lat' dir='ltr'><strong>auten]</strong></span> <span class='ocrx_word' id='word_1_229' title='bbox 1495 1967 1547 1999; x_wconf 61' lang='lat'><strong>271</strong></span> 
     </span>
     <span class='ocr_line' id='line_1_28' title="bbox 0 2022 1547 2089; baseline -0.003 -17"><span class='ocrx_word' id='word_1_230' title='bbox 0 2023 54 2072; x_wconf 86' lang='lat' dir='ltr'><strong>ali</strong></span> <span class='ocrx_word' id='word_1_231' title='bbox 84 2025 456 2076; x_wconf 85' lang='lat' dir='ltr'><strong>concomitantia.</strong></span> <span class='ocrx_word' id='word_1_232' title='bbox 485 2026 551 2075; x_wconf 90' lang='lat' dir='ltr'><strong>lta</strong></span> <span class='ocrx_word' id='word_1_233' title='bbox 587 2025 708 2089; x_wconf 78' lang='lat' dir='ltr'><strong>quod</strong></span> <span class='ocrx_word' id='word_1_234' title='bbox 749 2029 873 2077; x_wconf 88' lang='lat' dir='ltr'><strong>totus</strong></span> <span class='ocrx_word' id='word_1_235' title='bbox 904 2024 1116 2074; x_wconf 89' lang='lat' dir='ltr'><strong>Christus</strong></span> <span class='ocrx_word' id='word_1_236' title='bbox 1147 2026 1217 2075; x_wconf 90' lang='lat' dir='ltr'><strong>est</strong></span> <span class='ocrx_word' id='word_1_237' title='bbox 1251 2022 1335 2073; x_wconf 86' lang='lat' dir='ltr'><strong>sub</strong></span> <span class='ocrx_word' id='word_1_238' title='bbox 1361 2026 1547 2087; x_wconf 57' lang='lat' dir='ltr'><strong>utraqu-¹·</strong></span> 
     </span>
     <span class='ocr_line' id='line_1_29' title="bbox 0 2094 1283 2161; baseline -0.001 -17"><span class='ocrx_word' id='word_1_239' title='bbox 0 2094 113 2160; x_wconf 69' lang='lat' dir='ltr'><strong>ccie,</strong></span> <span class='ocrx_word' id='word_1_240' title='bbox 144 2096 266 2146; x_wconf 88' lang='lat' dir='ltr'><strong>sicut</strong></span> <span class='ocrx_word' id='word_1_241' title='bbox 293 2096 429 2160; x_wconf 73' lang='lat' dir='ltr'><strong>supra</strong></span> <span class='ocrx_word' id='word_1_242' title='bbox 457 2096 629 2146; x_wconf 87' lang='lat' dir='ltr'><strong>dictum</strong></span> <span class='ocrx_word' id='word_1_243' title='bbox 652 2102 722 2148; x_wconf 87' lang='lat' dir='ltr'><strong>est</strong></span> <span class='ocrx_word' id='word_1_244' title='bbox 746 2097 848 2161; x_wconf 88' lang='lat' dir='ltr'><strong>(qu.</strong></span> <span class='ocrx_word' id='word_1_245' title='bbox 867 2100 946 2159; x_wconf 85' lang='grc'><strong>76,</strong></span> <span class='ocrx_word' id='word_1_246' title='bbox 975 2099 1061 2146; x_wconf 84' lang='lat' dir='ltr'><strong>art.</strong></span> <span class='ocrx_word' id='word_1_247' title='bbox 1084 2099 1110 2143; x_wconf 85' lang='lat'><strong>1</strong></span> <span class='ocrx_word' id='word_1_248' title='bbox 1142 2098 1188 2145; x_wconf 90' lang='lat' dir='ltr'><strong>et</strong></span> <span class='ocrx_word' id='word_1_249' title='bbox 1211 2094 1283 2158; x_wconf 70' lang='lat'><strong>2).</strong></span> 
     </span>
    </p>

    <p class='ocr_par' dir='ltr' id='par_1_5' title="bbox 0 2166 1555 2575">
     <span class='ocr_line' id='line_1_30' title="bbox 10 2166 1547 2232; baseline -0.005 -15"><span class='ocrx_word' id='word_1_250' title='bbox 10 2167 76 2217; x_wconf 80' lang='lat' dir='ltr'><strong>Ad</strong></span> <span class='ocrx_word' id='word_1_251' title='bbox 107 2168 364 2219; x_wconf 88' lang='lat' dir='ltr'><strong>secundum</strong></span> <span class='ocrx_word' id='word_1_252' title='bbox 392 2166 669 2231; x_wconf 88' lang='lat' dir='ltr'><strong>dicendum,</strong></span> <span class='ocrx_word' id='word_1_253' title='bbox 698 2168 816 2232; x_wconf 79' lang='lat' dir='ltr'><strong>quod</strong></span> <span class='ocrx_word' id='word_1_254' title='bbox 844 2169 930 2217; x_wconf 88' lang='lat' dir='ltr'><strong>hoc</strong></span> <span class='ocrx_word' id='word_1_255' title='bbox 954 2168 1285 2217; x_wconf 86' lang='lat' dir='ltr'><strong>sacramentum</strong></span> <span class='ocrx_word' id='word_1_256' title='bbox 1312 2166 1384 2216; x_wconf 89' lang='lat' dir='ltr'><strong>est</strong></span> <span class='ocrx_word' id='word_1_257' title='bbox 1407 2179 1547 2213; x_wconf 75' lang='lat' dir='ltr'><strong>unum</strong></span> 
     </span>
     <span class='ocr_line' id='line_1_31' title="bbox 0 2236 1551 2303; baseline -0.002 -17"><span class='ocrx_word' id='word_1_258' title='bbox 0 2238 247 2301; x_wconf 66' lang='lat' dir='ltr'><strong>triectione,</strong></span> <span class='ocrx_word' id='word_1_259' title='bbox 266 2239 385 2289; x_wconf 87' lang='lat' dir='ltr'><strong>sicut</strong></span> <span class='ocrx_word' id='word_1_260' title='bbox 404 2238 540 2303; x_wconf 75' lang='lat' dir='ltr'><strong>supra</strong></span> <span class='ocrx_word' id='word_1_261' title='bbox 562 2238 731 2289; x_wconf 90' lang='lat' dir='ltr'><strong>dictum</strong></span> <span class='ocrx_word' id='word_1_262' title='bbox 749 2242 819 2290; x_wconf 93' lang='lat' dir='ltr'><strong>est</strong></span> <span class='ocrx_word' id='word_1_263' title='bbox 839 2242 935 2303; x_wconf 88' lang='lat' dir='ltr'><strong>(qu.</strong></span> <span class='ocrx_word' id='word_1_264' title='bbox 958 2242 1037 2298; x_wconf 78' lang='lat'><strong>73,</strong></span> <span class='ocrx_word' id='word_1_265' title='bbox 1060 2239 1146 2288; x_wconf 89' lang='lat' dir='ltr'><strong>art.</strong></span> <span class='ocrx_word' id='word_1_266' title='bbox 1174 2238 1244 2300; x_wconf 81' lang='lat'><strong>1),</strong></span> <span class='ocrx_word' id='word_1_267' title='bbox 1261 2236 1310 2285; x_wconf 92' lang='lat' dir='ltr'><strong>in</strong></span> <span class='ocrx_word' id='word_1_268' title='bbox 1329 2243 1551 2299; x_wconf 75' lang='lat' dir='ltr'><strong>quantum</strong></span> 
     </span>
     <span class='ocr_line' id='line_1_32' title="bbox 0 2307 1551 2372; baseline -0.003 -17"><span class='ocrx_word' id='word_1_269' title='bbox 0 2307 121 2361; x_wconf 79' lang='lat' dir='ltr'><strong>:ilicet</strong></span> <span class='ocrx_word' id='word_1_270' title='bbox 147 2309 444 2361; x_wconf 87' lang='lat' dir='ltr'><strong>constituitur</strong></span> <span class='ocrx_word' id='word_1_271' title='bbox 470 2323 528 2359; x_wconf 87' lang='lat' dir='ltr'><strong>ex</strong></span> <span class='ocrx_word' id='word_1_272' title='bbox 551 2310 754 2372; x_wconf 78' lang='lat' dir='ltr'><strong>duobuS,</strong></span> <span class='ocrx_word' id='word_1_273' title='bbox 790 2310 966 2360; x_wconf 87' lang='lat' dir='ltr'><strong>scilicet</strong></span> <span class='ocrx_word' id='word_1_274' title='bbox 992 2308 1094 2359; x_wconf 89' lang='lat' dir='ltr'><strong>cibo</strong></span> <span class='ocrx_word' id='word_1_275' title='bbox 1123 2311 1168 2358; x_wconf 90' lang='lat' dir='ltr'><strong>et</strong></span> <span class='ocrx_word' id='word_1_276' title='bbox 1195 2310 1335 2371; x_wconf 86' lang='lat' dir='ltr'><strong>potu,</strong></span> <span class='ocrx_word' id='word_1_277' title='bbox 1360 2318 1551 2370; x_wconf 75' lang='lat' dir='ltr'><strong>quorum</strong></span> 
     </span>
     <span class='ocr_line' id='line_1_33' title="bbox 0 2377 1555 2447; baseline -0.004 -18"><span class='ocrx_word' id='word_1_278' title='bbox 0 2392 191 2445; x_wconf 82' lang='lat' dir='ltr'><strong>rumque</strong></span> <span class='ocrx_word' id='word_1_279' title='bbox 221 2394 306 2445; x_wconf 86' lang='lat' dir='ltr'><strong>per</strong></span> <span class='ocrx_word' id='word_1_280' title='bbox 333 2394 381 2431; x_wconf 92' lang='lat' dir='ltr'><strong>se</strong></span> <span class='ocrx_word' id='word_1_281' title='bbox 407 2381 551 2431; x_wconf 88' lang='lat' dir='ltr'><strong>habet</strong></span> <span class='ocrx_word' id='word_1_282' title='bbox 588 2394 716 2431; x_wconf 90' lang='lat' dir='ltr'><strong>suam</strong></span> <span class='ocrx_word' id='word_1_283' title='bbox 743 2380 1108 2447; x_wconf 81' lang='lat' dir='ltr'><strong>perfectionem;</strong></span> <span class='ocrx_word' id='word_1_284' title='bbox 1140 2379 1219 2429; x_wconf 90' lang='lat' dir='ltr'><strong>sed</strong></span> <span class='ocrx_word' id='word_1_285' title='bbox 1249 2381 1338 2428; x_wconf 89' lang='lat' dir='ltr'><strong>tres</strong></span> <span class='ocrx_word' id='word_1_286' title='bbox 1362 2377 1555 2427; x_wconf 66' lang='lat' dir='ltr'><strong>immm-</strong></span> 
     </span>
     <span class='ocr_line' id='line_1_34' title="bbox 0 2450 1555 2516; baseline -0.004 -15"><span class='ocrx_word' id='word_1_287' title='bbox 0 2461 102 2503; x_wconf 85' lang='lat' dir='ltr'><strong>ones</strong></span> <span class='ocrx_word' id='word_1_288' title='bbox 126 2451 349 2516; x_wconf 88' lang='lat' dir='ltr'><strong>baptismi</strong></span> <span class='ocrx_word' id='word_1_289' title='bbox 388 2452 657 2502; x_wconf 87' lang='lat' dir='ltr'><strong>ordinantur</strong></span> <span class='ocrx_word' id='word_1_290' title='bbox 684 2453 739 2503; x_wconf 89' lang='lat' dir='ltr'><strong>ad</strong></span> <span class='ocrx_word' id='word_1_291' title='bbox 764 2466 907 2503; x_wconf 88' lang='lat' dir='ltr'><strong>unum</strong></span> <span class='ocrx_word' id='word_1_292' title='bbox 951 2450 1202 2516; x_wconf 87' lang='lat' dir='ltr'><strong>simplicem</strong></span> <span class='ocrx_word' id='word_1_293' title='bbox 1230 2450 1467 2500; x_wconf 80' lang='lat' dir='ltr'><strong>effectum.</strong></span> <span class='ocrx_word' id='word_1_294' title='bbox 1503 2451 1555 2495; x_wconf 76' lang='grc'><strong>]·“,·.</strong></span> 
     </span>
     <span class='ocr_line' id='line_1_35' title="bbox 2 2523 471 2575; baseline 0.004 -6"><span class='ocrx_word' id='word_1_295' title='bbox 2 2532 52 2571; x_wconf 88' lang='lat' dir='ltr'><strong>eo</strong></span> <span class='ocrx_word' id='word_1_296' title='bbox 78 2537 175 2575; x_wconf 90' lang='lat' dir='ltr'><strong>non</strong></span> <span class='ocrx_word' id='word_1_297' title='bbox 203 2527 276 2574; x_wconf 92' lang='lat' dir='ltr'><strong>est</strong></span> <span class='ocrx_word' id='word_1_298' title='bbox 303 2523 471 2573; x_wconf 84' lang='lat' dir='ltr'><strong>simile.</strong></span> 
     </span>
    </p>

    <p class='ocr_par' dir='ltr' id='par_1_6' title="bbox 0 2589 1559 2859">
     <span class='ocr_line' id='line_1_36' title="bbox 12 2589 1555 2659; baseline -0.006 -16"><span class='ocrx_word' id='word_1_299' title='bbox 12 2595 77 2645; x_wconf 78' lang='lat' dir='ltr'><strong>Ad</strong></span> <span class='ocrx_word' id='word_1_300' title='bbox 91 2594 277 2645; x_wconf 88' lang='lat' dir='ltr'><strong>tertium</strong></span> <span class='ocrx_word' id='word_1_301' title='bbox 301 2594 696 2659; x_wconf 80' lang='lat' dir='ltr'><strong>dicendum‚quod</strong></span> <span class='ocrx_word' id='word_1_302' title='bbox 724 2596 903 2646; x_wconf 84' lang='lat' dir='ltr'><strong>diversa</strong></span> <span class='ocrx_word' id='word_1_303' title='bbox 924 2594 1064 2644; x_wconf 83' lang='lat' dir='ltr'><strong>verba</strong></span> <span class='ocrx_word' id='word_1_304' title='bbox 1081 2606 1182 2657; x_wconf 82' lang='lat' dir='ltr'><strong>quae</strong></span> <span class='ocrx_word' id='word_1_305' title='bbox 1206 2591 1385 2642; x_wconf 87' lang='lat' dir='ltr'><strong>suntin</strong></span> <span class='ocrx_word' id='word_1_306' title='bbox 1408 2589 1555 2639; x_wconf 58' lang='lat' dir='ltr'><strong>forma</strong></span> 
     </span>
     <span class='ocr_line' id='line_1_37' title="bbox 0 2659 1555 2729; baseline -0.005 -17"><span class='ocrx_word' id='word_1_307' title='bbox 0 2664 304 2715; x_wconf 62' lang='lat' dir='ltr'><strong>insectationis</strong></span> <span class='ocrx_word' id='word_1_308' title='bbox 340 2666 501 2729; x_wconf 83' lang='lat' dir='ltr'><strong>panis,</strong></span> <span class='ocrx_word' id='word_1_309' title='bbox 526 2666 812 2717; x_wconf 87' lang='lat' dir='ltr'><strong>constituunt</strong></span> <span class='ocrx_word' id='word_1_310' title='bbox 839 2664 1080 2715; x_wconf 83' lang='lat' dir='ltr'><strong>veritatem</strong></span> <span class='ocrx_word' id='word_1_311' title='bbox 1119 2663 1258 2713; x_wconf 88' lang='lat' dir='ltr'><strong>unius</strong></span> <span class='ocrx_word' id='word_1_312' title='bbox 1293 2659 1555 2715; x_wconf 55' lang='lat' dir='ltr'><strong>locutionis„</strong></span> 
     </span>
     <span class='ocr_line' id='line_1_38' title="bbox 0 2731 1559 2792; baseline -0.004 -9"><span class='ocrx_word' id='word_1_313' title='bbox 0 2744 41 2783; x_wconf 81' lang='lat' dir='ltr'><strong>&gt;n</strong></span> <span class='ocrx_word' id='word_1_314' title='bbox 67 2739 222 2791; x_wconf 82' lang='lat' dir='ltr'><strong>autem</strong></span> <span class='ocrx_word' id='word_1_315' title='bbox 258 2736 398 2788; x_wconf 81' lang='lat' dir='ltr'><strong>verba</strong></span> <span class='ocrx_word' id='word_1_316' title='bbox 422 2735 706 2792; x_wconf 86' lang='lat' dir='ltr'><strong>diversarum</strong></span> <span class='ocrx_word' id='word_1_317' title='bbox 732 2734 999 2789; x_wconf 78' lang='lat' dir='ltr'><strong>formarum.</strong></span> <span class='ocrx_word' id='word_1_318' title='bbox 1028 2735 1086 2787; x_wconf 90' lang='lat' dir='ltr'><strong>Et</strong></span> <span class='ocrx_word' id='word_1_319' title='bbox 1111 2734 1214 2787; x_wconf 86' lang='lat' dir='ltr'><strong>ideo</strong></span> <span class='ocrx_word' id='word_1_320' title='bbox 1255 2745 1349 2784; x_wconf 89' lang='lat' dir='ltr'><strong>non</strong></span> <span class='ocrx_word' id='word_1_321' title='bbox 1387 2735 1459 2781; x_wconf 84' lang='lat' dir='ltr'><strong>est</strong></span> <span class='ocrx_word' id='word_1_322' title='bbox 1487 2731 1559 2779; x_wconf 63' lang='lat' dir='ltr'><strong>si-</strong></span> 
     </span>
     <span class='ocr_line' id='line_1_39' title="bbox 0 2804 79 2859; baseline 0.076 -6"><span class='ocrx_word' id='word_1_323' title='bbox 0 2804 79 2859; x_wconf 62' lang='lat' dir='ltr'><strong>tile.</strong></span> 
     </span>
    </p>
   </div>
   <div class='ocr_carea' id='block_1_4' title="bbox 1735 2855 1775 2959">
    <p class='ocr_par' dir='ltr' id='par_1_7' title="bbox 1735 2855 1775 2959">
     <span class='ocr_line' id='line_1_40' title="bbox 1735 2855 1775 2959; textangle 90"><span class='ocrx_word' id='word_1_324' title='bbox 1735 2855 1775 2959; x_wconf 51' lang='lat' dir='ltr'><strong>a.-.</strong></span> 
     </span>
    </p>
   </div>
   <div class='ocr_carea' id='block_1_5' title="bbox 1736 18 1942 274">
    <p class='ocr_par' dir='ltr' id='par_1_8' title="bbox 1736 18 1942 274">
     <span class='ocr_line' id='line_1_41' title="bbox 1736 18 1942 274; baseline 0 3010"><span class='ocrx_word' id='word_1_325' title='bbox 1736 18 1942 274; x_wconf 95' lang='lat' dir='ltr'><strong> </strong></span> 
     </span>
    </p>
   </div>
   <div class='ocr_carea' id='block_1_6' title="bbox 1791 2869 1852 2999">
    <p class='ocr_par' dir='ltr' id='par_1_9' title="bbox 1791 2869 1852 2999">
     <span class='ocr_line' id='line_1_42' title="bbox 1792 2869 1844 2928; baseline 0 0"><span class='ocrx_word' id='word_1_326' title='bbox 1792 2869 1844 2928; x_wconf 65' lang='lat' dir='ltr'><strong>t.</strong></span> 
     </span>
     <span class='ocr_line' id='line_1_43' title="bbox 1791 2940 1852 2999; baseline 0.131 -8"><span class='ocrx_word' id='word_1_327' title='bbox 1791 2940 1852 2999; x_wconf 45' lang='lat' dir='ltr'><strong>a</strong></span> 
     </span>
    </p>
   </div>
  </div>
 </body>
</html>
