1942 3284
202 149 234 187 BR
248 149 368 188 vinnuttttt
384 149 577 188 REGUPEBATIORB
591 151 636 188 PER
651 149 832 194 monimum.
866 156 912 204 3ᾅο

108 223 190 276 divini
202 221 285 289 gradis
296 235 343 276 non
358 224 506 288 custodiunt,
520 226 619 276 contenti
632 226 688 277 iant
696 227 797 280 animam
805 231 911 296 salvare,

109 296 203 346 reverti
215 295 276 346 enim
289 295 314 345 in
326 294 445 360 pristinum
462 297 556 359 gratnm
565 295 659 348 ditione
671 301 716 349 est.
728 314 743 347 a
758 300 787 350 st
796 302 910 354 innoeen-

111 366 163 416 tius
176 367 239 428 Papa
250 365 319 427 dicit,
331 363 392 430 quiri
407 365 488 429 aapmi
500 366 598 415 Nicaam
610 366 729 418 eonstitnti
739 381 848 433 canones,
860 385 911 435 prn-

80 463 86 496 ι,
111 437 219 486 nitentes
231 435 298 486 etiam
313 435 341 485 ab
353 434 437 488 intimis
448 435 530 486 ottieiis
537 435 669 486 elericorum
681 440 813 491 excludant.
831 456 846 488 o
859 443 910 494 Non

111 519 171 572 ergo
188 519 231 570 per
243 506 399 572 paenitentiam
412 508 481 558 nomo
493 510 613 570 recuperat
627 507 747 570 pristinam
765 511 908 574 dignitatem.

81 576 86 644 ί
148 581 174 626 3.
188 577 308 640 Praeterea,
321 580 374 628 anta
389 579 507 640 pematum
517 579 594 640 potest
605 577 725 641 atiqnisad
737 581 844 644 majorem
858 597 911 646 gra·

112 648 172 698 dnm
191 647 329 711 ascendere,
350 661 396 700 non
414 651 491 698 antam
511 648 558 697 hoe
574 650 628 710 post
646 653 763 713 pematnrn
778 654 911 703 oonoeaitar

111 719 252 784 poenitenti3
267 717 347 769 dieitur
363 717 424 769 anim
436 719 538 777 Eteri„
550 718 618 768 xmv
637 733 644 769 ε
659 719 769 772 «Levita
785 723 825 784 apri
835 735 910 775 reaes-

111 794 195 840 serunt
209 789 283 853 ime,
297 802 412 853 nunqnam
426 789 639 854 appropinquabant
656 791 731 854 mihi,
745 796 773 842 nt
784 795 910 844 sacedotio

110 861 249 924 iungantur.
260 877 275 908 o
288 862 317 911 Et
332 861 392 911 sicut
405 859 501 910 habetur
517 859 542 908 in
555 860 677 916 Μαντὼ,
686 861 740 912 dist.
749 863 780 923 L,
792 863 818 912 in
830 863 909 914 Hilar-

112 933 182 983 densi
194 932 294 984 Concilio
306 932 389 996 legitor
405 946 411 980 :
427 931 479 981 «Hi
493 931 534 994 qni
547 935 628 982 saneto
646 932 714 982 altari
726 933 873 998 deserviunt,
887 937 909 985 si

111 1003 192 1056 subito
203 1003 228 1055 in
241 1004 332 1054 fluenda
344 1003 418 1054 earnis
433 1001 554 1066 fragititate
562 1001 702 1066 annuerint,
715 1007 739 1053 et
750 1003 846 1056 Domino
856 1019 908 1057 res·

111 1074 212 1140 piciente
227 1075 294 1138 digni
307 1075 469 1140 poenituarint,
484 1073 611 1143 officioram
626 1085 718 1124 snorum
738 1074 774 1125 sie
787 1075 838 1125 laea
850 1079 908 1127 reci·

110 1147 195 1211 piant,
210 1159 239 1196 ne
251 1145 340 1210 possint
352 1145 380 1196 ad
394 1143 473 1194 altiora
486 1143 562 1194 oitioia
574 1143 670 1194 altariis
682 1146 844 1208 promoveri.»
856 1147 908 1198 Non

111 1229 168 1280 ergo
179 1215 312 1281 paenitentia
330 1214 429 1266 restitnit
437 1214 553 1264 hominem
566 1214 590 1264 in
600 1213 720 1278 pristinam
730 1215 874 1278 dignitatem.

145 1288 191 1338 Sed
206 1289 283 1339 contra
292 1290 341 1348 est,
355 1286 414 1348 qnod
424 1285 484 1335 sicut
496 1285 521 1334 in
530 1286 609 1336 eadem
623 1285 676 1335 dist.
686 1287 747 1350 (cap.
761 1287 828 1348 Quia
837 1301 907 1336 enoc·

113 1360 206 1420 titas),
221 1357 303 1421 legitur
324 1355 444 1420 Gregorius
466 1355 566 1406 sarriens
581 1355 710 1406 Somndino
724 1357 780 1406 dicit
794 1371 802 1406 ι
817 1374 832 1405 α
851 1357 908 1408 Post

111 1428 206 1492 dignam
217 1427 389 1479 satisfactionem
397 1426 509 1476 oredimus
517 1425 632 1476 hominem
643 1438 711 1490 posse
722 1428 905 1479 opinaremur

111 1503 232 1552 honorem.
249 1496 457 1549 »Erinomam
475 1496 598 1559 Agathonsi
617 1497 688 1560 (cap.
714 1499 876 1548 contumaces
886 1503 903 1558 t.

110 1571 195 1637 legitur
206 1587 212 1620 :
224 1571 396 1622 «contumaces
405 1568 493 1631 alarici,
501 1571 569 1632 prout
578 1566 695 1629 dignitatis
703 1569 758 1618 orto
767 1571 905 1633 permiserit,

112 1645 142 1696 ab
158 1643 270 1709 episcopis
281 1641 428 1705 corrigantnn
436 1639 469 1689 ita
477 1643 504 1689 nt
514 1638 567 1689 cirm
577 1649 617 1689 eos
626 1639 761 1702 popitanae
771 1641 904 1705 eorrexerit,

112 1715 208 1780 gradum
218 1727 284 1764 snum
297 1711 474 1777 dignitatemque
484 1709 629 1772 recipiant.»

146 1786 308 1850 (concnnsro.
323 1809 354 1822 ·-
366 1783 449 1834 Potest
459 1783 528 1832 homo
547 1793 587 1844 per
599 1777 758 1843 penitentiam
776 1781 805 1830 ao
821 1781 905 1844 princi·

111 1857 187 1922 palem
201 1853 351 1920 dignitatem,
365 1865 432 1918 qaam
452 1851 568 1916 pensando
582 1849 673 1910 amisit,
695 1853 722 1899 at
743 1850 784 1900 liei
800 1851 906 1902 videficet

112 1928 173 1978 tilius
185 1929 261 1990 esset,
279 1924 367 1988 redire3
384 1920 537 1973 innocentiam
557 1924 633 1970 antem
652 1918 758 1970 amissam
769 1933 904 1985 recuperare

112 2013 160 2052 non
175 1999 267 2062 potest3
279 1991 454 2046 ecelesiasticam
469 1991 524 2043 vero
539 1991 670 2055 dignitatern
686 1994 792 2054 pensator
804 2005 905 2056 recopo-

112 2081 162 2120 rare
175 2067 320 2132 prohibetur,
333 2065 371 2116 rel
383 2061 436 2127 qaia
453 2075 506 2113 enm
523 2074 571 2112 non
586 2060 696 2125 proritat,
710 2061 748 2111 rei
761 2062 904 2126 negligenter

112 2138 269 2208 peonitentiam
282 2135 352 2197 iacit,
365 2134 403 2186 vat
412 2137 505 2199 propter
517 2132 704 2195 imessnlaritatenr
717 2144 760 2182 san
772 2134 903 2184 seandaiam

113 2210 226 2270 pommissi
241 2205 363 2270 oriminis.)

144 2282 278 2345 respondeo
291 2277 424 2341 dicendum,
440 2277 501 2342 qaod
512 2277 581 2327 homo
597 2286 639 2339 per
652 2279 769 2337 poemiam
789 2275 904 2340 duplicem

112 2352 244 2418 dignitatem
263 2347 347 2401 amittit
364 2363 371 2397 ε
391 2359 459 2396 unam
476 2350 585 2408 quantam
604 2345 633 2394 ad
658 2345 903 2407 normanniam

113 2428 222 2488 qnantum
236 2421 264 2472 ad
276 2417 407 2471 Ecclesiam.
418 2418 531 2476 Quantam
549 2418 625 2466 antem
637 2416 666 2465 ad
677 2416 748 2466 naum
764 2415 847 2466 amittit
857 2417 904 2467 do-

114 2495 195 2560 pticem
213 2490 346 2555 dignitatem
364 2504 370 2539 ι
385 2499 452 2537 unam
469 2486 633 2551 principalem,
649 2497 695 2549 qna
707 2485 796 2536 sciiiret
809 2498 903 2550 rampu-

113 2569 172 2618 tatns
187 2567 237 2614 erat
247 2561 306 2613 inter
315 2560 374 2611 iiiios
390 2557 600 2622 Deipergratiano3
617 2559 641 2606 et
653 2556 712 2606 trane
722 2555 855 2618 dignitatern
867 2569 904 2605 re·

112 2639 206 2700 caperat
218 2645 260 2698 per
270 2629 442 2698 poenitentiam,
453 2629 513 2692 qnod
526 2627 665 2690 significatur
679 2627 749 2684 Lam,
758 2625 807 2687 XV,
821 2624 904 2676 initio

112 2706 218 2771 prodigo,
233 2701 270 2754 eni
283 2699 406 2767 poenitenti
419 2703 484 2764 pater
497 2697 567 2762 iussit
579 2696 667 2748 restitui
681 2711 695 2743 a
712 2696 793 2746 stolam
806 2695 902 2758 primam

66 2814 71 2820 -
113 2783 136 2828 et
149 2775 257 2825 annulum
272 2778 296 2825 et
308 2773 469 2822 cassamenta.
484 2785 498 2816 o
514 2768 587 2818 Aliam
598 2767 654 2818 raro
666 2766 799 2829 dignitatem
819 2766 904 2815 amittit

115 2845 277 2910 secundariam,
285 2843 370 2898 scilicet
378 2841 541 2903 innooentiam,
549 2834 800 2904 deprapiaatibidero
810 2835 903 2900 tegitur)
962 2902 963 2905 Ἴ
