1942 3284
261 140 291 176 DE
306 140 438 184 Quonrtanss
452 140 651 179 SATISFACTIOMS.
807 145 848 189 681

349 320 562 381 contempsit.
635 346 639 354 x

97 451 190 497 Utrdrm
199 462 271 507 opero
280 452 348 495 rutro
357 450 497 557 dicacitatum
503 453 580 507 sucta,
590 453 640 497 m'rrt
650 454 754 510 alicujus
764 454 817 498 dorni

389 526 448 557 urere
459 525 520 557 orca.

84 644 124 695 td
142 650 249 707 qnantum
263 642 298 693 oio
310 641 448 707 proceditur.
466 642 559 694 vidctur
570 638 631 705 qnod
643 657 713 708 opera
723 648 786 697 extra
795 646 851 696 otra-

46 716 149 766 ritatcm
166 713 228 765 iacta
242 711 288 764 sint
300 712 398 777 alicujna
409 712 464 765 boni
477 712 606 774 meritoria,
618 714 699 765 saitem
711 715 848 779 temporalis.

47 786 115 848 Quia
128 784 189 837 siout
198 796 223 838 oo
234 784 303 835 habot
314 796 382 848 prona
392 785 421 835 ad
434 783 519 835 madum
531 788 623 847 amum,
638 785 671 836 ita
680 799 705 836 oo
715 788 785 838 habet
794 800 852 851 prm-

48 858 129 907 mium
138 856 168 908 ad
177 856 270 907 bonurn.
278 855 323 906 Sed
333 855 419 905 nulium
429 854 603 905 malnmiaotum
617 856 676 917 apud
685 857 757 907 doum
764 858 852 921 iustum

45 929 159 994 judicum
170 930 205 977 est
217 926 363 991 impunitum.
376 927 436 991 Ergo
446 938 490 977 noc
502 926 591 989 aliquod
603 925 687 977 bonum
697 927 851 979 irremunera-

48 1004 114 1060 tum,
126 1002 152 1049 ot
161 998 195 1049 sio
207 1009 248 1061 per
260 996 315 1047 iliud
327 998 410 1049 bonum
423 995 508 1060 aliquid
518 1000 625 1048 moretur.

85 1074 112 1119 2.
130 1069 258 1131 Pratoma,
271 1080 359 1118 merces
381 1080 427 1119 non
443 1067 509 1117 datur
522 1066 568 1117 nisi
580 1067 670 1118 morito.
682 1066 726 1117 Sed
744 1068 851 1131 operitur

51 1144 122 1193 extra
138 1139 269 1191 charitatem
283 1138 350 1189 tactis
367 1150 454 1189 marcas
467 1139 534 1189 datur
549 1150 557 1187 r
573 1138 634 1188 unda
651 1136 734 1188 dicitnr
748 1138 851 1195 ddunt,

52 1212 96 1271 vi,
109 1210 139 1262 do
156 1209 202 1261 irtio
213 1210 352 1275 quipropter
364 1208 458 1273 gloriam
470 1209 593 1258 humanam
602 1220 671 1272 opera
683 1208 742 1258 oona
752 1207 851 1271 faciunt,

53 1281 118 1344 quod
129 1296 144 1333 a
156 1285 288 1344 receperunt
301 1280 541 1331 mammendorp.»
554 1279 614 1341 Ergo
627 1291 697 1344 opora
708 1278 748 1329 illa
760 1279 853 1329 fuerunt

53 1350 155 1415 aiicujus
167 1350 224 1411 boni,
234 1350 357 1402 meritoria.

88 1426 113 1471 3.
128 1422 248 1483 proterea,
258 1420 303 1473 duo
318 1421 442 1471 existentes
454 1420 479 1470 in
488 1424 590 1483 peccato,
600 1432 695 1482 quornm
704 1433 765 1470 unus
782 1418 852 1469 muita

54 1494 119 1543 bona
130 1490 186 1541 iacit
197 1504 227 1541 ox
239 1502 322 1555 gencro
334 1494 358 1541 ot
371 1490 549 1552 circumstantia,
563 1488 623 1539 atino
631 1493 708 1540 antem
717 1488 795 1551 nulia,
805 1503 851 1540 noo
897 1511 899 1517 v

55 1561 175 1626 aepmtttor
191 1559 317 1626 propinquo
329 1572 355 1610 oo
374 1558 460 1609 habent
479 1560 509 1609 ad
520 1559 676 1623 recipiendum
689 1560 749 1609 oona
760 1560 774 1610 d
785 1560 850 1622 θοις

57 1634 116 1685 adita
134 1644 181 1685 aon
197 1635 257 1685 essct
273 1631 296 1683 ai
313 1628 477 1681 consulendum
492 1632 520 1679 ut
537 1630 621 1692 aliquid
634 1628 688 1680 boni
706 1630 796 1680 iaceret.
808 1631 852 1681 sod

58 1704 99 1767 nni
113 1703 185 1767 magio
201 1703 367 1769 appropinquat
380 1700 445 1763 Deo,
464 1700 537 1762 magis
551 1700 580 1750 do
599 1700 666 1750 honis
683 1702 734 1763 ejns
746 1701 850 1764 percipit.

58 1776 119 1838 tingo
135 1773 179 1825 iste
194 1786 234 1837 por
247 1784 316 1838 opera
326 1774 385 1823 oona
396 1784 447 1835 qua
460 1770 529 1832 tacit,
543 1770 629 1835 aliquid
645 1770 699 1821 boni
714 1770 728 1820 a
743 1772 790 1821 deo
803 1782 851 1820 me-

58 1852 131 1897 retur.
892 1844 896 1852 '

90 1916 138 1967 Sed
150 1919 228 1967 contra
240 1918 284 1976 cot,
297 1920 356 1979 quod
373 1912 583 1981 dungnotinusdioit,
593 1910 656 1975 pudd
668 1914 797 1975 «peccator
806 1924 853 1963 non

59 1993 96 2041 ost
104 1986 184 2050 dignus
192 1998 308 2054 panoqno
318 1984 425 2037 uescitur.
434 2001 449 2032 u
464 1985 524 2048 Ergo
536 1997 583 2036 non
593 1986 668 2047 potest
680 1982 768 2046 aliquid
780 1982 795 2034 a
805 1984 853 2037 lico

60 2070 151 2111 merom.
570 2101 572 2103 .

93 2130 216 2191 Prummu,
224 2126 265 2192 qni
274 2125 332 2177 nihil
342 2136 392 2188 osc,
402 2138 449 2177 uon
456 2129 530 2190 potcst
541 2124 626 2188 aliquid
641 2124 732 2175 mereri.
744 2125 788 2175 sod
799 2137 854 2187 poc·

62 2203 123 2250 caton
137 2196 189 2248 cium
204 2210 252 2250 non
269 2196 351 2248 moeno
365 2195 512 2257 charitatem,
529 2196 587 2245 nihii
602 2199 637 2245 est
660 2193 784 2244 secundinum
802 2208 854 2243 core

63 2268 192 2335 spirituale,
204 2272 232 2319 ut
240 2271 303 2333 parat
315 2267 333 2317 1.
352 2266 546 2319 Corinthumn.
557 2267 616 2329 Ergo
625 2278 671 2316 nou
681 2268 756 2328 potost
767 2264 853 2329 adquid

63 2352 151 2393 mcrrrr.
327 2355 331 2366 ¹

96 2410 285 2473 (condunato-
295 2407 352 2459 Cim
365 2407 442 2458 omnia
454 2410 501 2456 tarn
509 2404 643 2470 temporalia
654 2404 722 2468 quim
731 2408 853 2457 aternaox

63 2480 138 2533 diuina
146 2479 280 2531 iiberalitate
292 2478 357 2530 nohis
370 2480 567 2541 donentur‚opera
579 2476 638 2527 bona
648 2480 712 2525 extra
723 2474 853 2526 charitatem

64 2554 138 2613 dama,
151 2564 178 2601 ox
190 2550 311 2613 condigno,
325 2548 409 2599 nullius
422 2548 477 2599 boni
491 2546 605 2598 meritoria
625 2550 693 2608 sunt,
709 2557 738 2596 ox
753 2556 852 2606 congruo

64 2623 117 2675 rard
132 2622 227 2685 aiicujus
242 2621 356 2674 meritoria
368 2620 413 2671 dici
422 2617 542 2685 possunt.)

93 2692 227 2757 despondeo
244 2692 377 2752 dicendum,
391 2690 452 2756 qnod
466 2691 589 2740 meritum
600 2686 691 2753 proprio
703 2683 853 2735 dioitmactio
955 2675 957 2680 ’

63 2778 106 2831 qua
116 2762 219 2822 officitur,
230 2766 258 2812 ut
270 2762 304 2824 ei,
315 2762 354 2825 qui
367 2760 422 2825 agit,
439 2759 470 2811 sit
478 2760 563 2823 justum
575 2758 660 2821 aliquid
669 2756 727 2807 dari.
740 2755 786 2806 Sed
793 2756 854 2819 juo·

65 2837 125 2888 titio
140 2831 256 2898 dupliciter
267 2832 349 2883 dicitnr
365 2847 371 2881 ι
387 2844 433 2882 uno
444 2831 511 2881 modo
521 2828 626 2894 proprio,
640 2840 690 2893 quo
701 2826 788 2877 scilicet
802 2836 851 2876 ros·
