1942 3284
265 216 296 253 on
308 218 444 262 contuntur
457 218 635 258 cononeeroros.
800 218 844 264 oti

29 288 92 341 tium
109 291 144 342 nd
157 292 215 353 troc,
228 291 311 343 dicitur
326 292 388 357 qnod
401 294 483 344 deleat
500 306 551 345 esne
566 294 667 359 Melie,
681 294 707 346 io
721 298 759 345 eat
776 308 846 358 aera;

31 360 168 425 secundo,
180 374 222 426 per
239 363 397 415 obscuritatem
417 365 554 428 uerborum,
566 370 591 417 et
607 369 685 417 eontra
704 366 750 417 troc
765 365 847 417 dicitnr

32 431 140 488 nuda,
158 434 186 482 ut
203 445 250 484 non
270 434 372 484 involvat
387 434 545 487 obscuritatem
558 437 695 501 uerborum,
710 436 790 499 tertii,
805 450 848 502 per

31 502 172 553 uerborum
187 503 411 568 multiplicationem,
422 508 446 556 et
458 509 549 570 proptor
561 507 606 558 hoc
622 507 707 558 dicitnr
717 506 845 571 simplex,

33 577 64 621 ut
75 571 173 623 scilicet
185 587 232 625 non
240 574 320 625 recitet
331 574 356 623 in
370 574 520 637 confessione,
529 576 576 627 nini
586 578 647 641 quod
656 578 686 627 ad
698 576 847 641 quantitatem

32 644 139 707 peccati
160 644 273 709 pertinet;
289 638 367 709 inurit
383 658 427 711 per
446 647 634 710 subtractionem,
649 651 677 699 ut
699 648 786 699 rciioet
799 661 847 700 non

33 714 196 765 subtrahatm
205 714 288 780 aliquid
301 716 330 767 de
347 716 384 767 hia
399 730 451 781 qne
464 718 631 769 maniteetanda
642 724 697 770 aunt
712 722 755 769 :et
767 722 846 771 contra

34 785 108 845 hoc,
124 782 210 835 dicitnr
226 788 335 851 tolepro.
349 786 478 837 Secundim
499 791 575 839 antem
593 788 655 853 quoi
678 789 794 841 oonteesio
810 792 847 841 eet

35 868 99 921 pars
117 856 269 921 sacramenti,
281 855 315 907 sio
335 857 452 908 concernit
469 858 582 923 judicium
599 860 747 923 Sacerdotis,
761 860 800 925 qui
810 864 847 911 ent

37 925 158 976 minister
168 927 319 977 sacramenti:
330 928 390 979 unde
402 928 560 994 oportetqnoo
568 928 599 979 ait
611 926 730 993 occtpnne'
743 943 773 981 ex
782 934 846 995 parte

38 996 195 1062 conitentis3
209 1013 299 1062 parere
315 1001 423 1063 porotn,
437 1012 478 1064 per
492 1000 683 1066 comparationem
696 1001 724 1050 ad
739 1000 846 1053 Suoerdo·
897 1065 900 1070 .

38 1071 108 1132 tem;
123 1071 229 1125 secreta,
238 1067 347 1132 qnantum
357 1070 385 1119 ad
394 1070 545 1121 conditionem
556 1069 610 1132 tori,
616 1069 644 1120 in
655 1083 701 1133 quo
714 1070 742 1119 ie
751 1070 846 1121 omnltic

40 1138 197 1189 conscientie
210 1139 291 1201 agitur.
300 1139 344 1189 Sed
357 1139 452 1191 (lobene
463 1152 515 1191 esne
527 1139 679 1191 contencionia
691 1143 729 1191 eat
743 1140 805 1202 quoi
816 1141 847 1191 sit

41 1211 180 1274 frequens,
189 1208 474 1273 etqooicitoccelerato,
483 1212 511 1260 nt
521 1209 693 1261 ncilioetotatim
702 1210 845 1262 confiteatur.

78 1280 116 1331 tn
130 1278 230 1343 primum
240 1292 294 1344 ergo
304 1278 433 1343 dicendum,
442 1279 504 1345 quon
512 1293 559 1332 non
568 1285 604 1331 est
615 1278 847 1343 inconveniens-qnod

45 1348 155 1403 conditio
167 1349 235 1401 unius
249 1350 341 1401 uirtutis
355 1350 379 1400 in
392 1356 445 1401 actu
459 1351 552 1402 alteriue
564 1352 654 1402 uirtutis
666 1350 796 1402 inveniatur
807 1349 847 1414 qni

46 1422 79 1473 ab
92 1420 146 1485 ipat
158 1420 282 1485 imperatur
296 1435 303 1470 ι
317 1422 356 1472 vol
368 1422 422 1485 qnia
437 1422 537 1472 medinm
552 1422 614 1485 qnoo
625 1426 664 1473 eet
676 1422 746 1472 anina
757 1420 847 1472 virtutis

46 1490 219 1557 principaliter,
231 1490 301 1543 noan
320 1492 370 1543 alin
382 1491 478 1543 virtutes
489 1503 531 1556 per
547 1491 744 1556 participationem
752 1492 845 1543 hibent.

84 1561 120 1611 ni
133 1562 256 1613 omniun
265 1562 399 1624 dicendum,
408 1561 469 1626 quon
486 1563 536 1613 hac
547 1560 660 1625 conditio,
673 1574 759 1625 pora,
771 1561 848 1613 inten-

49 1629 125 1683 tionis
144 1632 246 1683 excludit
265 1633 451 1697 perversitatem,
470 1631 483 1682 i
502 1645 548 1697 qna
568 1634 638 1683 nomo
655 1631 789 1695 mundatum
806 1631 866 1701 nai,

34 1692 37 1707 ³
49 1700 184 1767 simplem,
192 1702 260 1754 alieni
275 1703 437 1755 nimmtionem
446 1703 555 1753 excludi.

86 1774 122 1823 no
139 1773 231 1825 omnm
251 1772 457 1838 incolumemin
474 1775 520 1825 troc
540 1785 588 1824 non
606 1775 643 1824 ent
664 1773 694 1823 ic
711 1769 848 1824 noneraitrtc

52 1842 216 1907 contentionis,
230 1843 272 1895 aad
284 1844 312 1895 ic
324 1844 385 1895 bene
395 1856 456 1895 csse.

85 1914 121 1967 to
140 1918 243 1979 mertum
263 1913 397 1974 licendum,
414 1912 476 1977 qnod
494 1916 589 1977 propter
604 1912 737 1964 motatum
751 1910 847 1965 aflorum

51 1984 96 2050 qui
106 1988 201 2047 puerunt
213 1998 241 2035 ex
257 1984 356 2049 peccem
364 1984 447 2036 auditis
458 1984 488 2035 ad
497 1984 582 2034 malum
591 1983 712 2045 inclinari,
723 1994 770 2034 non
780 1984 848 2035 debet

52 2054 167 2107 contencio
184 2055 234 2106 lieni
251 2054 276 2105 in
293 2054 397 2118 pontico,
409 2054 450 2105 aed
468 2054 597 2105 inocculto
613 2066 663 2105 :en
682 2061 750 2118 poem
768 2057 847 2103 annm

53 2124 206 2177 satisfactoria
218 2138 264 2177 non
278 2124 482 2176 muninimtnrita
492 2124 586 2189 uliquis,
599 2125 653 2189 quia
663 2126 848 2189 qmmnqnepro

54 2206 127 2260 parvo
143 2194 181 2245 ael
194 2195 254 2247 nollo
264 2199 359 2259 peccem
372 2193 455 2245 cimilia
467 2206 537 2259 opera
550 2194 699 2246 natiaiactoria
709 2195 776 2244 tunt.

84 2264 233 2387 anduinum
246 2265 378 2327 dicendum,
390 2263 450 2328 quid
462 2263 636 2330 intelligendum
647 2261 848 2333 eatielactrpmia

54 2348 93 2387 me
142 2370 148 2383 .
