1942 3284
154 185 187 223 ns
201 184 242 223 rns
255 183 298 229 bur
312 184 417 225 rossum
431 185 651 237 monuments,
668 186 723 225 ιτα.
793 178 841 228 *lto

25 262 103 313 babet
113 259 315 324 jurisdictionem,
330 260 383 324 qnia
397 260 469 324 judex
484 264 521 313 est
532 263 598 327 eius,
613 262 665 313 ideo
679 262 756 314 nullus
769 264 840 317 bubet

25 333 54 383 in
74 332 189 396 seipsum,
202 332 240 382 rel
260 332 401 396 superiorem
411 370 418 393 ,
428 333 467 383 rel
485 332 595 397 equalem
605 333 802 400 jurisdictionem
817 339 842 387 ct

26 416 72 469 per
90 414 240 466 consequens
259 403 336 453 nullus
356 406 434 467 potest
451 403 553 469 seipsum
575 406 788 471 excommunicare,
801 407 842 459 rel

25 474 194 540 superiorem,
208 476 249 524 unt
262 474 384 537 aqualem.

60 545 99 596 nd
115 544 217 610 primum
237 558 292 609 erge
306 544 442 608 dicendum,
463 546 525 611 qnbd
545 546 665 610 Apostolus
679 548 780 613 loquitur
796 546 840 600 sub

27 615 177 682 bypntbon,
194 615 281 677 idest,
295 616 317 666 si
336 621 459 680 poneretur
477 618 572 682 angelus
586 630 680 683 peecare
698 635 705 669 :
722 618 755 669 sle
776 619 840 670 eninr

25 701 80 740 nnn
99 692 163 739 essct
176 688 285 751 Apostoln
299 688 416 751 superior,
430 689 471 740 sed
489 689 597 753 interium
612 702 656 741 nee
677 694 712 741 est
731 692 841 742 inconve-

28 760 103 810 niens
119 757 183 821 qnod
199 758 227 807 in
245 758 434 809 conditionalibus
445 772 543 823 quarum
556 761 714 813 antecedentia
733 760 840 827 impossi-

28 829 91 880 bilia
102 832 173 891 snnt,
188 832 212 880 et
223 831 389 893 consequentia
401 830 554 895 impossibilia
568 831 623 882 sint.

67 902 104 952 nd
120 901 247 951 secundnm
264 901 398 964 dicendum,
412 902 474 967 qnbd
493 904 518 953 in
533 903 574 953 tali
589 916 643 953 casu
656 902 731 953 nullus
747 916 839 957 excom·

30 972 181 1035 munientur,
200 972 255 1037 qnia
272 986 337 1037 uper
349 975 374 1023 in
389 986 467 1039 parem
480 974 608 1027 nonhabet
624 974 753 1039 imperinm.
763 992 778 1023 u

64 1045 105 1095 bd
126 1044 222 1095 tertium
244 1043 377 1106 dicendum,
399 1044 460 1109 qubd
476 1045 589 1097 absolutio
607 1047 631 1096 et
649 1043 727 1109 ligatio
742 1047 765 1095 in
788 1046 838 1099 roro
907 1072 909 1087 =

29 1114 190 1169 confessionis
202 1117 239 1165 est
251 1116 326 1179 quoad
340 1116 411 1167 mum
425 1115 522 1178 tantum,
536 1117 595 1182 npud
613 1128 681 1180 quem
697 1116 779 1179 aliquis
793 1116 839 1168 elio

28 1187 149 1253 superior,
158 1187 261 1238 redditur
275 1186 370 1238 interior
379 1200 421 1252 per
430 1192 559 1251 peccatum.
573 1188 619 1239 Sed
632 1187 837 1239 excommunicatio

28 1263 71 1311 est
84 1258 110 1309 in
121 1257 213 1323 jndicio
224 1258 347 1319 exteriori,
361 1258 386 1309 in
399 1273 445 1323 qno
460 1258 542 1323 aliquis
555 1272 602 1310 non
614 1260 699 1311 amittit
711 1258 840 1323 superiori·

29 1334 108 1383 tatcm
121 1343 152 1381 ex
164 1331 209 1381 boc
221 1328 273 1394 ipsc
283 1330 344 1393 qnbd
360 1335 454 1394 peccat3
465 1331 526 1381 nude
541 1335 632 1383 nonest
645 1330 726 1381 similis
740 1330 797 1380 ratio
810 1329 839 1380 de

28 1406 134 1466 utroque
156 1401 215 1451 lero.
240 1401 269 1450 lit
286 1405 365 1451 tamen
385 1402 454 1452 etiam
471 1402 498 1451 in
516 1402 566 1453 loro
583 1401 737 1453 confessionis
757 1400 841 1465 aliquis

30 1487 84 1526 non
98 1476 177 1537 potest
190 1472 292 1537 seipsum
305 1472 433 1538 absoluere,
448 1487 492 1525 nec
509 1474 663 1539 superiorem,
675 1478 714 1525 aut
727 1474 840 1538 equalem

31 1546 63 1597 de
76 1543 177 1607 mortali,
187 1544 233 1595 nisi
244 1556 272 1593 ex
281 1545 443 1597 commissione
453 1546 497 1595 sibi
507 1545 576 1595 lucu.
588 1547 620 1596 lle
628 1545 753 1595 venialibus
761 1547 840 1595 aulem

29 1617 127 1681 petest,
138 1614 193 1677 quin
205 1614 306 1665 venialia
319 1629 348 1666 ex
362 1615 500 1680 quibuslibet
512 1615 660 1667 sacramentis
672 1614 767 1679 gretiam
784 1626 840 1664 cen·

28 1687 158 1738 terentibus
171 1686 329 1751 remittuutnr3
344 1688 405 1738 unde
418 1686 522 1738 remissio
535 1686 659 1741 uenialium
675 1685 781 1750 sequitur
794 1698 839 1751 po·

28 1756 246 1810 remunereris.

327 1874 489 1925 nutlcubbs
505 1875 533 1925 V.

46 2002 137 2047 Utrrlm
149 2000 177 2043 iu
188 2000 296 2057 aliquam
305 2000 485 2044 univeraltnlem
494 2000 612 2045 sententie
626 1998 816 2043 excommnuica-

307 2063 379 2109 tionir
391 2063 452 2113 ferri
459 2064 543 2120 possit.

64 2190 101 2239 lld
119 2189 223 2251 quintum
244 2189 278 2239 sic
291 2188 428 2253 proceditur.
445 2189 540 2239 Videtur
553 2188 613 2252 qnbd
628 2188 652 2237 in
667 2186 765 2252 aliquam
783 2190 835 2239 nni-

29 2261 167 2313 versitatem
181 2259 296 2311 sententia
309 2260 552 2310 excommunicationis
562 2258 617 2309 terri
628 2260 710 2323 pessit.
721 2260 839 2323 contingit

28 2332 97 2387 enim
111 2330 173 2394 qubd
186 2330 401 2395 aliqnauuirersitas
410 2330 454 2381 sibi
465 2331 490 2381 iu
500 2332 586 2381 malitia
597 2330 724 2394 colligetur.
736 2331 783 2382 Sed
798 2344 839 2394 pro

30 2402 132 2465 malitia,
142 2401 167 2451 in
182 2415 227 2465 qna
243 2402 324 2465 aliquis
339 2404 463 2451 contumax
471 2401 582 2465 extiterit,
599 2400 667 2452 debet
681 2402 840 2453 excummuni-

32 2474 99 2529 catie
112 2473 175 2523 terri.
187 2474 247 2536 Ergo
256 2476 333 2537 petest
345 2472 371 2523 in
380 2471 480 2536 aliquan
494 2472 666 2523 uniuersitatem
679 2472 736 2523 ferri
750 2485 842 2523 excom·

34 2546 173 2599 mnnicatio.

67 2623 92 2668 2.
108 2617 238 2679 Praeterea,
251 2615 308 2665 illud
322 2616 383 2680 qnod
394 2622 429 2666 est
441 2615 602 2679 gravissimum
615 2615 639 2665 in
654 2613 843 2665 excommunica·

32 2692 110 2751 tione,
122 2691 158 2738 est
171 2688 284 2751 separabo
294 2687 308 2737 d
317 2687 464 2739 sacramentis
474 2686 591 2738 Ecclesia.
604 2686 783 2749 Sedaliqnando
793 2688 841 2736 tuta

33 2762 119 2816 cinus
127 2760 296 2811 interdicitnr'a
313 2759 407 2809 divinis.
426 2760 485 2823 Ergo
499 2762 523 2809 et
538 2756 735 2809 excommunicari
747 2755 845 2808 unirer-

35 2837 94 2888 stas
108 2832 185 2896 muna
200 2835 286 2896 potest.

67 2906 113 2957 Sed
128 2907 209 2956 onuba
223 2907 259 2953 est
277 2904 358 2955 Glossr
378 2916 408 2955 ex
426 2902 568 2968 Augustino,
586 2902 690 2957 diutile,
711 2900 778 2964 xlll,
792 2912 847 2965 qum

705 2997 749 3055 st‘
