1942 3284
123 178 169 226 tel
289 191 348 228 runs
364 193 403 242 ru,
419 189 510 237 onmem
527 192 630 245 amru,
644 195 700 232 nur.
717 195 753 234 rr.

122 265 191 328 polus
200 279 240 329 per
251 279 339 330 pacem,
352 279 402 331 qua
411 269 476 317 datur
486 270 598 320 dicendo:
611 288 626 318 ιι
634 272 713 332 dgnus
723 272 779 335 llei3
793 289 808 318 u
819 271 916 322 esteuiur

124 337 168 387 hoc
191 343 356 387 sacramentum
385 341 482 390 unitatis
504 344 527 390 et
548 341 625 405 pacis,
646 343 763 406 utsupra
787 344 872 393 dietum
889 348 919 392 est

125 411 174 472 (qu.
187 415 229 470 ta,
245 415 286 458 art.
299 410 334 472 l).
346 412 372 460 ln
386 413 462 462 Missis
475 416 554 463 tamen
567 415 738 476 defunctorum,
752 414 777 464 in
792 416 918 478 quibusoa-

123 479 231 529 crilicium
245 481 337 531 offertur
346 496 391 532 non
403 497 443 546 pro
458 497 514 548 paee
524 485 645 548 presenti,
658 486 698 535 sed
712 500 753 548 pro
764 487 845 549 requie
861 500 913 536 mor·

122 555 227 614 tenorum,
239 566 284 616 pax
306 555 467 605 intermittitur.
486 557 571 607 Deinde
585 558 687 620 sequitur
702 559 824 622 perceptio
843 571 915 608 sacra-

123 624 208 682 menti,
223 625 295 687 prirnd
307 627 446 691 percipiente
455 630 585 687 sacerdote,
597 634 620 679 et
628 632 775 693 postmodum
784 631 836 681 aliis
845 633 914 692 dante

123 695 185 757 quia,
200 701 225 744 ut
236 697 356 762 n'roupsius
368 699 423 748 dicit
436 712 486 762 cap.
502 701 540 750 lll.
556 700 648 750 Eccles.
664 701 798 759 herdred„
814 720 829 750 ιι
839 702 916 765 illepui

123 765 173 816 aliis
183 767 259 817 diviua
273 769 349 831 tradit,
362 770 436 833 primo
449 772 516 822 debet
529 772 578 835 ipse
592 773 706 836 particeps
725 785 785 823 esse.
807 790 822 820 ι)
838 772 915 824 Ultimi

123 842 199 888 autem
212 843 259 890 tota
272 841 345 892 Missae
362 843 484 892 celebratio
498 843 522 892 iu
537 843 659 906 gratiarum
676 844 766 894 actione
778 845 914 901 terminatur,

123 911 208 972 populo
228 913 342 965 exultante
363 928 404 978 pro
427 914 558 978 sumptione
584 916 688 977 mysterii
705 916 785 980 (quod
813 916 917 978 significat

124 986 204 1032 cautus
220 990 272 1048 post
286 987 467 1036 communionem
476 990 495 1047 ι,
507 991 530 1037 et
544 989 662 1037 sacerdote
680 1001 721 1051 per
735 987 862 1037 cretionem
875 1001 916 1050 gra·

124 1051 167 1102 tias
180 1055 305 1121 offerente,
321 1058 381 1108 sicut
393 1062 417 1108 et
438 1059 558 1122 Christus,
576 1059 688 1110 celebrata
706 1058 771 1108 coenl
786 1058 839 1108 edm
856 1058 916 1109 disei-

123 1125 193 1188 pulis‚
203 1129 314 1192 hymnum
327 1129 393 1194 dixit,
408 1133 434 1178 ut
447 1129 529 1180 dicitur
544 1130 669 1186 natator,
681 1131 766 1180 XXVl.

155 1198 188 1246 Ad
200 1201 299 1261 primum
316 1213 370 1262 ergo
390 1200 524 1260 dicendum,
541 1200 601 1264 qudd
621 1201 764 1251 consecratio
777 1201 832 1251 solis
849 1200 916 1251 verbis

124 1265 208 1317 Christi
222 1271 347 1319 conficitur.
358 1271 407 1320 illia
422 1271 476 1321 uero
488 1285 581 1322 neeesse
595 1275 630 1322 est
644 1273 726 1322 addere
740 1273 769 1322 ad
782 1272 917 1336 preparatio

124 1349 176 1385 uem
190 1341 269 1402 populi
283 1342 402 1402 sumentis,
413 1343 471 1392 sicut
485 1344 617 1394 dictumest
632 1343 667 1408 (in
681 1343 767 1408 corp).

157 1410 190 1458 ld
210 1412 336 1462 secundum
350 1413 482 1476 dicendum,
499 1414 559 1476 quod
576 1414 636 1464 siout
648 1414 730 1463 dicitnr
741 1417 824 1471 doun„
838 1415 914 1474 ultim,

124 1480 194 1530 molta
213 1485 266 1532 sunt
281 1483 295 1533 d
310 1484 405 1535 [lomina
424 1485 484 1534 lacta
501 1484 625 1544 addicta,
639 1499 691 1548 quae
709 1485 859 1548 Evangelistac
873 1497 913 1533 nou

124 1551 277 1618 scripserunt3
291 1555 349 1605 iuter
363 1570 413 1619 quae
425 1556 468 1604 luit
482 1557 526 1606 hoo
538 1557 598 1618 quod
608 1557 718 1606 Dominus
731 1557 757 1606 in
770 1569 833 1606 coena
843 1556 912 1606 oeulos

123 1625 207 1675 levavit
220 1627 244 1676 in
257 1628 352 1690 ooelum3
366 1629 425 1690 quod
439 1632 515 1678 tamen
536 1628 636 1678 Ecclesia
649 1641 678 1677 ex
697 1629 820 1679 traditione
832 1631 912 1692 aposto

124 1695 197 1746 lorum
207 1699 294 1750 habuit.
306 1699 447 1750 Rationabile
462 1699 523 1748 enim
537 1699 636 1761 videtur,
646 1704 672 1749 ιι
681 1699 721 1762 qui
734 1700 760 1750 iu
774 1699 909 1750 suscitatione

123 1768 218 1832 Lazari,
230 1775 255 1820 nt
271 1773 365 1824 liabetur
376 1773 459 1831 loom,
472 1772 511 1834 lll,
522 1775 545 1821 et
557 1771 580 1820 in
594 1772 706 1833 oratioue,
718 1785 787 1836 quarn
801 1785 840 1836 pro
851 1768 910 1820 disd-

123 1840 183 1903 pulis
196 1843 264 1903 lecit,
277 1845 359 1900 loon„
374 1844 451 1906 XVll,
464 1843 543 1893 oculos
556 1843 641 1893 leuauit
654 1845 682 1893 ad
697 1845 796 1906 Patrem,
809 1845 833 1893 iu
848 1841 907 1904 hujus

124 1914 258 1962 sacramenti
269 1915 413 1966 institutione
422 1915 494 1966 multo
507 1914 578 1977 magis
590 1916 634 1965 hoo
647 1914 735 1976 feccrit,
744 1919 852 1979 tauquam
861 1913 909 1960 iure

124 1983 217 2046 potiori.
233 1985 297 2043 Quod
311 1990 385 2036 autern
400 1987 502 2036 dieitur:
520 2002 534 2032 ιι
549 1987 697 2050 manducate,
711 2003 726 2033 ι)
738 1991 762 2036 et
778 2001 839 2037 non:
850 1983 908 2032 «so

124 2055 217 2116 medite,
229 2074 243 2103 n
260 2070 306 2105 non
319 2057 394 2106 dillert
404 2058 512 2122 quantum
527 2059 553 2108 ad
568 2071 673 2117 seusum;
690 2071 732 2109 neo
746 2057 841 2108 multllm
852 2055 907 2105 relert

123 2125 177 2188 quid
191 2127 287 2190 dicatur,
299 2130 426 2192 prasertim
440 2130 493 2180 edm
506 2130 574 2180 verba
589 2129 627 2178 illa
641 2144 689 2180 nou
702 2131 750 2179 sint
763 2132 792 2179 de
805 2128 906 2189 formant

125 2198 293 2262 supradictum
308 2205 342 2251 est
358 2203 413 2264 (uu.
430 2205 470 2264 78,
482 2206 526 2252 art.
542 2203 554 2248 1
569 2206 592 2251 et
606 2203 645 2262 ι).
655 2203 719 2260 Quod
734 2206 811 2251 autem
823 2199 904 2256 additur,
952 2238 954 2271 ἵ

125 2285 138 2314 ιι
149 2281 240 2333 omnes,
253 2287 267 2318 u
287 2271 420 2336 intelligitur
439 2275 462 2322 in
477 2273 553 2323 verbis
571 2271 703 2336 Evangelii,
716 2272 773 2322 lic'et
790 2285 834 2322 uon
846 2266 906 2347 expri-
952 2278 954 2347 p

124 2345 206 2402 matur,
220 2342 273 2406 quia
287 2343 335 2406 ipse
351 2344 439 2394 dixerat
457 2347 557 2400 loona,
573 2343 600 2391 vt
616 2357 622 2390 :
640 2360 654 2390 ιι
670 2342 720 2392 Nisi
734 2344 905 2393 manducarem
952 2354 953 2371 ι

124 2423 214 2462 aarum
227 2413 279 2462 run
292 2414 400 2476 romnus,
417 2414 584 2465 narraremus
595 2413 698 2463 trouu
712 2414 778 2463 vcors
791 2416 854 2476 (ιιι
952 2386 954 2421 ⁸

155 2485 188 2533 nd
209 2487 298 2534 tertium
317 2487 451 2550 dicendum,
468 2485 529 2550 quod
543 2486 680 2536 eucharistia
699 2490 736 2534 est
756 2487 903 2536 sacramentum
952 2430 954 2506 ι

122 2556 192 2607 totius
210 2558 367 2610 ecclesiastice
380 2559 483 2608 unitatis.
502 2560 530 2608 nt
543 2559 595 2608 ideo
609 2557 740 2622 specialiter
752 2557 777 2606 in
790 2559 831 2607 lroc
843 2565 903 2605 men-
952 2519 954 2627 J

123 2634 217 2688 mento,
231 2630 302 2694 magis
316 2631 383 2693 quam
396 2631 420 2681 iu
436 2629 500 2693 aliis,
517 2631 585 2680 debet
601 2630 650 2680 lieri
670 2628 758 2680 mentio
773 2629 801 2679 de
817 2626 904 2677 omudrts
952 2637 954 2675 ε

123 2714 173 2763 quae
184 2701 301 2764 pertinent
314 2703 449 2753 adsalutem
463 2703 534 2753 totius
548 2703 665 2752 Ecclesiae.

156 2855 187 2918 (l)
203 2860 233 2903 Et
243 2859 296 2915 quia
309 2860 446 2916 porrigendo
459 2859 555 2904 calicem
569 2858 639 2918 dixit,
653 2858 750 2908 Metto..
764 2856 834 2904 ml
844 2886 850 2912 ‚
862 2848 899 2894 27²

123 2918 204 2966 Ridete
217 2934 248 2966 eae
257 2923 303 2967 troo
315 2934 403 2968 omues.
