1942 3284
137 178 182 223 68⁰
285 194 488 242 surrnnusuaun,
504 192 596 237 ounsr.
613 190 664 239 nur,
680 192 733 227 aaa.
751 191 786 228 na

82 276 85 283 “
138 290 179 343 per
190 272 321 327 chamutum
334 272 465 333 sequentem
477 278 547 331 opera
558 269 621 316 extra
633 265 765 344 manticen
778 266 845 316 facta
857 267 925 319 mriti-

138 349 217 397 cnntur
233 341 342 408 muntium
364 340 393 390 ad
412 339 456 389 truc
479 335 540 400 quaid
564 338 618 385 sunt
636 335 802 395 summotos-ia,
824 338 868 388 aep
884 351 926 388 m

138 414 247 480 qnanmm
257 414 287 463 art
295 414 339 463 hcc
348 409 407 475 quin
415 412 470 460 sunt
481 406 597 457 meritoria
603 406 656 457 rita
664 409 763 457 eterne.
772 406 822 459 sen
832 409 927 461 trucum

137 488 215 553 potest
232 494 298 545 esse,
311 482 365 544 quia
382 482 502 540 unumque
516 477 601 527 habent
613 488 644 527 cx
662 475 742 525 eadem
756 477 852 530 rationo
864 492 926 543 open

138 573 167 610 cx
180 554 288 607 omneis
303 553 375 611 facta,
389 549 475 601 scilieet
484 561 514 598 ex
523 549 567 599 troc
576 546 637 611 quun
654 550 708 597 sunt
722 547 771 599 fiee
781 552 860 611 pam,
871 552 927 602 upa

137 628 197 680 sicut
214 622 312 675 charitas
330 620 453 672 adueniens
473 630 519 669 non
536 620 611 681 potest
627 628 697 679 spana
713 620 780 667 extra
796 620 927 672 charitatem

136 700 212 759 facta,
227 697 291 758 grata
312 691 387 743 iacere
400 688 510 755 meatim
525 688 555 738 ad
570 698 653 747 unam,
668 687 702 737 ita
723 700 767 738 nec
779 689 895 752 quanm
904 692 928 741 aa

135 769 205 823 atiud,

168 836 309 902 apprimum
324 848 378 899 erge
389 833 526 894 dicendum,
543 829 604 894 uniri
617 842 664 881 non
676 830 745 882 debet
756 831 864 897 inteiligi
876 834 927 898 puta

137 912 223 961 fructus
237 904 417 972 computenturt
426 908 529 966 tempore
541 914 587 965 quo
595 900 668 965 prinu
680 900 706 950 in
714 906 814 965 peccato
822 904 886 967 fni,
895 906 927 955 ei

138 981 152 1030 a
166 985 269 1045 tempere
287 978 370 1041 inquo
389 986 483 1039 peccare
505 971 619 1031 cessant,
632 983 678 1034 que
697 970 790 1022 scilieet
806 973 892 1027 ultimi
909 976 927 1023 ia

137 1054 233 1116 peceato
250 1049 310 1109 fuit,
323 1046 361 1097 uei
378 1043 520 1107 intelligitur,
538 1042 628 1106 mande
646 1042 725 1093 statim
740 1047 796 1105 post
813 1050 927 1109 popum

138 1122 248 1173 cerintus
259 1120 318 1180 fuit,
331 1115 419 1169 effecit
430 1114 502 1165 multa
514 1114 574 1165 iona
592 1116 713 1176 antequam
726 1116 889 1180 mniteretar,
899 1118 928 1167 rat

138 1193 273 1251 dicendum,
287 1188 347 1254 qued
362 1184 448 1250 quanti
461 1188 498 1236 est
509 1184 581 1246 major
594 1184 715 1245 contritio,
730 1184 800 1235 unta
812 1188 890 1250 magis
901 1188 928 1237 ai

138 1262 223 1313 minuit
234 1261 262 1312 rie
275 1270 355 1321 pecua,
365 1261 390 1307 et
402 1254 487 1319 quauta
496 1254 579 1317 niquis
590 1254 655 1317 ptura
665 1254 726 1303 bona
735 1254 795 1305 facit
803 1256 831 1306 in
844 1264 929 1321 peemu

138 1332 252 1393 existens,
262 1330 335 1391 magis
353 1341 378 1379 se
389 1329 416 1377 ad
429 1325 526 1390 gratiam
538 1322 680 1375 cnntn'tinnis
695 1324 803 1389 disponit
822 1342 831 1376 a
847 1332 874 1378 et
886 1327 928 1378 iter

137 1400 253 1467 probabile
266 1404 303 1451 est
319 1397 378 1462 qnid
391 1394 484 1447 minoris
496 1406 570 1457 prena
585 1393 612 1443 fit
624 1392 720 1445 debitur.
739 1394 769 1444 Et
783 1401 882 1461 proptor
896 1399 930 1448 aas

127 1472 246 1523 nuberent
258 1468 272 1520 a
286 1468 401 1521 sacerdote
417 1464 518 1517 discrete
532 1464 670 1528 computari,
684 1469 712 1513 ut
724 1465 748 1516 ei
760 1468 881 1519 minorem
891 1481 929 1533 pu

136 1542 191 1593 riam
208 1540 326 1605 injungat,
340 1540 365 1589 in
377 1540 486 1601 quantum
495 1535 584 1586 inuenit
598 1547 650 1585 enm
660 1534 744 1587 meliis
754 1537 905 1601 dispositum.

168 1612 203 1664 ii
215 1612 337 1663 secundnm
352 1608 486 1669 dicendum,
502 1605 563 1670 quun
581 1606 707 1669 baptismus
719 1606 929 1671 imprimitcumc

105 1705 112 1719 r
137 1688 209 1735 terem
222 1682 246 1732 in
257 1682 342 1743 anima,
349 1692 397 1730 nen
410 1682 485 1729 autem
496 1677 637 1728 eatmfactio:
647 1678 734 1729 ntideo
742 1680 876 1731 adveniens
887 1682 929 1730 me

137 1754 207 1817 ritas,
217 1766 267 1815 que
277 1751 391 1803 fictionem
402 1748 461 1799 tollii
471 1753 497 1798 et
510 1752 642 1811 peccatum,
658 1748 715 1799 facit
729 1748 795 1811 quun
809 1750 929 1814 baptimus

137 1822 242 1875 effectum
256 1835 322 1875 suum
341 1820 436 1880 haheat,
451 1830 498 1870 nnn
509 1823 585 1868 autem
599 1819 643 1868 hec
653 1817 708 1868 iacit
723 1819 753 1869 de
765 1820 927 1873 satisfactione.

137 1894 166 1943 Et
179 1896 287 1959 preterea
297 1891 422 1953 baptismus
437 1901 467 1938 ex
482 1889 535 1953 ipsc
547 1900 616 1951 opere
629 1893 722 1951 operate
733 1890 865 1951 justitient,
877 1892 927 1955 quoi

137 1976 183 2015 non
196 1962 360 2021 sithominis,
374 1960 414 2011 sed
428 1960 469 2011 tici
486 1963 530 2009 :et
546 1958 599 2009 idco
611 1971 658 2010 non
672 1959 755 2009 endem
772 1962 847 2011 morto
861 1963 929 2013 moui

136 2035 218 2085 ficetur
229 2032 288 2084 sieut
300 2030 434 2092 satisfactio,
447 2042 499 2093 qum
511 2032 547 2080 est
555 2042 614 2093 opus
624 2030 733 2083 nominis.

168 2103 203 2153 td
214 2102 306 2153 tertium
326 2099 536 2164 dicendum,un
550 2100 632 2163 aiiqnac
651 2099 825 2153 satisfactiones
839 2107 895 2153 snut
904 2115 929 2152 er

136 2171 218 2236 quitus
233 2173 310 2223 manet
322 2171 405 2235 siquis
416 2170 512 2222 effectus
521 2171 547 2220 in
558 2170 766 2233 satisfacientibus,
778 2172 855 2223 etiam
872 2177 928 2238 pust

136 2255 203 2305 quam
217 2246 281 2292 actus
294 2240 453 2293 satisfactionis
462 2241 635 2304 trmsiit3sicut
647 2240 778 2306 ex'J'ejunio
792 2248 929 2293 manetem

136 2311 198 2378 puris
214 2312 355 2376 debilitatio,
370 2317 393 2363 et
406 2312 640 2375 exsicemnspnarnm
655 2312 788 2375 largitione,
802 2314 928 2364 substantia

137 2382 269 2447 diminutic;
285 2386 309 2433 et
321 2382 355 2433 sic
364 2383 392 2433 de
409 2381 531 2432 similibus.
543 2383 571 2431 nt
585 2383 643 2431 tales
655 2381 826 2434 satisfactiones
844 2386 871 2434 in
883 2398 929 2448 per·

137 2454 194 2504 caiis
204 2454 271 2505 iactae
282 2466 328 2504 nnn
336 2457 425 2517 opertet
437 2457 462 2502 nt
472 2453 592 2514 iterentur,
602 2451 771 2517 quinquertium
780 2455 811 2504 ad
822 2456 868 2505 hoc
875 2455 928 2517 quei

138 2526 166 2575 de
184 2526 218 2577 cis
229 2530 319 2585 manet,
333 2536 374 2589 per
387 2524 544 2588 poenitentiam
562 2525 609 2575 fico
627 2528 726 2588 ameptac
743 2529 808 2573 suot.
825 2526 929 2576 Satisfm

138 2596 214 2646 tiones
228 2598 304 2645 antem
318 2607 369 2658 qum
386 2607 432 2644 non
445 2596 577 2657 relinquunt
593 2594 692 2658 aionem
703 2594 812 2645 effectum
826 2597 854 2645 in
867 2597 929 2646 satis

138 2664 250 2724 faciente,
265 2666 385 2725 postquam
398 2669 462 2713 actus
479 2664 585 2727 transiit,
598 2670 686 2727 oportet
696 2670 722 2713 ut
738 2665 859 2728 iterentur,
875 2667 929 2716 moui

139 2732 251 2783 orationes
264 2735 288 2782 et
300 2733 344 2782 aiia
359 2733 499 2797 hujusmodi.
517 2737 587 2784 actus
598 2739 673 2785 autern
686 2733 789 2795 interior,
803 2737 861 2799 quis
874 2741 929 2787 eom

139 2800 190 2852 iiior
204 2801 297 2863 transit,
313 2802 375 2854 nuiiu
388 2804 454 2855 modu
474 2804 612 2868 vivificatur,
628 2807 667 2856 seri
679 2809 770 2869 oportet
787 2812 814 2855 ut
827 2807 927 2858 iteretur.
