1942 3284
133 177 169 214 nn
186 176 292 218 narsum
307 176 474 215 nucnmrsrrn
490 175 606 220 cunarum
622 175 653 216 uu
670 177 780 217 senorum.
813 169 861 220 itt

49 255 88 304 est
102 253 201 317 proprie
214 257 380 303 sacramentnm
393 252 494 317 corporis
507 253 607 314 Christi,
622 253 683 316 quod
701 254 751 305 siue
766 267 861 320 corrup-

50 327 115 375 tione
133 329 273 389 conrcptum
283 328 334 386 est,
348 323 421 388 magis
434 323 502 388 quim
520 323 646 375 divinitatis
661 325 746 389 ipsius,
760 330 786 376 ut
801 326 863 379 iniri

49 395 141 459 patebit
157 396 209 460 (qu.
220 401 260 458 to,
272 400 318 446 art.
329 398 363 458 t);
376 395 469 457 Tertio,
484 395 537 458 quia
551 396 595 446 hoc
610 396 682 458 magis
693 398 801 460 competit
814 398 863 449 siu·
914 409 917 416 ·

49 466 141 517 ceritati
161 467 281 529 lidelinm,
295 481 347 530 quar
364 465 486 530 requiritur
501 467 530 516 ad
546 479 613 516 usum
627 468 697 532 nujus
713 470 861 533 sacramenti,

49 532 183 587 'secundnm
202 538 265 588 illlud
286 539 306 588 l.
328 539 398 591 Cor..
413 539 433 586 v
451 554 457 587 :
477 537 596 588 «Pascha
612 541 713 588 nostrum
732 537 862 592 immolatus

50 612 85 658 est
100 608 222 660 cbristus.
237 611 317 672 ltaque
335 609 452 673 epulemur
464 608 490 658 in
503 609 589 672 azpmis
604 607 740 658 sinceritatis
755 613 778 660 et
796 610 860 662 veri·

50 677 111 729 tatis.
126 693 143 727 s
159 679 237 729 Habet
253 682 329 731 tamen
342 681 392 730 hec
410 679 550 730 consuetudo
565 680 691 730 Graeccrum
704 679 803 744 aliquam
819 693 861 734 ra-

52 747 149 811 tionem,
165 754 193 800 et
206 754 299 814 propter
308 749 513 814 significationem,
524 763 593 814 quam
606 750 679 812 tangit
692 749 822 814 Gregorius,
835 756 859 804 et

50 819 76 870 iu
93 820 275 873 detestationem
290 821 385 872 heresis
397 821 566 886 Nazareorum,
583 820 622 884 qui
640 821 722 884 legalia
734 821 859 887 Evangelio
954 815 955 820 ¹

49 889 192 944 miscebant.

79 964 114 1014 ld
125 965 233 1029 primunr
250 977 305 1027 crgo
317 962 447 1024 dicendum,
456 962 517 1028 qubd
532 964 589 1014 sicut
600 963 683 1028 legitur
693 965 790 1026 Emod„
805 967 858 1030 xli,

50 1035 189 1088 solemnitas
209 1037 324 1101 paschalis
347 1035 470 1100 incipiebat
490 1037 515 1086 in
537 1036 642 1100 vesperis
659 1040 745 1099 quartat
764 1038 860 1092 decime

50 1104 125 1171 lune3
145 1112 172 1159 et
186 1112 243 1158 tunc
254 1107 375 1168 Christus,
394 1111 446 1170 post
461 1105 641 1156 immolationem
659 1108 713 1168 agni
730 1109 858 1173 paschalis,

53 1177 94 1228 boc
110 1182 285 1230 sacramentum
309 1177 414 1228 instituit.
430 1178 494 1227 Unde
516 1179 564 1228 haec
583 1178 631 1226 dies
645 1175 658 1228 b
671 1179 759 1228 loanue
778 1178 861 1230 dicitnr

51 1252 183 1312 precedere
203 1249 263 1301 diem
276 1250 388 1310 Pasche,
400 1251 424 1298 et
436 1249 450 1298 t
464 1246 537 1297 tribus
554 1247 604 1298 ollis
622 1248 767 1310 evangelistis
778 1248 862 1300 dicitur

54 1334 68 1365 r
82 1319 161 1383 prima
180 1320 233 1370 dies
247 1332 392 1384 azymorum,
409 1317 527 1382 »quaudo
543 1319 703 1368 fermentatum
717 1317 742 1368 in
756 1319 861 1370 domibus

51 1387 182 1442 iudeorum
197 1403 244 1442 non
256 1389 430 1450 inveniebatur,
444 1391 470 1438 ut
484 1387 569 1438 dictum
585 1393 630 1440 est.
645 1390 674 1438 Et
685 1390 713 1440 de
729 1391 774 1447 hou
792 1387 861 1454 supra

52 1463 156 1512 notatum
176 1465 216 1512 est
229 1459 320 1526 plenids
334 1461 360 1510 in
376 1463 471 1511 tractatu
485 1459 604 1512 dominice
618 1459 733 1525 passionis
750 1462 806 1526 (qu.
818 1465 860 1526 tc,

53 1533 237 1596 mmmm

82 1605 116 1654 ld
129 1605 261 1656 secundum
275 1603 412 1667 dicendum,
426 1602 487 1667 qubd
501 1603 649 1654 coulicieutes
665 1602 690 1652 in
704 1614 798 1666 azymo,
811 1615 859 1672 non

54 1671 175 1726 intendunt
186 1674 329 1726 ceremonias
340 1674 399 1736 legis
411 1686 518 1736 servam,
535 1673 575 1723 sed
590 1673 731 1722 conformare
749 1684 774 1722 se
793 1670 860 1722 insti·

56 1747 133 1798 tutioni
147 1747 244 1800 Christi.
257 1748 289 1797 Et
300 1748 352 1798 ideo
365 1760 413 1798 non
424 1745 554 1811 judaizant,
566 1743 667 1808 alioquin
680 1747 703 1794 et
717 1743 859 1796 celebrantes

55 1811 78 1864 in
91 1831 152 1880 pane
167 1821 306 1870 lennentato
315 1818 469 1883 judaizarent,
480 1817 615 1882 quietudnei
625 1829 698 1880 panes
708 1814 860 1881 primitiarum

55 1883 202 1942 iuuenums
222 1891 355 1941 otlerebant.

84 1961 116 2011 ild
130 1963 227 2014 tertium
246 1963 381 2025 dicendum,
398 1960 459 2024 qubd
476 1961 614 2012 termentum
631 1959 743 2024 significat
761 1957 861 2010 charita·

57 2031 106 2093 cm,
121 2039 219 2099 propter
234 2034 334 2096 aliquem
351 2033 458 2084 ellectum
465 2070 474 2096 ,
490 2033 543 2096 quia
555 2032 642 2083 scilicet
654 2044 737 2096 panem
751 2029 805 2080 iacit
818 2043 860 2082 sa-
954 2067 955 2070 ,

58 2102 165 2163 pidiorem
187 2109 213 2158 et
236 2107 362 2170 majorem5
377 2105 418 2156 sed
439 2103 607 2170 corruptionem
626 2103 739 2167 significat
759 2115 787 2153 cx
808 2101 859 2167 ipsa

58 2172 139 2227 latione
152 2190 201 2227 sne
217 2175 313 2239 speciei.

85 2247 118 2296 ud
131 2248 240 2310 quartum
255 2245 386 2311 dicendum,
401 2246 527 2312 quidquia
541 2245 677 2297 termentum
690 2245 760 2296 habet
773 2243 859 2308 aliquid

59 2317 223 2382 corruptionis,
242 2321 267 2368 et
283 2331 312 2368 ex
323 2331 383 2383 pane
396 2322 502 2382 corrupto
516 2331 563 2370 uon
576 2320 653 2382 potest
668 2315 751 2368 conici
766 2317 809 2366 lroc
822 2327 861 2364 su-

59 2393 206 2452 rumentum,
216 2392 242 2438 ut
256 2387 341 2439 dictum
354 2393 389 2439 est
401 2392 452 2451 (art.
465 2395 489 2454 3,
505 2390 534 2439 nd
546 2387 579 2452 l),
593 2387 643 2438 ideo
654 2387 726 2452 magis
737 2385 862 2438 attenditur

60 2455 115 2511 cirea
136 2475 224 2526 panem
242 2459 372 2512 diliereutia
386 2461 466 2528 vazymi
489 2465 513 2512 et
536 2459 667 2513 fermentati
674 2497 683 2524 ‚
704 2457 774 2522 quim
799 2457 861 2507 circa

62 2538 135 2592 leuem
155 2533 266 2597 baptismi
280 2532 410 2584 differentia
428 2533 510 2584 calidi
527 2536 551 2584 et
570 2529 684 2596 fuipv‘di;
703 2531 782 2594 posset
796 2529 860 2580 euim

62 2601 116 2654 buta
132 2618 184 2656 esse
202 2604 316 2668 corruptio
330 2605 475 2670 fermentati,
491 2604 553 2670 quod
567 2617 597 2656 es
608 2617 636 2656 eo
651 2617 696 2655 non
709 2604 786 2668 posset
800 2613 861 2654 cou-
954 2641 955 2648 ,

62 2667 281 2728 irisacramentum.
