1942 3284
143 204 180 239 DE
196 200 332 240 vrnrtrntt
348 201 541 238 necneenncrodz
556 201 600 238 PER
614 201 801 241 POENITENTM·
834 201 878 248 557

92 277 251 340 Respondeo
267 276 397 336 dicendum,
407 275 466 338 qnod
479 276 539 326 sicut
548 275 636 327 dictum
646 280 683 326 est
689 277 738 340 (qn.
749 281 790 340 85,
800 285 843 330 art.
854 283 879 341 6,

59 347 91 398 ed
103 347 144 410 ιι),
160 352 249 398 motus
262 345 329 398 tiberi
341 346 434 408 arbitrii,
449 345 535 408 quiesi
547 345 573 395 in
582 345 746 410 justificatione
757 347 835 411 impii,
846 354 883 399 cst

59 416 145 468 ultime
158 417 295 480 dispositio
308 419 335 467 ad
348 415 458 479 gretiam:
474 416 535 466 unde
549 417 572 466 in
583 417 664 468 eodem
678 417 772 467 instanti
781 421 818 468 εει
831 435 882 482 gra-

61 486 101 538 nae
114 486 214 538 infusio
229 499 287 537 cum
295 487 401 550 predicto
413 490 475 537 motu
488 486 553 538 tiberi
561 485 658 549 arbitrii,
669 492 694 537 nt
702 487 727 537 in
740 489 759 538 lt
773 493 830 552 part.
841 491 879 540 na·

61 555 139 606 iritum
158 560 201 607 est
219 557 259 621 (t
273 561 297 618 ι,
309 569 349 619 qn.
370 557 482 634 14¹}stss
504 559 553 606 det
562 561 577 604 ‘t
586 555 605 621 )‚
619 556 644 606 in
660 570 705 619 quo
714 557 805 620 quidem
818 564 881 608 motu
894 554 942 642 'ts

60 627 285 690 comprehenditur
296 631 360 678 ectus
369 627 519 690 penitentie,
531 630 561 676 nt
569 627 639 690 soprd
652 627 735 677 dictum
750 631 794 679 εει.
808 630 879 680 Mani·

60 695 153 747 testum
171 702 215 748 est
230 701 311 748 antem
325 696 384 762 quod
394 697 471 748 forme
484 702 640 761 nonpossint
652 699 754 764 recipere
763 702 845 763 manis
857 708 880 752 er

61 768 171 827 minue,
187 768 345 818 intenduntur
362 770 385 818 et
401 768 547 817 remittuntur
567 766 691 818 secundnm
708 769 822 820 diversam
836 769 880 820 dis·

61 836 218 900 positionem
233 837 346 901 subjecti,
360 841 386 886 ut
395 837 418 886 in
430 838 449 888 ιι
457 843 518 901 part.
532 838 634 889 habiturn
647 842 683 888 est
695 837 726 900 (ι
740 843 765 900 ι,
780 853 819 902 (με,
838 844 878 897 52,

63 911 109 959 nrt.
126 913 141 958 t
159 914 187 960 et
208 913 236 970 2,
254 914 278 958 ει
293 922 334 971 qu.
349 913 387 964 66,
407 913 449 958 nrt.
467 911 512 970 ti3
526 913 550 959 ει
562 908 616 958 inde
629 911 665 958 εει
682 907 743 971 codd
756 911 879 960 secundior

62 979 130 1041 qudd
145 985 235 1030 motus
251 979 316 1028 liberi
332 978 417 1030 arbitrii
430 979 453 1028 in
472 978 607 1042 penitentia
620 982 657 1028 est
669 979 781 1028 intensior
790 981 828 1030 rct
839 993 878 1030 re-

63 1047 181 1109 missior,
195 1047 325 1099 secundnm
337 1048 381 1099 hoc
394 1048 509 1112 poenitens
522 1048 667 1110 consequitur
674 1049 782 1112 majorem
790 1050 828 1098 rel
837 1051 879 1100 mi-

65 1129 152 1168 norem
163 1119 279 1181 gratinm.
289 1117 404 1180 Contingit
416 1121 492 1168 antem
502 1118 654 1169 intensionem
662 1118 738 1168 moitis
748 1118 879 1182 poenitentis

63 1191 216 1252 quandoque
232 1189 421 1253 proportionatam
431 1201 481 1239 esse
493 1189 573 1250 majori
586 1189 675 1252 gretie,
684 1189 753 1252 (indm
762 1189 878 1240 tuerititta

66 1257 81 1307 ir
95 1273 145 1322 qun
154 1261 277 1310 ceciderat
287 1272 327 1322 per
335 1263 450 1322 peccatum
458 1296 465 1321 ,
474 1261 610 1323 quandoque
620 1263 696 1310 cotem
704 1260 795 1323 equali,
807 1273 892 1328 quen-¹

66 1329 148 1394 doque
166 1329 229 1381 vcro
242 1329 324 1378 minori
341 1343 348 1378 ι
363 1333 386 1378 ει
399 1329 450 1379 ideo
462 1331 577 1393 poenitens
588 1331 724 1393 quandoque
739 1332 839 1393 resurgit
851 1331 877 1380 in

67 1401 156 1463 maiori
188 1400 264 1464 gratia
285 1399 351 1463 quiin
374 1398 437 1462 prins
459 1401 583 1462 imbuerat,
601 1402 735 1465 quandoque
755 1406 831 1454 antem
851 1402 877 1452 in

69 1471 171 1534 requeti,
186 1471 324 1534 quandoque
344 1469 411 1520 etiam
433 1471 457 1520 ln
476 1471 565 1521 minori.
585 1471 615 1520 Et
626 1471 705 1522 eadem
723 1472 783 1523 rntio
798 1478 835 1525 εει
848 1475 877 1524 de

69 1540 220 1602 virtutibus,
239 1554 330 1604 queen
344 1541 416 1604 gratia
429 1543 607 1604 consequuntur.

103 1611 140 1660 dd
151 1611 256 1675 primum
272 1623 325 1673 ergo
336 1610 469 1668 dicendum,
482 1609 542 1674 qnod
552 1623 597 1661 noo
610 1611 715 1662 omnibns
728 1612 875 1675 diligentibus

71 1681 145 1732 Deum
161 1686 299 1746 cooperetur
311 1683 335 1730 in
350 1681 444 1743 bonum,
459 1681 504 1730 hoc
513 1680 588 1744 ipsum
603 1680 664 1744 qnod
676 1695 716 1745 per
730 1687 848 1746 necatum
860 1683 876 1751 vd

71 1751 113 1802 liei
128 1765 213 1802 amore
224 1753 316 1813 cedunt,
327 1753 385 1816 qnod
403 1756 465 1816 patet
478 1751 502 1801 in
520 1751 558 1802 his
571 1752 611 1816 qni
626 1752 711 1802 cedunt
722 1757 748 1802 et
760 1764 874 1815 nunqnam

72 1827 219 1886 resurgunt,
239 1823 276 1874 vel
294 1824 333 1886 qni
346 1827 467 1885 resurgunt
485 1821 566 1872 iterum
584 1822 875 1884 cnsuri3sedhistanii1m

73 1894 115 1958 qni
130 1913 144 1942 «
157 1894 284 1946 secundino
294 1895 432 1958 propositum
443 1892 520 1944 vocati
532 1897 587 1945 sunt
599 1894 687 1957 sancti,
697 1911 712 1940 n
730 1894 754 1944 id
769 1899 805 1946 εει
817 1909 875 1958 pne-
892 1918 925 1959 „s

74 1965 216 2027 destinatis,
235 1966 274 2030 qui
291 1965 474 2027 quotiescumque
487 1965 584 2026 redunt,
599 1965 697 2016 finaliter
708 1969 786 2016 temen
798 1979 875 2016 resur·

76 2039 142 2096 gunt.
157 2035 225 2086 Cedit
245 2048 299 2096 ergo
319 2035 353 2084 eis
374 2035 398 2083 in
416 2035 499 2084 bonnm
514 2036 558 2084 troc
578 2035 638 2096 quod
651 2035 747 2096 cadunt,
763 2049 810 2087 non
822 2036 877 2099 quia

77 2117 170 2170 semper
190 2106 214 2155 in
237 2106 316 2168 majori
333 2105 403 2168 gretie
423 2107 557 2166 resurgant,
579 2107 619 2154 sed
635 2107 690 2167 qnia
708 2111 829 2170 resurgunt
850 2108 877 2158 io

76 2175 260 2238 permanentiori
270 2173 359 2238 gratim
371 2186 416 2224 non
425 2174 517 2236 quidem
527 2186 556 2223 ex
565 2178 629 2237 parte
640 2175 713 2237 ipsius
726 2176 803 2239 gratim
812 2177 876 2240 (quin

78 2246 166 2307 quante
183 2245 255 2308 gretia
269 2247 303 2294 εει
312 2245 392 2308 major,
405 2243 466 2294 tanto
477 2244 540 2294 dese
550 2248 586 2294 εει
596 2244 785 2309 permanentior),
796 2249 876 2298 seder

80 2320 146 2376 parte
159 2316 272 2378 hominis,
285 2314 324 2378 qni
335 2311 399 2364 tanto
416 2312 520 2363 stabiliis
534 2313 557 2362 io
572 2315 641 2376 gratia
656 2321 782 2379 permanet,
791 2318 876 2380 quanto

75 2389 115 2434 cst
131 2388 221 2436 cantior
238 2391 262 2436 et
274 2385 393 2447 humiliem
409 2383 469 2432 unde
482 2388 506 2433 et
518 2383 595 2434 Glossn
608 2385 694 2436 ibidem
707 2387 798 2449 suddit,
811 2389 874 2450 quod

82 2453 158 2505 <rideo
169 2456 256 2519 proficit
268 2455 302 2504 cis
312 2454 336 2502 in
349 2453 432 2503 bonum
446 2452 508 2516 qnod
517 2455 619 2516 mdnnt,
630 2454 685 2518 quia
694 2456 826 2507 humiliores
839 2471 875 2507 re·

80 2522 154 2574 dennt
166 2529 232 2588 nique
247 2524 366 2574 doctiores.
382 2537 396 2570 n

114 2596 146 2644 sd
163 2596 285 2646 secundnm
299 2593 432 2654 dicendum,
447 2593 506 2656 qnod
521 2593 660 2656 penitentia
677 2600 786 2657 quantum
797 2601 834 2645 est
846 2597 875 2645 de

83 2673 125 2726 te,
143 2666 209 2716 habet
224 2664 330 2713 virtutem
343 2663 463 2726 reparandi
477 2677 559 2714 omnes
572 2664 676 2714 detectus
691 2665 720 2714 ad
737 2666 872 2727 perfectum,

83 2735 109 2784 et
120 2735 188 2784 etiam
200 2733 346 2798 promovendi
361 2733 385 2782 in
398 2733 527 2784 ulteriorem
543 2736 627 2784 statum
635 2751 644 2797 ;
658 2735 700 2784 sed
714 2736 759 2784 hoc
774 2737 875 2796 qnando·

84 2815 128 2864 qne
147 2803 267 2867 inpeditur
279 2813 308 2852 or
323 2806 385 2866 perte
407 2801 520 2864 hominis,
540 2803 579 2866 qni
591 2801 708 2854 remissiirs
728 2806 829 2853 movetur
850 2805 873 2852 in

84 2872 154 2924 Deum
171 2877 195 2926 et
213 2873 236 2923 in
255 2872 425 2923 detestationem
439 2871 543 2936 ρεεεειίς
557 2873 616 2922 sicut
632 2873 703 2922 etiam
720 2873 743 2922 in
761 2873 873 2936 baptismo
