1942 3284
133 203 180 253 ηδ
299 191 357 226 PARS
374 193 413 236 ΙΙΙ,
431 191 522 234 Quasi.
540 189 636 237 exult,
653 189 707 224 ΑΜ.
724 188 748 222 ΙΙ.

424 370 580 421 laudunus
593 370 623 419 ll.

157 498 242 542 tttrdm
254 499 349 552 peecata
365 495 414 539 siut
429 491 528 550 propria
541 493 644 538 materia
656 493 729 548 dutiae
741 493 889 537 sacramenti,

157 623 191 672 ud
202 621 324 672 secundum
338 620 371 670 sic
380 621 518 684 proceditur.
525 619 621 670 Videtur
635 617 696 682 qnid
709 621 803 682 peecata
815 630 860 668 nou
873 616 915 667 siut

126 693 216 757 propria
232 693 325 742 materia
338 693 407 754 huius
420 690 565 741 sacramenti.
583 689 677 740 linteum
692 689 755 740 euim
772 689 799 738 iu
815 689 865 740 aliis
879 701 914 737 aa·

125 762 246 814 oramentis
258 775 299 826 per
311 761 461 824 aliquauerba
475 761 562 824 prolata
575 760 738 823 sanctificatur,
749 759 914 810 etsaucn'tlceta

125 833 230 884 ellectum
250 831 385 882 sacramenti
407 837 522 896 operatur.
543 833 640 882 Peccata
657 834 733 882 autem
758 843 805 880 non
825 834 915 894 possunt

126 903 271 966 sanctificari,
283 915 311 954 eo
321 902 382 968 qudd
394 902 559 954 contrariautur
569 901 660 954 effectui
673 901 823 963 sacramenti,
836 901 916 964 quiesi

126 975 198 1038 gralia
214 973 332 1025 remittens
346 979 447 1039 peccata.
459 973 519 1036 Ergo
535 977 629 1037 peccata
638 985 684 1024 uon
697 975 751 1022 suut
761 972 916 1035 materiapro·

126 1046 176 1110 pria
188 1044 258 1108 hujus
268 1044 413 1095 sacramenti.

157 1119 180 1165 i.
197 1117 309 1165 Praelerea
317 1152 324 1175 ‚
333 1114 472 1176 Augustinus
485 1114 541 1164 dicit
552 1115 575 1164 iu
587 1114 628 1164 lib.
646 1115 683 1163 De
695 1113 852 1163 Poeuiteutin
864 1111 917 1176 (siue

126 1185 165 1238 lib.
180 1186 230 1236 Llll
244 1184 347 1240 Heneti..
363 1185 429 1234 Hom.
441 1183 497 1246 tol:
509 1199 524 1232 a
538 1185 619 1234 Nullus
630 1187 707 1247 potest
719 1184 829 1235 inchoare
842 1195 916 1234 nomn

127 1257 211 1318 uitam,
227 1256 271 1306 nisi
284 1268 336 1306 eum
353 1255 437 1306 ueteris
453 1255 507 1306 vite
523 1255 642 1319 poenlteat.
657 1270 671 1301 u
685 1256 731 1305 Sed
742 1255 773 1305 ad
789 1258 916 1306 vetamur

125 1327 177 1378 vilae
190 1325 304 1390 pertinent
315 1339 361 1375 uon
371 1324 444 1375 sollum
459 1330 569 1389 peecata,
578 1325 619 1376 sed
628 1325 698 1374 etiam
709 1325 857 1388 poenalitates
864 1337 916 1388 pre-

125 1399 198 1448 sentis
214 1396 278 1447 uitae.
298 1397 348 1446 Non
370 1390 423 1458 e'rgu
441 1399 536 1458 peccata
554 1400 608 1446 sunl
627 1395 719 1458 propria
738 1395 834 1446 materia
847 1393 917 1459 paeni·

125 1467 212 1520 tentiae.

157 1543 181 1590 a.
194 1541 319 1601 Praeterea,
334 1541 478 1602 peccatorum
490 1539 603 1601 quoddam
619 1542 656 1588 est
673 1536 915 1601 omniumomniuni

126 1610 235 1672 mortale,
249 1610 360 1672 quoddam
372 1607 470 1659 veniale.
487 1609 531 1659 Sed
543 1608 681 1672 penitentia
695 1611 864 1659 mammonin
874 1619 915 1656 noo

126 1681 241 1732 ordinatur
254 1683 333 1730 contra
345 1678 454 1741 originale
468 1683 603 1742 peccatum,
613 1679 675 1742 quod
685 1679 773 1729 tollitur
784 1691 825 1742 per
834 1674 915 1742 lopas-

125 1762 204 1815 mnm3
216 1761 290 1814 neque
304 1751 383 1800 contra
399 1753 515 1812 peceatum
528 1749 637 1810 momale,
651 1749 709 1812 quod
721 1749 808 1798 tollitur
820 1758 915 1810 puceu

125 1820 249 1872 lesslouem
264 1819 403 1885 peccaturis;
417 1831 461 1868 nec
474 1818 543 1868 etiam
556 1822 634 1868 contra
646 1818 821 1881 veniale,quud
833 1817 914 1867 tollitur

125 1903 165 1953 per
176 1890 307 1940 tunsionem
320 1889 419 1952 pectoris
433 1893 457 1939 et
469 1902 510 1951 per
523 1901 605 1952 aquam
617 1889 777 1950 benedictam,
787 1892 812 1938 et
821 1888 865 1937 nlla
875 1889 912 1936 uo·

123 1959 234 2022 jusmodi.
253 1960 312 2021 Ergo
334 1963 428 2021 peccata
448 1972 496 2010 uon
516 1964 570 2009 sunt
587 1958 677 2023 propria
698 1959 793 2010 materia
809 1958 913 2022 pleniter

126 2030 172 2082 tiae.

157 2100 203 2150 scd
215 2101 294 2150 contre
304 2103 355 2160 est,
369 2100 430 2162 quod
444 2101 567 2164 Apostolus
579 2099 650 2162 dicit,
664 2100 685 2149 ll
698 2099 834 2156 Cor.‚llll:
845 2116 861 2148 n
870 2099 917 2148 lton·

128 2172 223 2232 egerunt
235 2169 393 2232 poeniteutiam
409 2181 477 2232 super
492 2169 636 2220 immunditia
645 2173 669 2220 et
681 2169 830 2222 tornicatlone
839 2173 864 2219 el
875 2168 914 2216 ln-

127 2237 235 2304 pudicitia
248 2251 315 2301 quam
328 2246 482 2302 gesserunt.»

161 2311 321 2374 (Coucuusuo.
338 2335 370 2348 -
383 2309 488 2361 Proxime
509 2310 645 2361 sacramenti
667 2311 809 2374 penitentie
830 2306 912 2360 maleit

128 2384 182 2430 sunt
195 2383 258 2430 actus
269 2379 418 2443 poenitentum
433 2383 520 2430 remota
529 2380 584 2430 ueri
597 2385 770 2446 omipotente,
782 2398 828 2436 nun
839 2395 911 2447 accep·

128 2452 206 2515 tanda,
217 2452 257 2502 sed
270 2451 403 2501 detestanda
411 2455 434 2502 et
446 2451 606 2514 destruenda.)

160 2521 296 2586 Respondeo
319 2522 455 2584 dicendum,
473 2522 534 2584 qudd
553 2522 637 2586 duplex
655 2528 692 2574 est
711 2527 817 2590 maaria,
837 2526 911 2578 scilicit

127 2592 231 2658 proxima
241 2597 264 2643 et
273 2595 368 2653 remota,
381 2591 441 2641 sicul
451 2594 531 2640 salue
540 2592 642 2654 proxima
649 2594 744 2645 materia
755 2603 792 2647 est
800 2598 909 2652 nemun.

127 2668 217 2716 remota
231 2663 287 2716 ueri
308 2674 375 2726 aqua.
389 2661 477 2712 lllctum
493 2666 528 2712 est
546 2667 622 2713 auem
635 2664 695 2728 (art.
718 2670 747 2730 l,
765 2669 795 2718 ad
814 2671 862 2719 tel
873 2667 910 2727 t).

126 2733 185 2798 qnod
195 2733 287 2784 materia
300 2733 403 2795 proxime
415 2733 488 2796 liujus
500 2735 635 2784 sacmmeutl
644 2739 698 2785 sunt
708 2741 773 2787 actus
784 2736 909 2802 pontionis,

126 2805 191 2868 cujus
205 2803 297 2854 materia
310 2807 364 2853 suut
375 2806 467 2868 peccata
483 2802 602 2867 dequibus
614 2807 676 2855 dolel
691 2810 715 2856 el
729 2821 783 2870 que
793 2809 909 2862 mooun.

125 2879 148 2924 ot
159 2887 199 2938 pun
214 2875 296 2940 qulbus
309 2873 427 2924 satisfacit.
439 2874 503 2924 Unde
512 2873 649 2938 relinquitur
665 2877 726 2940 qued
736 2885 823 2931 remota
835 2877 912 2929 numia
