1942 3284
423 0 477 53 ἦ,

128 181 206 218 nr.
236 179 509 218 mmm.
544 180 593 217 ur
626 179 723 218 noc
756 178 967 219 sacam.
1004 179 1372 221 Acciommns.
1469 173 1569 221 883

0 255 273 319 fractioet
307 255 483 310 attritio
508 256 713 307 dentium
738 255 961 328 referatur
985 258 1042 308 ad
1072 259 1271 323 speciem
1309 271 1569 311 sacramen-

0 341 68 378 ιω
87 365 106 393 ,
146 328 244 378 sub
270 340 360 392 qua
384 326 492 379 vere
518 332 588 380 est
612 342 777 393 corpus
805 327 995 379 Christi.

529 507 849 558 ARTICU‘LUS
880 507 999 558 vm.

0 632 195 676 Ytrr‘zm
216 631 400 689 ala'quis
426 632 585 689 lae'quor
600 633 748 688 possit
775 632 887 677 vino
905 636 1178 678 consecrato
1204 632 1516 677 commisceri.

0 758 69 809 Ad
107 760 343 808 octavum
377 756 445 807 sic
482 757 755 821 proceditur.
795 756 987 809 Videtur
1019 759 1142 821 quod
1181 758 1290 810 vino
1318 761 1577 810 consecrato

0 843 24 878 n
66 828 245 893 possit
290 828 456 891 aliquis
489 829 639 893 liquor
667 827 865 880 misceri.
892 830 1040 880 Omne
1073 830 1198 880 enim
1225 830 1348 894 quod
1385 829 1581 894 permis·

0 915 62 950 ur
94 899 287 960 alicui,
307 900 475 963 recipit
501 900 764 963 qualitatem
783 899 946 963 ipsius.
976 900 1065 951 Sed
1083 900 1234 951 nullus
1261 902 1410 965 liquor
1427 904 1577 965 potest

0 972 157 1035 ‚ipere
182 971 454 1035 qualitatem
478 972 867 1022 sacramentalium
892 971 1166 1035 specierum,
1191 973 1300 1037 quia
1328 973 1581 1024 accidentia

0 1059 9 1093 l
54 1047 187 1094 sunt
216 1044 317 1094 sine
355 1043 588 1107 subject0,
613 1047 664 1093 ut
690 1043 859 1093 dictum
888 1048 959 1093 est
983 1043 1108 1107 (art.
1143 1045 1227 1107 1).
1256 1046 1376 1108 Ergo
1400 1044 1581 1095 videtur

0 1113 67 1165 bd
87 1114 266 1164 nullus
286 1114 437 1178 liquor
465 1114 607 1178 possit
628 1113 894 1179 permisceri
914 1116 1155 1179 speciebus
1178 1115 1581 1167 sacramentalibus

0 1200 57 1235 ιι.

0 1261 50 1306 2.
89 1260 336 1309 Praeterea
354 1294 367 1317 ,
403 1256 443 1307 si
477 1255 639 1320 aliquis
659 1256 809 1321 liquor
844 1257 1173 1322 permisceatur
1201 1257 1293 1310 illis
1315 1257 1573 1323 speciebuS,

0 1332 135 1381 ortet
177 1328 303 1393 quod
331 1342 390 1379 ex
420 1329 495 1379 his
537 1328 616 1379 fiat
654 1328 823 1393 aliquid
858 1343 1019 1379 unum.
1049 1330 1136 1380 Sed
1166 1342 1260 1379 non
1294 1333 1444 1393 potest
1481 1331 1577 1381 ficri

0 1401 130 1464 quid
148 1414 297 1450 unum
316 1413 465 1464 neque
489 1413 546 1450 ex
564 1399 739 1465 liquore
762 1401 858 1465 (qui
878 1405 948 1451 est
972 1401 1247 1464 substantia)
1266 1404 1312 1451 et
1341 1402 1581 1465 speciebus

0 1470 370 1523 eramentalibus
407 1484 509 1534 quae
557 1475 665 1521 sunt
709 1472 963 1523 accidentia
981 1510 994 1535 ,
1033 1485 1184 1535 neque
1222 1485 1280 1522 ex
1317 1471 1491 1537 liquore
1533 1477 1581 1525 ct

0 1544 185 1607 nguine
225 1543 437 1604 Christi,
470 1542 550 1605 qui
594 1542 770 1594 ratione
804 1557 897 1594 suae
938 1543 1387 1606 incorruptihihtatis
1433 1557 1581 1608 neque

0 1614 249 1665 ditionem
277 1611 471 1678 recipit,
509 1626 659 1677 neque
690 1614 1059 1666 diminutionem.
1101 1615 1220 1678 Ergo
1247 1615 1401 1665 nullus
1436 1615 1585 1679 liquor

0 1688 112 1735 »test
144 1684 389 1736 admisceri
417 1685 528 1735 vino
556 1686 841 1736 consecrato.

18 1762 69 1807 3.
102 1761 369 1821 Praeterea,
401 1756 442 1807 si
468 1755 634 1820 aliquis
661 1756 1146 1820 liquor.admisceatur
1170 1756 1283 1808 vino
1301 1761 1581 1821 consecrato,

0 1829 149 1880 ,detur
188 1828 310 1893 qubd
338 1828 474 1879 etiam
504 1828 658 1893 ipsum
692 1827 917 1879 efficiatur
942 1831 1289 1893 consecratum,
1320 1825 1441 1879 sicut
1467 1841 1585 1893 aqua

0 1914 66 1950 uae
118 1900 402 1951 admiscetur
446 1912 575 1962 aquae
622 1899 911 1963 benedictas,
951 1898 1144 1950 efficitur
1189 1899 1444 1952 benedicta.
1497 1899 1589 1953 Sed

0 1970 130 2022 inum
152 1975 465 2027 consecratum
486 1974 556 2021 est
584 1970 692 2021 vere
716 1970 902 2035 sanguis
923 1971 1109 2023 Christi.
1136 1972 1254 2035 Ergo
1283 1971 1420 2023 etiam
1440 1971 1589 2037 liquor

0 2042 229 2094 ermixtus
266 2046 391 2093 esset
431 2042 617 2106 sanguis
644 2041 845 2105 Christi;
874 2045 921 2093 et
945 2041 1010 2092 ita
1040 2042 1212 2107 aliquid
1239 2044 1368 2094 fieret
1400 2045 1589 2108 sanguis

0 2113 141 2164 hristi
157 2151 174 2177 ‚
210 2113 340 2165 aliter
360 2112 500 2177 quam
529 2126 613 2177 per
648 2114 1041 2165 consecrationem
1059 2153 1074 2176 ,
1110 2116 1231 2178 quod
1263 2118 1333 2166 est
1362 2115 1589 2166 inconve-

0 2182 130 2234 iens.
152 2186 255 2236 Non
284 2198 394 2249 ergo
427 2182 535 2235 vino
566 2187 831 2235 consecrato
851 2187 1010 2249 potest
1037 2184 1202 2249 aliquis
1223 2184 1372 2250 liquor
1394 2185 1593 2249 permis.-

0 2266 84 2306 en.

38 2329 88 2377 4.
119 2328 344 2378 Praeterea
362 2365 376 2389 ‚
408 2327 448 2377 si
489 2327 683 2378 duorum
722 2341 867 2377 unum
910 2328 1113 2378 totaliter
1147 2331 1474 2393 corrumpatur,
1497 2341 1593 2378 non

1 2397 61 2447 rit
87 2399 276 2462 mixtio,
310 2403 363 2449 ut
387 2398 551 2449 dicitur
578 2398 629 2448 in
656 2401 697 2449 1.
718 2398 791 2447 De
818 2400 1156 2462 yeneratione.
1192 2401 1281 2450 Sed
1304 2399 1364 2450 ad
1386 2401 1589 2465 permis-2

0 2467 151 2519 ionem
176 2471 507 2535 cujuscumque
540 2470 732 2534 liquoris
743 2507 762 2533 ,
780 2470 959 2520 videtur
985 2470 1210 2534 corrumpi
1231 2471 1386 2521 totalis
1407 2473 1593 2535 specics

0 2540 327 2592 tacramentalis
344 2540 461 2603 vini,
482 2541 547 2591 ita
565 2540 687 2606 quod
706 2542 789 2592 sub
806 2554 861 2592 ea
882 2540 1059 2592 desinat
1079 2554 1183 2592 esse
1205 2542 1390 2604 sanguis
1403 2541 1589 2605 Christi,

0 2623 81 2659 nm
99 2612 209 2676 quia
230 2626 475 2676 niaqnum
494 2614 543 2661 et
570 2626 789 2676 parvum
812 2615 919 2663 sunt
938 2612 1207 2663 differentiae
1225 2612 1520 2676 quantitatiS,
1549 2617 1593 2661 et

0 2679 291 2733 liversificant
329 2684 504 2748 ipsam,
536 2683 653 2734 sicut
689 2682 863 2733 album
903 2687 950 2734 et
993 2685 1203 2747 niqrum
1235 2684 1464 2747 colorem;
1493 2686 1597 2733 tuni

0 2750 123 2806 etiam
162 2754 273 2818 quia
306 2754 455 2817 liquor
493 2754 773 2817 permixtus,
802 2753 907 2804 cum
944 2766 1039 2805 non
1077 2755 1241 2805 habeat
1280 2753 1561 2805 obstaculum
1577 2793 1589 2817 ,

0 2820 165 2875 ridetur
197 2825 401 2889 undique
444 2825 636 2877 diffundi
676 2828 969 2890 per'totum,
1002 2829 1048 2875 et
1085 2826 1150 2875 ita
1181 2825 1348 2878 desinit
1385 2826 1452 2876 ibi
1488 2837 1589 2877 esse

0 2896 171 2960 sanguis
205 2895 410 2961 Christi,
434 2898 513 2963 qui
543 2912 638 2952 non
668 2900 740 2951 est
778 2897 843 2949 ibi
882 2897 1022 2949 simul
1056 2910 1162 2948 cum
1199 2897 1288 2948 alia
1320 2897 1589 2949 substantia.
