1942 3284
132 170 178 219 ste
274 172 474 220 consuaserunt,
490 170 584 216 oum.
600 169 652 218 nav,
667 166 722 206 ana.
740 170 765 205 ru

126 247 243 311 existens,
256 259 298 311 pro
315 246 415 311 peccatis
429 249 484 297 aute
497 258 539 309 per
552 244 712 297 contritionem
727 243 832 295 niminis
847 246 911 295 aus

126 316 225 382 iacere.)

156 386 289 453 Responieo
298 386 426 450 dicendum,
435 386 496 451 quod
505 387 596 450 qnidam
607 386 712 437 dirum
724 384 787 449 quio
796 390 914 450 postquam

126 458 202 508 omnia
210 452 302 521 pec'eata
310 469 351 521 per
366 458 530 521 precedentem
542 455 704 509 contritionem
712 455 813 507 remissa
824 458 914 517 muta

126 529 207 593 anquis
218 530 271 578 aute
288 526 466 579 satisfactionem
480 531 597 593 peractam
608 528 634 576 in
648 530 769 591 peccatum
779 527 916 587 cecitate

126 600 150 650 iu
160 598 360 664 peccauenisteus
366 597 502 663 satisfaciat,
514 598 916 662 commemorantesque

126 670 182 721 siin
195 672 287 733 peccato
304 668 344 720 iilo
357 672 496 731 moreretur,
511 669 537 718 in
552 668 642 719 inferuo
654 670 683 719 de
695 667 744 718 itis
760 668 868 731 peccatis
878 681 916 719 nor

126 740 301 806 pernecesse
309 740 354 791 hoc
363 752 409 792 uon
417 743 493 805 potest
498 746 559 799 esse,
568 739 622 803 quia
630 739 656 789 iu
664 739 829 791 mtisfactione
837 744 919 805 oportet

125 810 186 876 quod
204 810 304 864 amicius
319 810 436 873 restituta,
448 810 516 861 etiam
533 810 628 875 justitia
643 810 766 873 equalitas
779 811 917 873 restituatur,

126 882 192 947 cnjus
202 882 340 935 contrarium
353 880 475 933 amicitiam
482 883 555 945 tuilit;
564 887 591 932 ut
600 881 755 945 attemptans
768 882 847 933 infx.
856 883 918 933 fitis

125 968 213 1005 corum
225 952 296 1016 uicit,
308 956 376 1018 (cap.
389 954 434 1017 t).
448 954 574 1017 AEpualim
589 956 666 1004 autem
680 952 706 1002 in
724 952 919 1005 satisfactionem

123 1026 211 1087 teum,
226 1037 272 1077 non
289 1029 327 1076 est
343 1024 468 1077 omnnium
485 1025 680 1087 aeqmraieutiam,
695 1025 737 1075 seu
755 1025 836 1089 magis
849 1039 919 1076 secra

45 1132 50 1141 .
125 1093 181 1150 oiim
190 1095 367 1160 acceptationem
378 1095 451 1161 ipsius
461 1111 468 1147 :
478 1094 769 1158 etiucooportetetiamsi
777 1097 832 1160 jam
844 1097 920 1148 ouem

128 1166 160 1217 sit
176 1166 269 1218 omissa
282 1178 323 1231 per
334 1167 499 1230 precedentem
511 1166 672 1218 contritionem
677 1202 689 1226 ,.
699 1164 764 1229 quon
777 1179 855 1231 opera
865 1169 922 1217 eus

128 1236 920 1302 iaetoriasiutiiecaoceptrtqnoddateischaritaszetideosiue

129 1308 239 1359 chantate
255 1318 325 1371 opera
340 1307 402 1358 facta
420 1320 467 1359 non
484 1311 539 1358 sunt
549 1306 708 1359 misfaaoria,
879 1306 883 1312 '

159 1380 193 1431 td
203 1378 300 1444 puteum
310 1391 364 1441 ergo
373 1379 508 1442 dicendum,
520 1379 583 1443 quiri
594 1378 715 1430 consilinm
726 1379 837 1431 Danielis
846 1378 922 1431 intefi-

128 1448 280 1515 gitmqucut
291 1454 385 1513 peccato
399 1455 499 1502 cessaret
511 1455 536 1500 et
544 1450 674 1513 paeniteret,
687 1453 714 1498 et
726 1450 762 1500 sic
771 1463 818 1514 per
830 1452 922 1504 etcemo

128 1534 199 1587 spuas
209 1519 357 1571 musiaccret.
956 1523 958 1582 i

160 1591 330 1643 simeonium
343 1588 795 1654 dicendum,quodsicnttromonescit
808 1606 854 1656 pro
868 1598 921 1645 certo
957 1609 959 1662 p

129 1661 206 1714 utrium
220 1662 354 1713 chanutem
372 1660 477 1711 mouerit
494 1661 521 1711 iu
541 1660 714 1722 satisfaciendo,
728 1661 770 1712 rel
786 1664 921 1725 haunein

129 1736 198 1785 etiau
209 1732 284 1785 nescit
293 1744 335 1797 pro
346 1735 409 1783 certo
421 1731 497 1781 utri·
506 1731 575 1795 piene
582 1730 736 1782 satisfecerit:
746 1738 771 1782 et
780 1734 839 1785 irieo
848 1734 922 1785 ficitur

129 1806 234 1866 Erotes,
246 1805 281 1855 ii:
293 1803 580 1868 «uepropitiatopecmto
592 1803 640 1854 noii
650 1816 701 1854 esse
709 1802 849 1857 sinemetm
859 1807 922 1857 sftec

129 1884 207 1928 umen
219 1876 316 1939 eripitur
324 1874 385 1938 quiri
395 1879 489 1939 propter
499 1876 562 1925 nunc
569 1878 653 1926 metum
661 1875 734 1925 homo
744 1875 922 1929 satisfactionem

129 1950 242 2012 expletam
255 1948 334 2006 iteret,
344 1946 366 1995 si
378 1945 539 1997 conscientiam
550 1945 636 2009 pcccati
648 1945 753 1996 mortalis
769 1960 821 1997 non
835 1948 922 2009 nahmi

128 2016 232 2081 quamvis
240 2015 300 2068 cuim
308 2027 398 2078 poenrm
406 2028 453 2067 uon
459 2016 538 2080 expiet
543 2028 585 2079 per
591 2016 721 2079 hujusmodi
728 2016 922 2081 satisfactionem,

128 2094 206 2138 umen
225 2098 272 2138 non
291 2085 386 2136 incurrit
405 2092 493 2137 reatum
509 2086 639 2138 omissionis
655 2098 686 2137 ex
704 2087 867 2140 satisfactione
885 2102 923 2139 ne-

128 2157 216 2221 glecta3
229 2155 290 2207 siem
306 2168 350 2206 nec
363 2155 402 2205 iiie
414 2157 455 2219 qui
469 2156 559 2207 accedit
573 2156 603 2207 ad
619 2156 790 2207 Eucharistiam
807 2159 862 2210 sine
874 2171 923 2210 cou-

128 2226 224 2278 scientia
236 2226 323 2291 percuti
335 2225 445 2288 mortalis,
458 2227 497 2277 cni
506 2227 619 2290 mojacet,
629 2232 718 2278 reatum
727 2228 833 2292 tuumne
850 2242 924 2293 sump

115 2348 117 2352 .
129 2296 199 2349 tionis
210 2296 312 2347 incurrit

115 2364 118 2377 '
158 2368 192 2419 td
206 2367 298 2418 tertium
311 2366 446 2427 dicentum,
460 2367 522 2431 quod
531 2368 630 2419 intento
642 2365 681 2417 ilia
692 2367 823 2433 interrupta
836 2374 873 2422 est
885 2384 922 2435 per

128 2442 247 2503 peccatum
257 2449 357 2502 sepum
366 2440 404 2488 :et
412 2436 465 2489 ideo
477 2450 524 2489 non
535 2439 574 2488 dat
582 2438 740 2501 rimaiiqnam
750 2440 862 2503 operibns
874 2446 923 2504 post

159 2512 247 2559 etatum
262 2506 338 2558 factis.
555 2528 560 2537 ·

129 2522 195 2631 wid
207 2581 312 2643 mutum
323 2576 452 2641 dicentium,
461 2577 522 2640 quot
530 2591 577 2630 uon
586 2582 664 2642 potest
674 2578 724 2629 fieri
734 2580 867 2645 adequatio
878 2580 923 2631 suf·

132 2649 223 2713 ticieus,
239 2661 283 2701 uec
291 2646 414 2699 secundum
423 2648 523 2701 divinam
536 2649 732 2713 acceptationem,
743 2663 790 2702 nec
802 2651 924 2704 mnium

132 2718 324 2781 aequivalentem.
337 2719 365 2769 ut
373 2718 424 2770 ideo
435 2719 493 2771 ratic
505 2718 543 2768 iila
552 2731 598 2771 uon
610 2720 722 2783 sequitur.
