1942 3284
137 233 167 270 nr
180 231 368 273 reinmarum
382 233 416 275 au
431 231 609 278 ssmnsnnnu
623 232 749 274 sarrrsrrr.
798 225 846 278 tit

53 309 136 360 mnata
155 309 274 373 ommia,
289 308 349 362 siant
366 308 496 373 blomans,
517 309 576 373 quod
597 308 641 360 luit
663 309 755 373 signam
774 312 848 364 nostri

53 380 149 444 baptiuni
163 381 277 446 quantiam
289 382 319 433 ad
332 381 481 432 salvationem
495 381 595 432 fidelium
613 381 638 432 in
657 381 773 442 Ecclesia,
788 382 849 434 siout

54 457 102 502 tune
114 470 127 502 n
137 467 217 517 pausae
231 452 314 503 animm
329 451 398 503 salve
410 451 477 503 taeta
490 453 575 503 santio
589 465 651 517 area,
668 457 719 504 out
732 454 816 504 licitur
826 456 845 506 l.

55 526 123 586 Pela,
136 528 178 577 lll.
194 517 266 578 Ponit
277 525 347 576 otiam
362 525 483 576 transitum
497 525 565 576 maris
578 526 656 588 rubri,
675 525 714 590 qui
731 526 847 588 signifieat

55 602 146 649 nostrum
161 598 277 662 baptisma
292 595 401 660 qnantirm
414 597 442 647 ad
461 597 615 648 liberationem
633 597 646 648 i
664 597 772 648 seruitute
788 610 848 662 peo-

55 671 108 732 mli,
119 671 178 722 nune
191 675 215 721 et
227 669 352 733 Apostolus
364 668 420 719 dicit
438 670 457 718 1.
472 669 599 727 Corinth„
611 671 647 732 x,
660 670 722 734 quod
738 685 752 716 n
766 683 848 720 omnes

55 740 151 804 baptisati
163 743 220 792 suut
235 741 261 790 in
277 740 339 790 nobe
357 745 382 789 et
397 737 422 788 in
439 739 505 790 mari.
519 755 533 787 n
549 740 617 792 Ponit
635 740 706 792 otiam
720 738 848 792 ablutiones

57 811 144 862 bassas
163 825 217 876 quaa
235 811 321 862 fiebant
340 810 366 862 in
386 810 455 860 ueteri
474 810 542 874 lege,
558 812 726 876 prefigurautss
745 815 847 862 nostrum

55 882 156 947 baptisma
176 882 288 948 quantillo
302 884 330 932 ad
351 882 510 946 purgationem
526 888 678 946 peecatorum.
694 883 763 934 Ponit
776 883 846 934 eliam

53 953 182 1033 baptismum
193 954 305 1018 ioannis,
321 953 362 1019 qui
380 953 425 1004 luit
438 955 614 1018 praeparatorius
629 955 657 1006 ad
672 957 774 1006 nostrum
790 954 847 1018 bap-

335 1134 496 1188 bauconus
511 1135 561 1186 Xll.

80 1263 160 1310 osma
178 1264 310 1321 baptismus
334 1262 460 1318 impetun
478 1262 511 1306 sit
529 1241 668 1318 mereamur
687 1260 752 1305 trater
771 1260 822 1305 alia

368 1324 522 1382 baptismata.

85 1455 114 1505 tl
125 1453 280 1506 numunianum
294 1453 329 1504 sie
337 1452 469 1517 proceditur
481 1451 525 1516 (1).
544 1449 637 1502 violetur
652 1448 713 1514 qubd
723 1447 851 1513 baptismus

59 1525 162 1588 arpinis
176 1539 224 1576 non
243 1525 274 1575 sit
291 1523 423 1590 munros
436 1523 498 1573 inter
510 1523 552 1573 tria
569 1520 679 1585 predicta
699 1519 848 1584 baptismata.

62 1594 172 1658 flammas
186 1597 254 1647 enim
271 1609 336 1661 aqua
362 1593 471 1658 imprimit
489 1593 655 1655 characterem
679 1591 739 1655 qnod
759 1591 850 1656 quidem

63 1665 170 1729 bapismus
181 1668 303 1732 sangoinis
314 1680 361 1718 non
375 1665 439 1716 fauit.
457 1667 516 1728 llrgo
531 1664 658 1730 baptismus
672 1662 791 1726 sanguinis
805 1675 851 1714 uon

59 1742 90 1786 ost
100 1740 166 1802 potior
178 1739 248 1804 quim
262 1739 389 1804 baptismus
403 1750 477 1801 aqna.

86 1814 106 1860 t.
115 1813 242 1873 Praeterea,
256 1811 387 1875 baptismus
403 1807 522 1874 sangoinis
536 1821 582 1860 uon
595 1805 656 1858 ualet
671 1802 721 1856 sine
739 1804 851 1869 baptismo

20 1880 21 1883 ’
59 1880 161 1945 flaminis,
174 1883 215 1948 qui
231 1885 267 1934 est
281 1895 324 1947 per
342 1879 488 1944 ebantatem3
504 1879 586 1930 dieitur
608 1877 670 1929 enim
689 1877 709 1927 l.
728 1875 764 1926 ad
780 1877 850 1936 Cor„

20 1982 21 2020 3
40 1952 102 2002 ollll
114 1969 120 2002 ι
134 1972 147 2003 n
160 1955 184 2005 si
196 1955 281 2006 dedero
300 1966 385 2017 eorpus
403 1965 478 2003 meum
496 1951 529 2002 ita
548 1953 572 2000 ot
592 1949 697 2012 ardeam,
718 1947 851 1999 charitatem

59 2028 124 2076 anem
135 2041 181 2079 non
193 2025 304 2089 habuero,
322 2023 380 2075 nibil
400 2023 456 2073 mibi
469 2022 571 2086 prodest.
587 2037 601 2070 n
615 2021 660 2073 Sed
674 2019 801 2084 baptismus
811 2020 853 2070 tla-

57 2095 118 2149 niais
131 2100 194 2150 salet
206 2099 258 2149 sine
271 2097 385 2162 baptismo
402 2094 535 2160 sanguinis3
550 2107 597 2146 non
609 2092 671 2144 enim
682 2091 726 2143 soli
737 2095 852 2156 martyres

60 2169 171 2222 mirantur.
188 2173 251 2236 Ergo
264 2170 391 2235 baptismus
405 2167 523 2231 sanguinis
538 2181 584 2218 non
599 2170 634 2216 est
647 2163 787 2229 potissimus.

86 2247 107 2292 a.
124 2245 252 2307 Fraterno,
269 2244 329 2294 siem
338 2240 467 2306 baptismus
477 2253 542 2304 aquae
553 2239 622 2290 habet
635 2235 761 2289 elticaoiem
774 2235 787 2286 i
800 2249 854 2300 pas·

61 2313 114 2367 sione
129 2316 226 2378 maian,
245 2315 300 2377 cui,
314 2312 441 2366 seeundirm
455 2311 564 2375 prodicta
583 2313 641 2373 (art.
657 2313 685 2360 ll
695 2309 715 2372 l,
731 2308 853 2372 respondet

60 2384 175 2451 baptismus
199 2385 334 2451 sanguinis,
349 2384 382 2435 ita
401 2383 479 2448 passio
500 2381 587 2434 Christi
608 2379 734 2432 elisaciam
751 2379 821 2430 babet
840 2378 854 2429 ia

62 2457 140 2521 Spiritu
147 2463 242 2520 mnata,
257 2455 384 2511 maulim
394 2455 449 2508 illud
466 2454 550 2512 Heba„
565 2455 596 2504 lll
606 2467 613 2503 ε
625 2469 638 2500 «
649 2451 747 2514 Sanguis
759 2449 854 2509 Christi,

61 2530 94 2593 toi
103 2531 261 2596 perspiritum
272 2533 376 2582 mpetum
386 2527 467 2580 obtulit
477 2526 627 2590 semetipsum
638 2537 680 2589 pro
691 2523 766 2586 nobis,
775 2535 856 2572 emuna

88 2648 118 2712 (t)
131 2655 163 2698 lle
176 2652 213 2696 his
230 2651 301 2696 etiam
310 2649 354 2705 Π,
365 2647 444 2697 Seni„
454 2647 509 2694 (list.
526 2644 557 2706 t,
570 2657 611 2702 qu.
632 2643 662 2703 3,
679 2647 723 2690 art.
739 2641 763 2700 3,
778 2653 854 2699 queas·

63 2713 159 2770 tiono.t;
176 2722 200 2760 et
213 2712 299 2763 Heba„
314 2713 358 2757 Vl.
530 2719 537 2728 ·

89 2783 116 2845 (Ξ)
130 2787 173 2834 Hie
186 2791 266 2832 textus
276 2785 404 2830 desumitur
416 2795 445 2828 ex
454 2781 515 2827 libro
528 2779 653 2838 Gennadii,
671 2779 705 2823 De
724 2777 853 2823 ecclesiast.

62 2845 211 2904 donasses,
228 2861 282 2905 oop.
291 2846 332 2903 tt,
345 2849 406 2892 inter
414 2858 486 2902 opera
502 2843 649 2900 supposititia
665 2838 798 2897 Augustini.
810 2839 856 2882 lte-

62 2908 165 2957 tenmln
187 2911 312 2960 Motis,
327 2910 362 2958 De
382 2906 594 2957 consentu-(list.
615 2904 718 2962 t,osp.
741 2899 856 2946 Cateelras-

63 2983 157 3021 mn.
