<?xml version="1.0" encoding="UTF-8"?>
<!DOCTYPE html PUBLIC "-//W3C//DTD XHTML 1.0 Transitional//EN"
    "http://www.w3.org/TR/xhtml1/DTD/xhtml1-transitional.dtd">
<html xmlns="http://www.w3.org/1999/xhtml" xml:lang="en" lang="en">
 <head>
  <title>
</title>
<meta http-equiv="Content-Type" content="text/html;charset=utf-8" />
  <meta name='ocr-system' content='tesseract 3.04.00' />
  <meta name='ocr-capabilities' content='ocr_page ocr_carea ocr_par ocr_line ocrx_word'/>
</head>
<body>
  <div class='ocr_page' id='page_1' title='image "./summatheologica01nicogoog_0863.png"; bbox 0 0 1942 3284; ppageno 0'>
   <div class='ocr_carea' id='block_1_1' title="bbox 215 173 828 234">
    <p class='ocr_par' dir='ltr' id='par_1_1' title="bbox 215 173 828 234">
     <span class='ocr_line' id='line_1_1' title="bbox 215 173 828 234; baseline 0.002 -14"><span class='ocrx_word' id='word_1_1' title='bbox 215 183 246 220; x_wconf 87' lang='lat' dir='ltr'>on</span> <span class='ocrx_word' id='word_1_2' title='bbox 262 182 428 220; x_wconf 82' lang='lat' dir='ltr'>nrsrrnnrrouu</span> <span class='ocrx_word' id='word_1_3' title='bbox 443 183 567 234; x_wconf 79' lang='lat' dir='ltr'>cnosson,</span> <span class='ocrx_word' id='word_1_4' title='bbox 584 183 639 222; x_wconf 79' lang='lat' dir='ltr'>nnc.</span> <span class='ocrx_word' id='word_1_5' title='bbox 782 173 828 222; x_wconf 84' lang='lat' dir='ltr'>sat</span> 
     </span>
    </p>
   </div>
   <div class='ocr_carea' id='block_1_2' title="bbox 7 257 893 2968">
    <p class='ocr_par' dir='ltr' id='par_1_2' title="bbox 7 257 827 382">
     <span class='ocr_line' id='line_1_2' title="bbox 10 257 827 324; baseline -0.005 -12"><span class='ocrx_word' id='word_1_6' title='bbox 10 257 115 312; x_wconf 84' lang='lat' dir='ltr'>ostiarii</span> <span class='ocrx_word' id='word_1_7' title='bbox 128 257 197 322; x_wconf 81' lang='lat' dir='ltr'>quim</span> <span class='ocrx_word' id='word_1_8' title='bbox 211 257 250 310; x_wconf 88' lang='lat' dir='ltr'>alii</span> <span class='ocrx_word' id='word_1_9' title='bbox 260 257 371 310; x_wconf 86' lang='lat' dir='ltr'>nomines.</span> <span class='ocrx_word' id='word_1_10' title='bbox 384 259 443 322; x_wconf 80' lang='lat' dir='ltr'>ttrgo</span> <span class='ocrx_word' id='word_1_11' title='bbox 456 260 502 310; x_wconf 86' lang='lat' dir='ltr'>hoc</span> <span class='ocrx_word' id='word_1_12' title='bbox 516 273 561 311; x_wconf 92' lang='lat' dir='ltr'>non</span> <span class='ocrx_word' id='word_1_13' title='bbox 577 259 646 310; x_wconf 86' lang='lat' dir='ltr'>debet</span> <span class='ocrx_word' id='word_1_14' title='bbox 655 259 711 323; x_wconf 87' lang='lat' dir='ltr'>poni</span> <span class='ocrx_word' id='word_1_15' title='bbox 719 260 783 310; x_wconf 89' lang='lat' dir='ltr'>actus</span> <span class='ocrx_word' id='word_1_16' title='bbox 791 259 827 324; x_wconf 91' lang='lat' dir='ltr'>ip-</span> 
     </span>
     <span class='ocr_line' id='line_1_3' title="bbox 7 343 109 382; baseline -0.029 0"><span class='ocrx_word' id='word_1_17' title='bbox 7 343 109 382; x_wconf 87' lang='lat' dir='ltr'>sorum.</span> 
     </span>
    </p>

    <p class='ocr_par' dir='ltr' id='par_1_3' title="bbox 10 399 828 610">
     <span class='ocr_line' id='line_1_4' title="bbox 52 399 826 465; baseline 0.003 -14"><span class='ocrx_word' id='word_1_18' title='bbox 52 402 224 465; x_wconf 79' lang='lat' dir='ltr'>(Concnnsro.</span> <span class='ocrx_word' id='word_1_19' title='bbox 243 427 274 438; x_wconf 96' lang='lat'>-</span> <span class='ocrx_word' id='word_1_20' title='bbox 285 399 428 452; x_wconf 78' lang='lat' dir='ltr'>Conveniens</span> <span class='ocrx_word' id='word_1_21' title='bbox 448 399 544 463; x_wconf 81' lang='lat' dir='ltr'>singulis</span> <span class='ocrx_word' id='word_1_22' title='bbox 563 401 679 452; x_wconf 81' lang='lat' dir='ltr'>ordinibus</span> <span class='ocrx_word' id='word_1_23' title='bbox 696 401 826 464; x_wconf 54' lang='lat' dir='ltr'>assusatus</span> 
     </span>
     <span class='ocr_line' id='line_1_5' title="bbox 10 470 828 537; baseline -0.001 -12"><span class='ocrx_word' id='word_1_24' title='bbox 10 477 54 525; x_wconf 88' lang='lat' dir='ltr'>est</span> <span class='ocrx_word' id='word_1_25' title='bbox 68 470 319 536; x_wconf 84' lang='lat' dir='ltr'>actus,ittenimiri1na</span> <span class='ocrx_word' id='word_1_26' title='bbox 335 485 376 537; x_wconf 87' lang='lat' dir='ltr'>per</span> <span class='ocrx_word' id='word_1_27' title='bbox 389 485 457 535; x_wconf 78' lang='lat' dir='ltr'>quem</span> <span class='ocrx_word' id='word_1_28' title='bbox 470 473 572 536; x_wconf 78' lang='lat' dir='ltr'>proxime</span> <span class='ocrx_word' id='word_1_29' title='bbox 589 474 618 524; x_wconf 89' lang='lat' dir='ltr'>ad</span> <span class='ocrx_word' id='word_1_30' title='bbox 628 471 777 524; x_wconf 69' lang='lat' dir='ltr'>Eucharistiae</span> <span class='ocrx_word' id='word_1_31' title='bbox 789 486 828 524; x_wconf 91' lang='lat' dir='ltr'>sa·</span> 
     </span>
     <span class='ocr_line' id='line_1_6' title="bbox 13 544 631 610; baseline -0.005 -13"><span class='ocrx_word' id='word_1_32' title='bbox 13 547 172 598; x_wconf 79' lang='lat' dir='ltr'>uramentum</span> <span class='ocrx_word' id='word_1_33' title='bbox 182 545 296 596; x_wconf 85' lang='lat' dir='ltr'>ordinatur</span> <span class='ocrx_word' id='word_1_34' title='bbox 310 544 383 610; x_wconf 87' lang='lat' dir='ltr'>siqui</span> <span class='ocrx_word' id='word_1_35' title='bbox 398 544 500 596; x_wconf 84' lang='lat' dir='ltr'>ordinem</span> <span class='ocrx_word' id='word_1_36' title='bbox 510 545 631 609; x_wconf 82' lang='lat' dir='ltr'>suscipit)</span> 
     </span>
    </p>

    <p class='ocr_par' dir='ltr' id='par_1_4' title="bbox 16 616 836 1456">
     <span class='ocr_line' id='line_1_7' title="bbox 51 616 832 681; baseline 0 -13"><span class='ocrx_word' id='word_1_37' title='bbox 51 617 199 681; x_wconf 87' lang='lat' dir='ltr'>Respondeo</span> <span class='ocrx_word' id='word_1_38' title='bbox 220 616 356 678; x_wconf 87' lang='lat' dir='ltr'>dicendum,</span> <span class='ocrx_word' id='word_1_39' title='bbox 378 616 438 680; x_wconf 88' lang='lat' dir='ltr'>qubd</span> <span class='ocrx_word' id='word_1_40' title='bbox 456 616 509 667; x_wconf 84' lang='lat' dir='ltr'>oium</span> <span class='ocrx_word' id='word_1_41' title='bbox 526 617 745 681; x_wconf 62' lang='lat' dir='ltr'>conscensumque</span> <span class='ocrx_word' id='word_1_42' title='bbox 764 617 790 667; x_wconf 87' lang='lat' dir='ltr'>nt</span> <span class='ocrx_word' id='word_1_43' title='bbox 806 618 832 668; x_wconf 91' lang='lat' dir='ltr'>in</span> 
     </span>
     <span class='ocr_line' id='line_1_8' title="bbox 16 688 830 749; baseline -0.001 -7"><span class='ocrx_word' id='word_1_44' title='bbox 16 688 118 742; x_wconf 83' lang='lat' dir='ltr'>ordinis</span> <span class='ocrx_word' id='word_1_45' title='bbox 133 691 290 749; x_wconf 84' lang='lat' dir='ltr'>sacramento,</span> <span class='ocrx_word' id='word_1_46' title='bbox 305 688 419 740; x_wconf 81' lang='lat' dir='ltr'>ordinetur</span> <span class='ocrx_word' id='word_1_47' title='bbox 437 688 465 739; x_wconf 91' lang='lat' dir='ltr'>ad</span> <span class='ocrx_word' id='word_1_48' title='bbox 479 691 647 739; x_wconf 88' lang='lat' dir='ltr'>sacramentnm</span> <span class='ocrx_word' id='word_1_49' title='bbox 666 689 830 746; x_wconf 79' lang='lat' dir='ltr'>Eucharistiae.</span> 
     </span>
     <span class='ocr_line' id='line_1_9' title="bbox 16 759 832 826; baseline -0.002 -12"><span class='ocrx_word' id='word_1_50' title='bbox 16 767 48 814; x_wconf 90' lang='lat' dir='ltr'>ut</span> <span class='ocrx_word' id='word_1_51' title='bbox 69 761 163 811; x_wconf 89' lang='lat' dir='ltr'>dictum</span> <span class='ocrx_word' id='word_1_52' title='bbox 177 763 213 810; x_wconf 91' lang='lat' dir='ltr'>est</span> <span class='ocrx_word' id='word_1_53' title='bbox 227 761 287 824; x_wconf 89' lang='lat' dir='ltr'>(art.</span> <span class='ocrx_word' id='word_1_54' title='bbox 304 760 349 824; x_wconf 72' lang='lat' dir='ltr'>u),</span> <span class='ocrx_word' id='word_1_55' title='bbox 362 760 401 811; x_wconf 91' lang='lat' dir='ltr'>itte</span> <span class='ocrx_word' id='word_1_56' title='bbox 412 764 447 812; x_wconf 91' lang='grc' dir='ltr'>εει</span> <span class='ocrx_word' id='word_1_57' title='bbox 460 759 593 826; x_wconf 82' lang='lat' dir='ltr'>principalis</span> <span class='ocrx_word' id='word_1_58' title='bbox 605 763 670 810; x_wconf 90' lang='lat' dir='ltr'>actus</span> <span class='ocrx_word' id='word_1_59' title='bbox 685 761 832 826; x_wconf 84' lang='lat' dir='ltr'>uniuscujus-</span> 
     </span>
     <span class='ocr_line' id='line_1_10' title="bbox 17 830 832 898; baseline -0.002 -14"><span class='ocrx_word' id='word_1_60' title='bbox 17 846 70 898; x_wconf 86' lang='lat' dir='ltr'>que</span> <span class='ocrx_word' id='word_1_61' title='bbox 84 832 189 894; x_wconf 88' lang='lat' dir='ltr'>ordinis,</span> <span class='ocrx_word' id='word_1_62' title='bbox 201 830 324 882; x_wconf 89' lang='lat' dir='ltr'>secundirm</span> <span class='ocrx_word' id='word_1_63' title='bbox 335 845 402 896; x_wconf 80' lang='lat' dir='ltr'>quarn</span> <span class='ocrx_word' id='word_1_64' title='bbox 416 832 490 894; x_wconf 78' lang='lat' dir='ltr'>magis</span> <span class='ocrx_word' id='word_1_65' title='bbox 504 830 608 896; x_wconf 79' lang='lat' dir='ltr'>proxime</span> <span class='ocrx_word' id='word_1_66' title='bbox 620 832 737 883; x_wconf 88' lang='lat' dir='ltr'>ordinatur</span> <span class='ocrx_word' id='word_1_67' title='bbox 745 834 774 884; x_wconf 89' lang='lat' dir='ltr'>ad</span> <span class='ocrx_word' id='word_1_68' title='bbox 786 832 832 882; x_wconf 83' lang='lat' dir='ltr'>ltn-</span> 
     </span>
     <span class='ocr_line' id='line_1_11' title="bbox 18 903 834 965; baseline -0.001 -10"><span class='ocrx_word' id='word_1_69' title='bbox 18 903 146 955; x_wconf 84' lang='lat' dir='ltr'>cbaristiae</span> <span class='ocrx_word' id='word_1_70' title='bbox 161 907 335 965; x_wconf 79' lang='lat' dir='ltr'>sacmmentum,</span> <span class='ocrx_word' id='word_1_71' title='bbox 347 907 371 954; x_wconf 90' lang='lat' dir='ltr'>et</span> <span class='ocrx_word' id='word_1_72' title='bbox 383 904 507 954; x_wconf 81' lang='lat' dir='ltr'>secuudum</span> <span class='ocrx_word' id='word_1_73' title='bbox 519 905 564 953; x_wconf 89' lang='lat' dir='ltr'>boc</span> <span class='ocrx_word' id='word_1_74' title='bbox 574 903 644 963; x_wconf 83' lang='lat' dir='ltr'>etiam</span> <span class='ocrx_word' id='word_1_75' title='bbox 656 917 717 954; x_wconf 91' lang='lat' dir='ltr'>unns</span> <span class='ocrx_word' id='word_1_76' title='bbox 729 905 784 956; x_wconf 87' lang='lat' dir='ltr'>ordo</span> <span class='ocrx_word' id='word_1_77' title='bbox 797 907 834 956; x_wconf 86' lang='grc' dir='ltr'>εει</span> 
     </span>
     <span class='ocr_line' id='line_1_12' title="bbox 16 973 832 1040; baseline 0.001 -14"><span class='ocrx_word' id='word_1_78' title='bbox 16 976 71 1026; x_wconf 87' lang='lat' dir='ltr'>atio</span> <span class='ocrx_word' id='word_1_79' title='bbox 89 973 240 1038; x_wconf 81' lang='lat' dir='ltr'>eminentior,</span> <span class='ocrx_word' id='word_1_80' title='bbox 254 973 378 1025; x_wconf 80' lang='lat' dir='ltr'>secunditm</span> <span class='ocrx_word' id='word_1_81' title='bbox 389 975 449 1038; x_wconf 85' lang='lat' dir='ltr'>qudd</span> <span class='ocrx_word' id='word_1_82' title='bbox 460 989 519 1025; x_wconf 89' lang='lat' dir='ltr'>unus</span> <span class='ocrx_word' id='word_1_83' title='bbox 530 977 594 1024; x_wconf 88' lang='lat' dir='ltr'>actus</span> <span class='ocrx_word' id='word_1_84' title='bbox 606 973 679 1038; x_wconf 77' lang='lat' dir='ltr'>magis</span> <span class='ocrx_word' id='word_1_85' title='bbox 691 975 719 1025; x_wconf 90' lang='lat' dir='ltr'>de</span> <span class='ocrx_word' id='word_1_86' title='bbox 728 976 832 1040; x_wconf 79' lang='lat' dir='ltr'>proximo</span> 
     </span>
     <span class='ocr_line' id='line_1_13' title="bbox 18 1045 832 1111; baseline 0.001 -13"><span class='ocrx_word' id='word_1_87' title='bbox 18 1049 53 1100; x_wconf 90' lang='lat' dir='ltr'>ad</span> <span class='ocrx_word' id='word_1_88' title='bbox 63 1045 204 1111; x_wconf 69' lang='lat' dir='ltr'>predictum</span> <span class='ocrx_word' id='word_1_89' title='bbox 216 1050 380 1096; x_wconf 89' lang='lat' dir='ltr'>sacramentum</span> <span class='ocrx_word' id='word_1_90' title='bbox 392 1046 516 1098; x_wconf 90' lang='lat' dir='ltr'>ordinatur.</span> <span class='ocrx_word' id='word_1_91' title='bbox 524 1046 569 1097; x_wconf 85' lang='lat' dir='ltr'>Sed</span> <span class='ocrx_word' id='word_1_92' title='bbox 577 1045 631 1109; x_wconf 85' lang='lat' dir='ltr'>quia</span> <span class='ocrx_word' id='word_1_93' title='bbox 641 1047 670 1096; x_wconf 89' lang='lat' dir='ltr'>ad</span> <span class='ocrx_word' id='word_1_94' title='bbox 680 1045 832 1099; x_wconf 75' lang='lat' dir='ltr'>coenamus</span> 
     </span>
     <span class='ocr_line' id='line_1_14' title="bbox 21 1115 834 1182; baseline -0.005 -10"><span class='ocrx_word' id='word_1_95' title='bbox 21 1121 203 1172; x_wconf 87' lang='lat' dir='ltr'>sacramentum</span> <span class='ocrx_word' id='word_1_96' title='bbox 218 1117 282 1180; x_wconf 83' lang='lat' dir='ltr'>quasi</span> <span class='ocrx_word' id='word_1_97' title='bbox 294 1117 454 1182; x_wconf 77' lang='lat' dir='ltr'>dignissimum</span> <span class='ocrx_word' id='word_1_98' title='bbox 468 1117 538 1168; x_wconf 87' lang='lat' dir='ltr'>multa</span> <span class='ocrx_word' id='word_1_99' title='bbox 559 1116 702 1178; x_wconf 88' lang='lat' dir='ltr'>ordinantur,</span> <span class='ocrx_word' id='word_1_100' title='bbox 717 1115 769 1168; x_wconf 90' lang='lat' dir='ltr'>ideo</span> <span class='ocrx_word' id='word_1_101' title='bbox 785 1129 834 1168; x_wconf 91' lang='lat' dir='ltr'>non</span> 
     </span>
     <span class='ocr_line' id='line_1_15' title="bbox 19 1188 834 1254; baseline -0.004 -11"><span class='ocrx_word' id='word_1_102' title='bbox 19 1195 61 1243; x_wconf 85' lang='lat' dir='ltr'>est</span> <span class='ocrx_word' id='word_1_103' title='bbox 84 1189 255 1240; x_wconf 78' lang='lat' dir='ltr'>inconveniens</span> <span class='ocrx_word' id='word_1_104' title='bbox 270 1192 296 1240; x_wconf 92' lang='lat' dir='ltr'>ut</span> <span class='ocrx_word' id='word_1_105' title='bbox 311 1192 394 1253; x_wconf 80' lang='lat' dir='ltr'>preter</span> <span class='ocrx_word' id='word_1_106' title='bbox 410 1190 560 1254; x_wconf 80' lang='lat' dir='ltr'>principalem</span> <span class='ocrx_word' id='word_1_107' title='bbox 577 1192 653 1239; x_wconf 89' lang='lat' dir='ltr'>actum</span> <span class='ocrx_word' id='word_1_108' title='bbox 668 1188 737 1238; x_wconf 86' lang='lat' dir='ltr'>etiam</span> <span class='ocrx_word' id='word_1_109' title='bbox 749 1189 834 1240; x_wconf 85' lang='lat' dir='ltr'>multos</span> 
     </span>
     <span class='ocr_line' id='line_1_16' title="bbox 21 1259 834 1325; baseline -0.004 -13"><span class='ocrx_word' id='word_1_110' title='bbox 21 1266 96 1312; x_wconf 83' lang='lat' dir='ltr'>octus</span> <span class='ocrx_word' id='word_1_111' title='bbox 110 1274 171 1310; x_wconf 92' lang='lat' dir='ltr'>unus</span> <span class='ocrx_word' id='word_1_112' title='bbox 183 1261 237 1312; x_wconf 92' lang='lat' dir='ltr'>ordo</span> <span class='ocrx_word' id='word_1_113' title='bbox 252 1261 349 1322; x_wconf 88' lang='lat' dir='ltr'>habeat,</span> <span class='ocrx_word' id='word_1_114' title='bbox 362 1263 385 1311; x_wconf 89' lang='lat' dir='ltr'>et</span> <span class='ocrx_word' id='word_1_115' title='bbox 398 1261 461 1310; x_wconf 82' lang='lat' dir='ltr'>tauto</span> <span class='ocrx_word' id='word_1_116' title='bbox 475 1263 553 1325; x_wconf 91' lang='lat' dir='ltr'>plures</span> <span class='ocrx_word' id='word_1_117' title='bbox 575 1260 662 1324; x_wconf 87' lang='lat' dir='ltr'>quautb</span> <span class='ocrx_word' id='word_1_118' title='bbox 675 1262 712 1311; x_wconf 89' lang='lat' dir='ltr'>est</span> <span class='ocrx_word' id='word_1_119' title='bbox 730 1259 834 1310; x_wconf 85' lang='lat' dir='ltr'>eminen-</span> 
     </span>
     <span class='ocr_line' id='line_1_17' title="bbox 20 1331 836 1398; baseline -0.002 -14"><span class='ocrx_word' id='word_1_120' title='bbox 20 1334 74 1384; x_wconf 87' lang='lat' dir='ltr'>tior</span> <span class='ocrx_word' id='word_1_121' title='bbox 92 1347 99 1381; x_wconf 75' lang='lat' dir='ltr'>a</span> <span class='ocrx_word' id='word_1_122' title='bbox 120 1333 175 1394; x_wconf 87' lang='lat' dir='ltr'>quia</span> <span class='ocrx_word' id='word_1_123' title='bbox 187 1331 259 1383; x_wconf 85' lang='lat' dir='ltr'>virtus</span> <span class='ocrx_word' id='word_1_124' title='bbox 273 1331 358 1397; x_wconf 86' lang='lat' dir='ltr'>quantb</span> <span class='ocrx_word' id='word_1_125' title='bbox 375 1337 411 1384; x_wconf 90' lang='lat' dir='ltr'>est</span> <span class='ocrx_word' id='word_1_126' title='bbox 424 1332 536 1398; x_wconf 85' lang='lat' dir='ltr'>superior,</span> <span class='ocrx_word' id='word_1_127' title='bbox 549 1333 613 1384; x_wconf 85' lang='lat' dir='ltr'>tantb</span> <span class='ocrx_word' id='word_1_128' title='bbox 628 1334 656 1384; x_wconf 85' lang='lat' dir='ltr'>ad</span> <span class='ocrx_word' id='word_1_129' title='bbox 671 1333 738 1398; x_wconf 88' lang='lat' dir='ltr'>ptura</span> <span class='ocrx_word' id='word_1_130' title='bbox 753 1345 779 1384; x_wconf 89' lang='lat' dir='ltr'>se</span> <span class='ocrx_word' id='word_1_131' title='bbox 794 1344 836 1382; x_wconf 87' lang='lat' dir='ltr'>ex·</span> 
     </span>
     <span class='ocr_line' id='line_1_18' title="bbox 21 1403 115 1456; baseline -0.032 0"><span class='ocrx_word' id='word_1_132' title='bbox 21 1403 115 1456; x_wconf 90' lang='lat' dir='ltr'>tendit.</span> 
     </span>
    </p>

    <p class='ocr_par' dir='ltr' id='par_1_5' title="bbox 24 1475 893 2245">
     <span class='ocr_line' id='line_1_19' title="bbox 61 1475 834 1540; baseline -0.001 -13"><span class='ocrx_word' id='word_1_133' title='bbox 61 1478 99 1527; x_wconf 74' lang='lat' dir='ltr'>bd</span> <span class='ocrx_word' id='word_1_134' title='bbox 111 1475 210 1540; x_wconf 85' lang='lat' dir='ltr'>primunt</span> <span class='ocrx_word' id='word_1_135' title='bbox 222 1489 276 1540; x_wconf 80' lang='lat' dir='ltr'>ergo</span> <span class='ocrx_word' id='word_1_136' title='bbox 287 1476 415 1538; x_wconf 86' lang='lat' dir='ltr'>dicendum,</span> <span class='ocrx_word' id='word_1_137' title='bbox 426 1477 488 1540; x_wconf 81' lang='lat' dir='ltr'>qubd</span> <span class='ocrx_word' id='word_1_138' title='bbox 496 1476 580 1540; x_wconf 81' lang='lat' dir='ltr'>duplex</span> <span class='ocrx_word' id='word_1_139' title='bbox 591 1480 627 1527; x_wconf 85' lang='lat' dir='ltr'>est</span> <span class='ocrx_word' id='word_1_140' title='bbox 638 1475 772 1540; x_wconf 74' lang='lat' dir='ltr'>praeparatio</span> <span class='ocrx_word' id='word_1_141' title='bbox 784 1487 834 1526; x_wconf 74' lang='lat' dir='ltr'>sus</span> 
     </span>
     <span class='ocr_line' id='line_1_20' title="bbox 25 1546 837 1613; baseline -0.004 -14"><span class='ocrx_word' id='word_1_142' title='bbox 25 1547 169 1613; x_wconf 86' lang='lat' dir='ltr'>cipientium</span> <span class='ocrx_word' id='word_1_143' title='bbox 188 1553 353 1599; x_wconf 87' lang='lat' dir='ltr'>sacramentum</span> <span class='ocrx_word' id='word_1_144' title='bbox 368 1565 374 1598; x_wconf 74' lang='grc' dir='ltr'><strong>ι</strong></span> <span class='ocrx_word' id='word_1_145' title='bbox 389 1549 491 1612; x_wconf 85' lang='lat' dir='ltr'>quaedam</span> <span class='ocrx_word' id='word_1_146' title='bbox 509 1552 613 1608; x_wconf 89' lang='lat' dir='ltr'>remota,</span> <span class='ocrx_word' id='word_1_147' title='bbox 627 1552 651 1598; x_wconf 90' lang='grc' dir='ltr'><strong>ει</strong></span> <span class='ocrx_word' id='word_1_148' title='bbox 666 1548 717 1597; x_wconf 78' lang='lat' dir='ltr'>bec</span> <span class='ocrx_word' id='word_1_149' title='bbox 733 1559 774 1610; x_wconf 90' lang='lat' dir='ltr'>per</span> <span class='ocrx_word' id='word_1_150' title='bbox 793 1546 837 1596; x_wconf 89' lang='lat' dir='ltr'>mi·</span> 
     </span>
     <span class='ocr_line' id='line_1_21' title="bbox 25 1616 835 1684; baseline -0.005 -12"><span class='ocrx_word' id='word_1_151' title='bbox 25 1620 120 1672; x_wconf 84' lang='lat' dir='ltr'>nistros</span> <span class='ocrx_word' id='word_1_152' title='bbox 131 1618 228 1669; x_wconf 78' lang='lat' dir='ltr'>efficitur</span> <span class='ocrx_word' id='word_1_153' title='bbox 240 1620 342 1683; x_wconf 88' lang='lat' dir='ltr'>quaedarn</span> <span class='ocrx_word' id='word_1_154' title='bbox 355 1619 473 1684; x_wconf 80' lang='lat' dir='ltr'>proxima,</span> <span class='ocrx_word' id='word_1_155' title='bbox 488 1632 534 1683; x_wconf 87' lang='lat' dir='ltr'>qua</span> <span class='ocrx_word' id='word_1_156' title='bbox 547 1619 624 1669; x_wconf 85' lang='lat' dir='ltr'>statim</span> <span class='ocrx_word' id='word_1_157' title='bbox 637 1616 770 1668; x_wconf 82' lang='lat' dir='ltr'>efficiuntur</span> <span class='ocrx_word' id='word_1_158' title='bbox 784 1617 835 1668; x_wconf 93' lang='lat' dir='ltr'>ido·</span> 
     </span>
     <span class='ocr_line' id='line_1_22' title="bbox 24 1688 893 1756; baseline -0.005 -14"><span class='ocrx_word' id='word_1_159' title='bbox 24 1690 71 1742; x_wconf 87' lang='lat' dir='ltr'>nei</span> <span class='ocrx_word' id='word_1_160' title='bbox 101 1690 130 1739; x_wconf 90' lang='lat' dir='ltr'>ad</span> <span class='ocrx_word' id='word_1_161' title='bbox 151 1694 342 1741; x_wconf 85' lang='lat' dir='ltr'>sacramentorum</span> <span class='ocrx_word' id='word_1_162' title='bbox 367 1689 550 1756; x_wconf 67' lang='lat' dir='ltr'>susceptionem</span> <span class='ocrx_word' id='word_1_163' title='bbox 572 1693 596 1739; x_wconf 87' lang='lat' dir='ltr'>et</span> <span class='ocrx_word' id='word_1_164' title='bbox 615 1691 663 1741; x_wconf 76' lang='lat' dir='ltr'>boc</span> <span class='ocrx_word' id='word_1_165' title='bbox 687 1688 787 1753; x_wconf 76' lang='lat' dir='ltr'>pertinet</span> <span class='ocrx_word' id='word_1_166' title='bbox 807 1689 837 1739; x_wconf 87' lang='lat' dir='ltr'>ad</span> <span class='ocrx_word' id='word_1_167' title='bbox 889 1729 893 1738; x_wconf 88' lang='lat'>.</span> 
     </span>
     <span class='ocr_line' id='line_1_23' title="bbox 25 1759 837 1825; baseline -0.005 -11"><span class='ocrx_word' id='word_1_168' title='bbox 25 1762 180 1823; x_wconf 86' lang='lat' dir='ltr'>sacerdotes,</span> <span class='ocrx_word' id='word_1_169' title='bbox 190 1761 243 1824; x_wconf 86' lang='lat' dir='ltr'>quia</span> <span class='ocrx_word' id='word_1_170' title='bbox 256 1761 325 1812; x_wconf 88' lang='lat' dir='ltr'>etiam</span> <span class='ocrx_word' id='word_1_171' title='bbox 335 1761 359 1811; x_wconf 92' lang='lat' dir='ltr'>in</span> <span class='ocrx_word' id='word_1_172' title='bbox 372 1761 511 1812; x_wconf 84' lang='lat' dir='ltr'>naturatibus</span> <span class='ocrx_word' id='word_1_173' title='bbox 524 1761 552 1811; x_wconf 91' lang='lat' dir='ltr'>ab</span> <span class='ocrx_word' id='word_1_174' title='bbox 562 1761 643 1811; x_wconf 91' lang='lat' dir='ltr'>eodem</span> <span class='ocrx_word' id='word_1_175' title='bbox 655 1763 736 1825; x_wconf 83' lang='lat' dir='ltr'>agente</span> <span class='ocrx_word' id='word_1_176' title='bbox 749 1759 776 1809; x_wconf 86' lang='lat' dir='ltr'>nt</span> <span class='ocrx_word' id='word_1_177' title='bbox 788 1771 837 1810; x_wconf 91' lang='lat' dir='ltr'>rna-</span> 
     </span>
     <span class='ocr_line' id='line_1_24' title="bbox 29 1831 837 1897; baseline -0.004 -12"><span class='ocrx_word' id='word_1_178' title='bbox 29 1833 95 1885; x_wconf 86' lang='lat' dir='ltr'>teria</span> <span class='ocrx_word' id='word_1_179' title='bbox 111 1833 135 1882; x_wconf 90' lang='lat' dir='ltr'>in</span> <span class='ocrx_word' id='word_1_180' title='bbox 154 1832 232 1883; x_wconf 88' lang='lat' dir='ltr'>ultima</span> <span class='ocrx_word' id='word_1_181' title='bbox 249 1831 398 1897; x_wconf 71' lang='lat' dir='ltr'>dispositione</span> <span class='ocrx_word' id='word_1_182' title='bbox 416 1832 444 1883; x_wconf 89' lang='lat' dir='ltr'>ad</span> <span class='ocrx_word' id='word_1_183' title='bbox 457 1833 553 1883; x_wconf 81' lang='lat' dir='ltr'>formam</span> <span class='ocrx_word' id='word_1_184' title='bbox 566 1871 573 1894; x_wconf 92' lang='lat'>,</span> <span class='ocrx_word' id='word_1_185' title='bbox 588 1835 612 1882; x_wconf 89' lang='lat' dir='ltr'>et</span> <span class='ocrx_word' id='word_1_186' title='bbox 628 1832 709 1896; x_wconf 87' lang='lat' dir='ltr'>recipit</span> <span class='ocrx_word' id='word_1_187' title='bbox 730 1833 837 1883; x_wconf 86' lang='lat' dir='ltr'>termam.</span> 
     </span>
     <span class='ocr_line' id='line_1_25' title="bbox 30 1902 838 1970; baseline -0.005 -12"><span class='ocrx_word' id='word_1_188' title='bbox 30 1903 65 1958; x_wconf 85' lang='lat' dir='ltr'>Et</span> <span class='ocrx_word' id='word_1_189' title='bbox 79 1903 132 1968; x_wconf 85' lang='lat' dir='ltr'>quia</span> <span class='ocrx_word' id='word_1_190' title='bbox 145 1902 169 1954; x_wconf 90' lang='lat' dir='ltr'>in</span> <span class='ocrx_word' id='word_1_191' title='bbox 182 1905 285 1969; x_wconf 82' lang='lat' dir='ltr'>proxima</span> <span class='ocrx_word' id='word_1_192' title='bbox 295 1902 443 1970; x_wconf 85' lang='lat' dir='ltr'>dispositione</span> <span class='ocrx_word' id='word_1_193' title='bbox 453 1904 480 1954; x_wconf 89' lang='lat' dir='ltr'>ad</span> <span class='ocrx_word' id='word_1_194' title='bbox 491 1903 659 1954; x_wconf 83' lang='lat' dir='ltr'>Eucharistiam</span> <span class='ocrx_word' id='word_1_195' title='bbox 668 1905 694 1953; x_wconf 86' lang='lat' dir='ltr'>tit</span> <span class='ocrx_word' id='word_1_196' title='bbox 705 1903 788 1968; x_wconf 87' lang='lat' dir='ltr'>aliquis</span> <span class='ocrx_word' id='word_1_197' title='bbox 796 1916 838 1968; x_wconf 88' lang='lat' dir='ltr'>per</span> 
     </span>
     <span class='ocr_line' id='line_1_26' title="bbox 29 1974 839 2042; baseline -0.007 -11"><span class='ocrx_word' id='word_1_198' title='bbox 29 1980 81 2030; x_wconf 90' lang='lat' dir='ltr'>boc</span> <span class='ocrx_word' id='word_1_199' title='bbox 97 1974 157 2039; x_wconf 86' lang='lat' dir='ltr'>qndd</span> <span class='ocrx_word' id='word_1_200' title='bbox 171 1974 185 2024; x_wconf 84' lang='lat' dir='ltr'>i</span> <span class='ocrx_word' id='word_1_201' title='bbox 201 1977 301 2039; x_wconf 88' lang='lat' dir='ltr'>peccatis</span> <span class='ocrx_word' id='word_1_202' title='bbox 318 1980 435 2042; x_wconf 75' lang='lat' dir='ltr'>purgatur,</span> <span class='ocrx_word' id='word_1_203' title='bbox 453 1976 506 2026; x_wconf 90' lang='lat' dir='ltr'>ideo</span> <span class='ocrx_word' id='word_1_204' title='bbox 525 1974 627 2026; x_wconf 89' lang='lat' dir='ltr'>omnium</span> <span class='ocrx_word' id='word_1_205' title='bbox 646 1979 839 2026; x_wconf 89' lang='lat' dir='ltr'>sacramentomm</span> 
     </span>
     <span class='ocr_line' id='line_1_27' title="bbox 33 2046 836 2114; baseline -0.002 -16"><span class='ocrx_word' id='word_1_206' title='bbox 33 2062 89 2114; x_wconf 84' lang='lat' dir='ltr'>quae</span> <span class='ocrx_word' id='word_1_207' title='bbox 106 2050 158 2098; x_wconf 87' lang='lat' dir='ltr'>sunt</span> <span class='ocrx_word' id='word_1_208' title='bbox 173 2046 277 2098; x_wconf 86' lang='lat' dir='ltr'>instituta</span> <span class='ocrx_word' id='word_1_209' title='bbox 292 2047 449 2113; x_wconf 80' lang='lat' dir='ltr'>principaliter</span> <span class='ocrx_word' id='word_1_210' title='bbox 465 2049 493 2098; x_wconf 82' lang='lat' dir='ltr'>art</span> <span class='ocrx_word' id='word_1_211' title='bbox 506 2047 668 2112; x_wconf 79' lang='lat' dir='ltr'>purgationem</span> <span class='ocrx_word' id='word_1_212' title='bbox 679 2049 836 2112; x_wconf 87' lang='lat' dir='ltr'>peccatomm,</span> 
     </span>
     <span class='ocr_line' id='line_1_28' title="bbox 35 2118 838 2184; baseline -0.004 -11"><span class='ocrx_word' id='word_1_213' title='bbox 35 2123 76 2173; x_wconf 91' lang='lat' dir='ltr'>est</span> <span class='ocrx_word' id='word_1_214' title='bbox 95 2121 197 2170; x_wconf 90' lang='lat' dir='ltr'>minister</span> <span class='ocrx_word' id='word_1_215' title='bbox 206 2119 311 2184; x_wconf 89' lang='lat' dir='ltr'>proprius</span> <span class='ocrx_word' id='word_1_216' title='bbox 328 2121 447 2183; x_wconf 83' lang='lat' dir='ltr'>sacerdos,</span> <span class='ocrx_word' id='word_1_217' title='bbox 458 2119 547 2170; x_wconf 86' lang='lat' dir='ltr'>scilicet</span> <span class='ocrx_word' id='word_1_218' title='bbox 565 2118 682 2182; x_wconf 81' lang='lat' dir='ltr'>baptismi,</span> <span class='ocrx_word' id='word_1_219' title='bbox 695 2118 838 2183; x_wconf 76' lang='lat' dir='ltr'>penitentie</span> 
     </span>
     <span class='ocr_line' id='line_1_29' title="bbox 32 2190 315 2245; baseline -0.011 -1"><span class='ocrx_word' id='word_1_220' title='bbox 32 2203 60 2245; x_wconf 85' lang='lat' dir='ltr'>et</span> <span class='ocrx_word' id='word_1_221' title='bbox 72 2195 176 2242; x_wconf 77' lang='lat' dir='ltr'>extreme</span> <span class='ocrx_word' id='word_1_222' title='bbox 191 2190 315 2242; x_wconf 90' lang='lat' dir='ltr'>unctionis.</span> 
     </span>
    </p>

    <p class='ocr_par' dir='ltr' id='par_1_6' title="bbox 37 2260 842 2812">
     <span class='ocr_line' id='line_1_30' title="bbox 70 2260 839 2326; baseline -0.001 -14"><span class='ocrx_word' id='word_1_223' title='bbox 70 2263 105 2312; x_wconf 79' lang='lat' dir='ltr'>Ad</span> <span class='ocrx_word' id='word_1_224' title='bbox 122 2263 246 2312; x_wconf 89' lang='lat' dir='ltr'>secundum</span> <span class='ocrx_word' id='word_1_225' title='bbox 264 2262 397 2325; x_wconf 88' lang='lat' dir='ltr'>dicendum,</span> <span class='ocrx_word' id='word_1_226' title='bbox 409 2262 470 2326; x_wconf 86' lang='lat' dir='ltr'>qudd</span> <span class='ocrx_word' id='word_1_227' title='bbox 487 2265 551 2312; x_wconf 90' lang='lat' dir='ltr'>actus</span> <span class='ocrx_word' id='word_1_228' title='bbox 568 2260 639 2324; x_wconf 84' lang='lat' dir='ltr'>aliqui</span> <span class='ocrx_word' id='word_1_229' title='bbox 656 2260 789 2312; x_wconf 78' lang='lat' dir='ltr'>immediate</span> <span class='ocrx_word' id='word_1_230' title='bbox 809 2261 839 2311; x_wconf 87' lang='lat' dir='ltr'>ad</span> 
     </span>
     <span class='ocr_line' id='line_1_31' title="bbox 37 2331 839 2396; baseline -0.009 -10"><span class='ocrx_word' id='word_1_231' title='bbox 37 2336 112 2386; x_wconf 83' lang='lat' dir='ltr'>Deum</span> <span class='ocrx_word' id='word_1_232' title='bbox 124 2332 255 2384; x_wconf 83' lang='lat' dir='ltr'>ordinantur</span> <span class='ocrx_word' id='word_1_233' title='bbox 272 2332 412 2396; x_wconf 89' lang='lat' dir='ltr'>dupliciter:</span> <span class='ocrx_word' id='word_1_234' title='bbox 428 2345 474 2383; x_wconf 92' lang='lat' dir='ltr'>uno</span> <span class='ocrx_word' id='word_1_235' title='bbox 490 2333 557 2383; x_wconf 93' lang='lat' dir='ltr'>modo</span> <span class='ocrx_word' id='word_1_236' title='bbox 579 2345 609 2383; x_wconf 80' lang='lat' dir='ltr'>ex</span> <span class='ocrx_word' id='word_1_237' title='bbox 621 2336 687 2395; x_wconf 89' lang='lat' dir='ltr'>parte</span> <span class='ocrx_word' id='word_1_238' title='bbox 703 2331 772 2382; x_wconf 91' lang='lat' dir='ltr'>nnius</span> <span class='ocrx_word' id='word_1_239' title='bbox 782 2343 839 2395; x_wconf 84' lang='lat' dir='ltr'>per-</span> 
     </span>
     <span class='ocr_line' id='line_1_32' title="bbox 38 2402 842 2466; baseline -0.007 -9"><span class='ocrx_word' id='word_1_240' title='bbox 38 2417 106 2457; x_wconf 78' lang='lat' dir='ltr'>sona,</span> <span class='ocrx_word' id='word_1_241' title='bbox 124 2402 227 2464; x_wconf 83' lang='lat' dir='ltr'>tuntdm,</span> <span class='ocrx_word' id='word_1_242' title='bbox 242 2403 301 2454; x_wconf 89' lang='lat' dir='ltr'>sicut</span> <span class='ocrx_word' id='word_1_243' title='bbox 313 2403 386 2454; x_wconf 85' lang='lat' dir='ltr'>tacere</span> <span class='ocrx_word' id='word_1_244' title='bbox 401 2403 516 2454; x_wconf 87' lang='lat' dir='ltr'>orationes</span> <span class='ocrx_word' id='word_1_245' title='bbox 530 2402 665 2466; x_wconf 82' lang='lat' dir='ltr'>singulares,</span> <span class='ocrx_word' id='word_1_246' title='bbox 675 2405 700 2452; x_wconf 90' lang='grc' dir='ltr'><strong>ει</strong></span> <span class='ocrx_word' id='word_1_247' title='bbox 712 2412 805 2462; x_wconf 83' lang='lat' dir='ltr'>vovere,</span> <span class='ocrx_word' id='word_1_248' title='bbox 817 2404 842 2451; x_wconf 87' lang='lat' dir='ltr'>et</span> 
     </span>
     <span class='ocr_line' id='line_1_33' title="bbox 37 2471 841 2541; baseline -0.004 -17"><span class='ocrx_word' id='word_1_249' title='bbox 37 2473 184 2538; x_wconf 77' lang='lat' dir='ltr'>hujusmodi3</span> <span class='ocrx_word' id='word_1_250' title='bbox 201 2479 225 2525; x_wconf 93' lang='grc' dir='ltr'><strong>ει</strong></span> <span class='ocrx_word' id='word_1_251' title='bbox 245 2475 298 2524; x_wconf 87' lang='lat' dir='ltr'>talis</span> <span class='ocrx_word' id='word_1_252' title='bbox 317 2478 381 2526; x_wconf 89' lang='lat' dir='ltr'>actus</span> <span class='ocrx_word' id='word_1_253' title='bbox 400 2474 509 2541; x_wconf 88' lang='lat' dir='ltr'>competit</span> <span class='ocrx_word' id='word_1_254' title='bbox 533 2474 628 2524; x_wconf 80' lang='lat' dir='ltr'>cuilibet</span> <span class='ocrx_word' id='word_1_255' title='bbox 646 2473 775 2537; x_wconf 82' lang='lat' dir='ltr'>baptizato;</span> <span class='ocrx_word' id='word_1_256' title='bbox 796 2471 841 2522; x_wconf 91' lang='lat' dir='ltr'>alio</span> 
     </span>
     <span class='ocr_line' id='line_1_34' title="bbox 39 2543 842 2608; baseline -0.005 -10"><span class='ocrx_word' id='word_1_257' title='bbox 39 2545 111 2598; x_wconf 88' lang='lat' dir='ltr'>modo</span> <span class='ocrx_word' id='word_1_258' title='bbox 120 2557 148 2593; x_wconf 86' lang='lat' dir='ltr'>ex</span> <span class='ocrx_word' id='word_1_259' title='bbox 156 2548 220 2607; x_wconf 82' lang='lat' dir='ltr'>parto</span> <span class='ocrx_word' id='word_1_260' title='bbox 228 2545 299 2596; x_wconf 92' lang='lat' dir='ltr'>totius</span> <span class='ocrx_word' id='word_1_261' title='bbox 310 2546 426 2608; x_wconf 81' lang='lat' dir='ltr'>Ecclesiae,</span> <span class='ocrx_word' id='word_1_262' title='bbox 438 2549 461 2596; x_wconf 92' lang='lat' dir='ltr'>et</span> <span class='ocrx_word' id='word_1_263' title='bbox 468 2545 502 2596; x_wconf 88' lang='lat' dir='ltr'>sic</span> <span class='ocrx_word' id='word_1_264' title='bbox 510 2547 574 2596; x_wconf 89' lang='lat' dir='ltr'>sotus</span> <span class='ocrx_word' id='word_1_265' title='bbox 582 2545 689 2596; x_wconf 87' lang='lat' dir='ltr'>sacerdos</span> <span class='ocrx_word' id='word_1_266' title='bbox 696 2543 766 2594; x_wconf 87' lang='lat' dir='ltr'>babet</span> <span class='ocrx_word' id='word_1_267' title='bbox 776 2547 842 2594; x_wconf 89' lang='lat' dir='ltr'>aetus</span> 
     </span>
     <span class='ocr_line' id='line_1_35' title="bbox 40 2613 840 2680; baseline -0.005 -12"><span class='ocrx_word' id='word_1_268' title='bbox 40 2613 175 2668; x_wconf 83' lang='lat' dir='ltr'>immediate</span> <span class='ocrx_word' id='word_1_269' title='bbox 190 2617 219 2666; x_wconf 88' lang='lat' dir='ltr'>ad</span> <span class='ocrx_word' id='word_1_270' title='bbox 231 2617 300 2668; x_wconf 88' lang='lat' dir='ltr'>ileum</span> <span class='ocrx_word' id='word_1_271' title='bbox 313 2617 441 2678; x_wconf 87' lang='lat' dir='ltr'>ordinatos,</span> <span class='ocrx_word' id='word_1_272' title='bbox 456 2618 510 2680; x_wconf 87' lang='lat' dir='ltr'>qnia</span> <span class='ocrx_word' id='word_1_273' title='bbox 522 2617 573 2680; x_wconf 92' lang='lat' dir='ltr'>ipse</span> <span class='ocrx_word' id='word_1_274' title='bbox 588 2617 651 2667; x_wconf 89' lang='lat' dir='ltr'>solus</span> <span class='ocrx_word' id='word_1_275' title='bbox 669 2617 745 2680; x_wconf 88' lang='lat' dir='ltr'>potest</span> <span class='ocrx_word' id='word_1_276' title='bbox 760 2625 840 2676; x_wconf 77' lang='lat' dir='ltr'>gerere</span> 
     </span>
     <span class='ocr_line' id='line_1_36' title="bbox 37 2685 839 2754; baseline -0.001 -17"><span class='ocrx_word' id='word_1_277' title='bbox 37 2698 162 2754; x_wconf 86' lang='lat' dir='ltr'>personam</span> <span class='ocrx_word' id='word_1_278' title='bbox 176 2687 244 2739; x_wconf 89' lang='lat' dir='ltr'>totius</span> <span class='ocrx_word' id='word_1_279' title='bbox 267 2689 389 2748; x_wconf 81' lang='lat' dir='ltr'>lindesie,</span> <span class='ocrx_word' id='word_1_280' title='bbox 404 2689 442 2752; x_wconf 84' lang='lat' dir='ltr'>qui</span> <span class='ocrx_word' id='word_1_281' title='bbox 457 2691 578 2740; x_wconf 88' lang='lat' dir='ltr'>consecrat</span> <span class='ocrx_word' id='word_1_282' title='bbox 593 2685 839 2748; x_wconf 62' lang='lat' dir='ltr'>[incussionemque</span> 
     </span>
     <span class='ocr_line' id='line_1_37' title="bbox 37 2758 539 2812; baseline -0.01 0"><span class='ocrx_word' id='word_1_283' title='bbox 37 2762 79 2812; x_wconf 88' lang='lat' dir='ltr'>est</span> <span class='ocrx_word' id='word_1_284' title='bbox 91 2761 255 2808; x_wconf 83' lang='lat' dir='ltr'>sacramentnm</span> <span class='ocrx_word' id='word_1_285' title='bbox 269 2759 406 2810; x_wconf 87' lang='lat' dir='ltr'>universatis</span> <span class='ocrx_word' id='word_1_286' title='bbox 420 2758 539 2810; x_wconf 73' lang='lat' dir='ltr'>Ecclesiae.</span> 
     </span>
    </p>

    <p class='ocr_par' dir='ltr' id='par_1_7' title="bbox 41 2827 842 2968">
     <span class='ocr_line' id='line_1_38' title="bbox 74 2827 842 2895; baseline 0.004 -17"><span class='ocrx_word' id='word_1_287' title='bbox 74 2827 108 2878; x_wconf 79' lang='lat' dir='ltr'>td</span> <span class='ocrx_word' id='word_1_288' title='bbox 118 2827 208 2878; x_wconf 89' lang='lat' dir='ltr'>tertium</span> <span class='ocrx_word' id='word_1_289' title='bbox 220 2829 349 2893; x_wconf 84' lang='lat' dir='ltr'>dicendum,</span> <span class='ocrx_word' id='word_1_290' title='bbox 359 2831 418 2895; x_wconf 80' lang='lat' dir='ltr'>quod</span> <span class='ocrx_word' id='word_1_291' title='bbox 429 2830 556 2884; x_wconf 87' lang='lat' dir='ltr'>oblationes</span> <span class='ocrx_word' id='word_1_292' title='bbox 570 2829 585 2880; x_wconf 80' lang='grc' dir='ltr'><strong>ι</strong></span> <span class='ocrx_word' id='word_1_293' title='bbox 598 2829 683 2894; x_wconf 88' lang='lat' dir='ltr'>populo</span> <span class='ocrx_word' id='word_1_294' title='bbox 693 2827 788 2891; x_wconf 77' lang='lat' dir='ltr'>obtato,</span> <span class='ocrx_word' id='word_1_295' title='bbox 800 2840 842 2893; x_wconf 83' lang='lat' dir='ltr'>pur</span> 
     </span>
     <span class='ocr_line' id='line_1_39' title="bbox 41 2898 841 2968; baseline 0 -16"><span class='ocrx_word' id='word_1_296' title='bbox 41 2898 183 2953; x_wconf 88' lang='lat' dir='ltr'>sacerdotem</span> <span class='ocrx_word' id='word_1_297' title='bbox 196 2899 327 2966; x_wconf 65' lang='lat' dir='ltr'>offerentum</span> <span class='ocrx_word' id='word_1_298' title='bbox 339 2905 361 2953; x_wconf 90' lang='lat' dir='ltr'>et</span> <span class='ocrx_word' id='word_1_299' title='bbox 372 2901 423 2954; x_wconf 86' lang='lat' dir='ltr'>ideo</span> <span class='ocrx_word' id='word_1_300' title='bbox 435 2901 521 2968; x_wconf 87' lang='lat' dir='ltr'>duplex</span> <span class='ocrx_word' id='word_1_301' title='bbox 534 2899 689 2952; x_wconf 86' lang='lat' dir='ltr'>ministerium</span> <span class='ocrx_word' id='word_1_302' title='bbox 700 2900 759 2952; x_wconf 82' lang='lat' dir='ltr'>circa</span> <span class='ocrx_word' id='word_1_303' title='bbox 770 2899 841 2952; x_wconf 78' lang='lat' dir='ltr'>obte-</span> 
     </span>
    </p>
   </div>
   <div class='ocr_carea' id='block_1_3' title="bbox 0 0 994 3284">
    <p class='ocr_par' dir='ltr' id='par_1_8' title="bbox 0 0 994 3284">
     <span class='ocr_line' id='line_1_40' title="bbox 0 0 994 3284; baseline 0 0"><span class='ocrx_word' id='word_1_304' title='bbox 0 0 994 3284; x_wconf 95' lang='lat' dir='ltr'> </span> 
     </span>
    </p>
   </div>
  </div>
 </body>
</html>
