1942 3284
214 173 244 209 DE
259 171 399 212 euutsstoltu
414 173 545 212 mituli!
560 172 725 213 mmmm.
822 173 866 219 537

107 245 243 310 despondeo
255 245 388 308 dicendum,
396 247 457 312 quod
465 247 569 300 remissio
581 248 652 312 eulpa
665 247 726 299 siem
737 248 865 302 dictumest

76 316 132 380 (qu.
148 319 188 378 86,
199 320 242 367 art.
256 317 297 380 ι),
311 317 337 368 fit
349 330 390 382 per
407 318 592 382 coniunctionem
605 319 704 378 hominis
716 320 746 370 ad
760 320 865 384 llenm,t

73 399 121 448 quo
137 387 265 450 aliqualiter
277 391 367 452 separat
375 387 449 452 eulpa.
463 389 508 440 Sed
518 390 570 440 lieo
581 391 694 454 separatio
703 390 803 455 periente
815 392 865 455 qui·

73 456 128 507 dem
139 457 166 506 tlt
179 470 219 521 per
228 461 346 522 peceatum
357 459 457 522 mortale,
468 459 601 522 imperteetd
608 464 684 513 autem
696 473 738 525 per
746 465 865 525 peceatum

73 527 166 580 reniale
176 543 182 577 :
192 541 245 578 uam
256 541 298 594 per
308 533 426 593 peecatum
438 531 532 582 mortale
542 543 608 582 mens
616 531 709 584 omnino
719 532 733 583 a
744 533 790 583 ileo
801 545 866 584 arer-

73 598 145 662 titur,
156 602 235 662 utpote
253 602 332 651 eontra
346 601 480 652 charitatem
499 614 582 666 agens;
594 615 635 666 per
651 605 767 666 peecatum
789 607 865 655 autem

74 670 166 722 reniale
184 670 306 722 retardatur
320 671 416 723 effeetus
428 672 540 735 hominis,
552 687 582 725 ue
593 673 697 738 promptd
708 676 734 725 in
748 677 819 726 lleum
830 675 865 728 ie·

72 745 148 792 ratur.
162 740 257 794 ntideo
274 745 394 806 utrumque
413 747 530 808 peecatum
543 757 584 808 ter
599 744 755 808 penitentiam
772 745 864 808 quidem

71 811 207 873 remittitur,
223 811 275 876 quis
287 825 328 876 per
345 816 465 876 utrumque
486 813 631 866 deordinatur
643 815 747 866 voluntas
766 816 866 867 hominis

70 896 115 947 per
135 881 304 934 immoderatam
323 885 493 936 couversionem
517 885 546 935 ad
567 885 650 936 bonum
670 889 783 950 ereatum3
805 887 864 938 siout

71 951 138 1004 enim
156 955 273 1017 peceatum
290 955 383 1006 mortale
396 954 480 1007 remitti
493 967 539 1006 non
555 960 631 1021 potest
644 956 750 1019 quamdiu
761 959 865 1010 roluntm

71 1027 169 1090 pescate
186 1024 302 1087 adhaeret,
313 1025 345 1075 ite
359 1025 429 1076 etiarn
440 1039 483 1076 neo
496 1030 615 1090 peceatum
628 1027 735 1088 veniale,
748 1027 801 1090 quia
811 1041 865 1078 nna-

71 1098 145 1148 nente
158 1105 226 1145 eausa
242 1098 320 1146 manet
336 1095 436 1147 ellectus.
450 1097 552 1160 Erigitur
573 1101 648 1148 autern
666 1097 695 1148 ad
707 1097 863 1150 remissionem

69 1164 164 1231 peceati
173 1165 273 1216 mortalis
282 1165 402 1228 perfectior
414 1167 563 1232 poenitentia;
578 1171 604 1217 ut
614 1167 699 1218 seilicet
710 1169 779 1219 homo
787 1171 865 1218 aetua-
903 1183 906 1193 ¹

70 1237 127 1288 liter
148 1237 268 1299 peecatum
288 1235 381 1287 mortale
398 1237 541 1288 commissum
566 1239 691 1288 detestetur
711 1242 821 1302 quantum
838 1239 864 1290 in

70 1308 126 1372 ipso
141 1309 195 1368 est3
211 1309 237 1354 ut
253 1304 339 1356 seilicet
352 1305 491 1370 diligentiam
507 1307 613 1358 adhibeat
629 1308 659 1358 ad
670 1308 864 1359 rememorandum

69 1374 165 1438 singula
179 1380 273 1440 peecata
288 1376 406 1438 mortalia,
416 1380 441 1428 ut
454 1377 544 1440 ringula
558 1378 690 1430 detestetur.
704 1379 750 1429 Sed
761 1379 806 1430 troo
816 1392 864 1430 non

70 1445 199 1510 requiritur
208 1447 235 1498 ad
247 1447 401 1498 remissionem
415 1448 537 1500 remelium
554 1452 704 1512 peecatorum.
718 1449 770 1500 Nou
786 1453 864 1500 tamen

68 1516 157 1569 sufficit
169 1515 288 1568 habitualis
301 1517 450 1582 displicentia,
464 1532 513 1582 que
526 1520 621 1570 habetur
636 1519 793 1583 pertraditum
806 1520 862 1570 che·

69 1587 151 1640 ritatis
168 1589 207 1639 ret
217 1588 356 1653 pumentia
368 1589 471 1652 vrtutis;
485 1590 539 1653 quia
551 1591 585 1640 sio
602 1589 700 1641 charitas
710 1601 758 1640 uon
770 1601 863 1654 eompa-

69 1663 159 1712 teretur
171 1660 397 1724 peecatumreuisle,
406 1659 465 1722 quod
474 1662 537 1722 patet
550 1672 601 1710 esse
614 1659 705 1710 tamum.
716 1658 863 1723 tlndesequi·

68 1736 109 1782 tur
122 1729 183 1796 quod
195 1730 319 1794 requiratur
335 1731 437 1794 quadarn
450 1729 554 1780 virtualis
574 1729 729 1794 displicentia;
740 1733 796 1793 puta
811 1728 863 1780 oium

68 1800 158 1864 aliquis
174 1801 218 1854 hoe
234 1802 384 1854 modulertur
402 1799 525 1852 seeundum
541 1800 646 1851 allectum
662 1799 687 1850 iu
699 1800 770 1850 Ιιιιιιιι
783 1804 808 1850 et
824 1812 862 1852 res

67 1873 180 1935 divinas,
193 1875 220 1922 nt
235 1871 342 1936 quidquid
355 1871 399 1923 sibi
411 1874 538 1923 oeourreret
554 1872 615 1936 qnod
631 1883 684 1920 eum
699 1871 727 1921 ab
739 1872 784 1922 troo
800 1873 863 1922 motu

67 1943 212 2002 retardaret,
234 1943 364 2007 displiceret
380 1944 418 2006 ei,
440 1947 465 1994 et
485 1943 571 1995 doleret
592 1956 618 1994 se
637 1943 687 1992 hee
707 1941 860 2006 commisisse,

67 2014 164 2068 etiamsi
176 2015 263 2065 actude
276 2014 314 2066 illo
326 2027 372 2066 nou
385 2015 505 2079 cogitaret.
519 2014 582 2072 Quod
597 2017 674 2064 tamen
684 2026 731 2064 non
741 2013 824 2063 suffieit
833 2014 863 2064 ad

67 2083 230 2138 remissionem
243 2085 331 2148 peccati
341 2085 453 2148 mortalis,
467 2083 513 2134 nisi
528 2088 637 2148 quantum
649 2083 677 2132 ad
690 2085 782 2147 peccata
793 2083 863 2134 oblita

67 2159 127 2224 post
139 2155 271 2217 diligentem
284 2155 461 2218 inquisitionem.

101 2227 140 2278 Ad
151 2225 249 2290 primum
258 2237 311 2288 ergo
321 2226 454 2286 dicendum,
465 2225 525 2288 qudd
532 2227 600 2276 homo
612 2224 638 2274 in
647 2221 718 2287 gratia
725 2223 861 2275 constitimus

66 2300 149 2365 potest
162 2295 233 2346 uitare
246 2297 320 2346 omnia
333 2299 424 2360 peccata
437 2294 541 2346 mortalia
553 2298 577 2346 et
591 2295 694 2358 singulm
707 2297 782 2358 potest
794 2295 862 2345 etiam

68 2371 148 2420 vitare
165 2366 254 2430 singula
265 2371 358 2430 peseste
371 2365 484 2430 venialia,
499 2366 540 2416 sed
555 2378 602 2416 nou
617 2365 706 2428 omnia;
720 2367 746 2414 ut
757 2368 821 2426 patet
833 2378 863 2416 ex

68 2441 109 2490 his
122 2450 174 2502 quae
186 2437 210 2487 in
222 2437 244 2486 ll
258 2439 322 2501 parte
338 2435 399 2486 diota
415 2440 468 2486 suut
482 2437 516 2500 (t
531 2441 563 2499 t,
580 2450 619 2500 qu.
634 2438 677 2498 ts,
692 2436 737 2484 art.
750 2438 778 2495 3,
796 2436 824 2485 ad
836 2439 860 2498 t,

69 2513 96 2560 et
110 2523 151 2572 qu.
164 2510 223 2570 109,
233 2511 275 2557 art.
291 2506 567 2570 8).lltideopoenitentia
579 2504 717 2568 deposcatis
731 2505 863 2555 mortalibus

30 2571 38 2592 '
69 2577 167 2643 requirit
181 2575 241 2640 quod
252 2578 320 2628 homo
329 2580 439 2640 proponat
450 2575 562 2626 abstinere
572 2575 601 2626 ab
614 2574 719 2625 omnihus
731 2576 756 2622 et
768 2573 864 2636 singulis

69 2648 172 2715 pereatis
187 2647 333 2709 mortalibus;
348 2647 387 2698 sed
404 2647 432 2697 ad
451 2645 609 2710 pertundam
627 2647 771 2709 peecatorum
785 2643 863 2694 venia·

69 2722 128 2772 lium
141 2718 262 2783 requiritur
274 2718 334 2782 qudd
346 2720 413 2769 homo
428 2720 540 2782 proponat
552 2715 691 2766 abstineret
703 2711 798 2776 singulis
817 2725 863 2765 non

70 2797 150 2842 tamen
163 2789 193 2840 ab
203 2787 375 2852 omnibus‚quia
383 2789 427 2839 troc
438 2786 559 2837 infirmitas
569 2787 638 2848 hujus
646 2783 698 2834 rite
709 2781 755 2834 non
768 2781 860 2846 patitur.

71 2860 146 2914 Debet
158 2863 235 2909 tamen
249 2859 331 2910 habere
344 2858 482 2926 propositum
493 2869 518 2908 se
531 2854 671 2921 praeparandi
680 2854 707 2903 ad
716 2855 809 2916 peecata
818 2865 863 2902 re-
