1942 3284
135 181 165 220 uu
179 180 366 222 nummus
379 181 415 222 tn
428 183 608 223 summurn
623 183 743 224 uterum.
792 174 840 223 tt't

61 254 149 322 litiieo,
162 259 183 309 si
199 272 248 310 non
260 259 400 324 exprimatur
416 264 482 311 nctus
494 261 614 327 baptismi,
634 261 671 314 uel
692 275 733 327 per
749 261 841 314 motum

61 332 156 394 tomum,
164 331 203 382 rel
216 333 363 396 permotum
376 332 518 398 Gmcorum,
533 347 579 384 uon
589 333 705 398 perficitur
717 347 842 386 sacremen-

59 400 108 463 lnn,
120 402 246 452 secundnm
262 404 325 453 illam
346 405 486 454 Rementem
504 405 624 456 Alexandri
637 406 668 456 ill
681 407 793 469 (Extra.
810 407 842 456 rte

57 471 174 548 lioptionto
190 477 218 523 et
233 475 290 538 ejus
301 475 427 539 effectui·
444 475 495 525 «Si
513 477 564 540 quis
579 489 674 541 puerum
691 481 728 528 ter
746 478 769 526 in
783 491 841 542 aqna

56 545 210 596 mnerser'rtm
224 546 410 608 nominePatris,
423 550 447 598 et
456 547 552 610 Filii,et
562 547 658 613 Spiritus
671 548 753 613 emoti,
764 561 840 612 amen,

56 614 75 660 et
88 628 128 666 non
138 616 223 667 dixerit
238 633 244 666 :
263 618 370 680 «ligole
385 617 476 682 baptizo
495 618 626 668 innomine
639 619 725 682 Putris,
736 622 760 669 et
770 619 839 683 Filii,

57 684 177 749 etSpiritus
187 688 259 738 sancti
266 725 276 752 ,
290 701 367 752 amen,
376 705 390 736 o
399 703 446 740 non
459 693 495 741 est
503 702 560 753 puer
568 689 731 755 baptizatus.»

82 762 109 810 tn
117 763 210 812 tertium
223 763 343 814 dicendum
349 801 359 828 ,
373 764 434 829 qutd
446 765 516 815 uerba
526 779 577 830 que
588 765 733 828 proferuntur
750 764 775 815 in
788 767 841 817 ior-

56 831 92 881 mis
102 837 311 898 sacramentorum,
328 848 375 886 non
390 834 566 899 pronuntiantur
579 835 651 887 solium
666 836 734 887 causi
749 837 841 901 signiti-

55 905 122 970 mnti,
134 907 176 958 sed
195 908 264 958 etiam
278 907 349 958 causi
364 906 491 971 efficiendi,
503 907 528 957 in
547 912 655 972 quantum
668 908 754 958 hahent
764 909 840 960 effica-

54 973 103 1026 cinm
114 977 273 1029 abillollerbo
281 991 324 1042 per
338 978 398 1042 quod
412 978 537 1028 factasunt
552 979 638 1029 omnia.
650 979 679 1029 nt
691 979 742 1030 ideo
756 992 840 1032 conve-

54 1046 131 1099 nienter
142 1049 281 1113 diriguntm‚
298 1062 344 1099 non
363 1048 435 1100 solium
449 1049 478 1099 ad
496 1049 600 1101 homines
613 1063 658 1098 non
678 1049 839 1116 intelligentes,

54 1118 162 1170 sedetiam
172 1121 201 1170 ed
214 1124 332 1170 creaturas
339 1119 491 1185 insensibiles,
501 1124 526 1170 ut
537 1119 590 1170 cium
598 1121 697 1172 dicitur:
710 1121 841 1176 «liternino

54 1190 83 1251 te,
96 1195 195 1242 wintra
209 1191 301 1241 sniis.»
433 1243 437 1248 ,
567 1217 570 1222 -

78 1267 368 1332 supereminentium,
378 1267 598 1332 quttpturessimut
612 1281 658 1320 non
666 1271 763 1333 possunt
771 1283 842 1321 unum

53 1335 169 1402 brpttrue,
178 1340 233 1404 quia
246 1343 313 1389 actus
322 1339 483 1404 multiplicatur
494 1340 617 1392 secundum
629 1341 842 1405 multiplicationem

55 1411 167 1471 mentum,
182 1409 314 1475 sipertecte
323 1410 352 1460 ab
361 1424 497 1475 unoquoque
511 1416 598 1475 agatur.
612 1411 695 1474 Etsic,
706 1409 726 1462 si
735 1411 843 1462 conueni-

57 1482 98 1528 rent
107 1482 164 1545 tuo,
180 1495 278 1546 quorum
293 1495 352 1533 unus
364 1487 425 1534 esset
434 1486 510 1534 mutus
517 1520 527 1548 ,
539 1483 578 1546 qui
593 1495 639 1534 non
649 1487 728 1546 posset
738 1482 839 1546 prolerre

61 1550 129 1616 tuit,
143 1557 168 1604 et
188 1553 247 1603 alius
268 1566 350 1603 carens
373 1554 493 1616 manibus,
512 1553 614 1618 quinon
634 1555 714 1616 posset
734 1566 842 1604 exercere

63 1623 135 1689 anum,
147 1638 195 1676 non
209 1628 305 1689 possent
317 1624 382 1675 ambo
392 1623 460 1675 simul
473 1624 596 1689 baptizare,
602 1637 649 1674 uno
663 1623 752 1675 dicente
762 1626 840 1689 verba,

60 1695 125 1747 etnlio
135 1699 256 1748 exercente
269 1700 353 1746 actum
363 1698 462 1747 Possunt
475 1701 552 1747 autem
567 1695 598 1760 (si
611 1695 736 1745 necessitas
751 1695 840 1760 exigit),

56 1763 121 1826 plnres
132 1769 200 1819 simul
215 1767 402 1832 baptizari,quia
415 1769 490 1818 nulus
505 1781 582 1820 eorum
592 1767 702 1832 reciperet
715 1765 760 1817 nisi
771 1781 841 1817 unum

55 1833 189 1900 tapmnuu.
204 1841 251 1891 Sed
267 1842 323 1890 tunc
337 1839 448 1904 oportebit
461 1839 535 1890 dicere
550 1854 557 1889 ε
572 1839 641 1903 «Ego
660 1837 750 1902 baptizo
763 1851 812 1890 vos.
827 1854 841 1885 u

55 1906 95 1959 Nec
109 1912 151 1962 erit
167 1912 265 1962 mutatio
282 1911 375 1973 iormae,
386 1910 440 1975 quin
456 1926 499 1962 uos
510 1910 566 1961 nihil
577 1910 639 1961 aliud
654 1913 690 1960 est
702 1909 769 1974 qutm
783 1913 842 1959 teet

56 1981 83 2031 le.
94 1983 155 2040 Quot
170 1987 248 2034 autem
265 1982 362 2046 dicitur,
376 1997 433 2040 nos,
447 1995 495 2032 non
509 1986 544 2033 est
560 1981 620 2032 idem
638 1981 712 2032 dicere
726 1983 786 2046 quod
797 1997 842 2046 epo

54 2053 138 2118 stepo,
148 2055 189 2104 secl
205 2068 252 2120 epo
269 2057 295 2104 et
310 2056 351 2114 tu;
362 2056 385 2104 et
398 2053 431 2103 sic
442 2054 490 2118 jam
506 2057 629 2104 mutaretur
640 2051 721 2104 forma.
737 2052 843 2103 Similiter

55 2126 120 2174 numm
132 2129 272 2186 mutaretur,
287 2124 308 2176 si
321 2124 431 2176 diceretur
445 2140 452 2174 :
467 2140 482 2172 u
495 2125 542 2188 ligo
556 2123 644 2189 baptizo
663 2136 734 2174 me»
750 2125 778 2174 lit
791 2125 842 2175 ideo

55 2195 121 2247 nulus
133 2201 208 2260 potest
226 2196 342 2261 baptizare
359 2195 473 2260 seipsum,
489 2199 581 2260 propter
597 2195 657 2260 quod
679 2200 703 2245 et
716 2193 843 2246 Christusl

54 2264 212 2318 lotnneuolnit
225 2267 347 2331 inplicari,
365 2269 391 2316 ut
403 2266 486 2318 dicitur
500 2267 604 2330 (Extra.
620 2267 653 2316 de
672 2267 802 2332 Baptirmo
818 2268 844 2316 et

54 2338 101 2398 tp'ns
112 2339 210 2403 effectu,
225 2351 278 2403 cap.
291 2337 438 2402 Debitum).

79 2416 111 2466 ld
122 2417 227 2481 quintum
239 2416 373 2478 (licendum,
388 2414 447 2478 quid
458 2414 536 2479 passio
549 2414 644 2480 Christi,
660 2413 702 2464 etsi
716 2414 748 2465 sit
759 2412 843 2479 princi-

55 2487 106 2545 pelis
118 2501 186 2539 causa
198 2490 304 2552 respectu
316 2485 427 2550 ministri,
441 2488 478 2537 est
491 2489 568 2536 tamen
580 2497 648 2536 causa
662 2485 843 2536 instrumentalis

55 2562 147 2620 nepem
157 2563 242 2610 mnctae
253 2556 379 2608 Trinitatis.
388 2557 416 2606 lit
431 2556 482 2608 ideo
497 2557 573 2622 potitis
586 2559 773 2609 commemoratur
787 2555 842 2606 iri-

56 2627 107 2679 nilas
118 2630 184 2694 qnam
197 2629 275 2695 passio
287 2628 380 2680 Christi.

82 2709 112 2759 nt
126 2715 214 2762 sextum
223 2709 353 2771 dicendum,
364 2707 435 2772 quod,
445 2708 489 2758 etsi
505 2709 552 2759 sint
561 2708 604 2758 tria
614 2706 704 2758 nomina
715 2705 843 2771 personalia

56 2779 114 2830 trium
127 2795 289 2846 personarum
301 2784 426 2832 esttamen
439 2793 523 2831 nomen
537 2793 607 2831 unum
619 2776 751 2831 essentiale.
763 2778 843 2826 Virtus

57 2855 123 2902 cutem
137 2853 216 2904 dirim
227 2865 278 2918 que
287 2856 394 2918 operatur
406 2851 431 2902 in
446 2851 575 2916 baptismo,
590 2851 619 2901 ed
630 2847 753 2902 essentiam
767 2846 842 2910 perti-

57 2926 99 2974 net
110 2925 139 2976 nt
153 2924 206 2977 ineo
215 2925 309 2991 mcitur,
320 2941 335 2974 c
346 2923 484 2987 innomine,
499 2925 550 2976 oet
559 2935 607 2975 non
617 2921 665 2973 uin
675 2916 816 2972 nominihus.
