1942 3284
121 59 188 96 mt
220 60 355 100 HODO
386 60 483 105 Quo
516 60 749 99 cmlsrus
780 62 866 100 18¹1·
895 62 944 99 m
981 61 1079 100 HOC
1110 61 1315 101 escun.
1437 57 1521 97 3113

0 135 217 187 ntitatem
253 136 563 187 dimensivam.
595 139 653 188 Et
678 137 815 202 ideo,
842 137 950 201 quia
980 138 1216 190 conversio
1263 139 1525 190 substantiffl,

0 207 39 258 is
76 208 259 277 directo
285 210 554 260 terminatur
578 211 634 260 ad
658 210 956 261 substantiam
986 210 1190 274 corporis
1225 211 1425 273 Christi,
1453 229 1525 261 su-

0 279 109 330 dum
140 281 277 345 cujus
317 282 502 332 modum
542 280 723 345 proprie
763 287 811 332 et
848 280 1020 333 directe
1056 286 1126 332 est
1157 282 1207 332 in
1244 284 1332 334 hoe
1367 297 1525 333 sacm-

0 353 59 401 1to
81 364 261 417 corpus
296 352 493 413 Christi,
523 354 630 403 talis
660 352 874 404 distantia
909 353 1104 417 partium
1140 357 1212 404 est
1248 354 1429 418 quidem
1481 357 1525 405 in

0 444 2 462 ·
36 434 241 485 corpore
262 424 438 474 Christi
464 437 572 475 vero
589 441 603 487 3
623 426 703 475 sed
727 439 821 476 nou
848 423 1094 476 seeundum
1121 425 1240 474 haue
1263 425 1525 476 distantjmn

0 497 207 557 paratur
232 497 288 546 ad
322 496 411 546 hoe
438 499 767 548 sacramentum
784 534 797 558 ,
826 497 908 547 sed
936 495 1185 547 seeundum
1213 498 1393 548 modum
1433 513 1525 545 Sum

0 566 179 616 §tantiae
192 605 206 630 ,
231 568 351 617 sieut
377 567 545 618 dictum
573 572 664 619 est.

1 638 29 686 d
59 639 260 690 tertium
304 640 546 691 dicendum
563 678 577 704 ‚
605 639 728 704 quod
761 640 878 690 ratio
911 640 989 689 illa
1033 639 1237 704 procedit
1271 641 1329 691 de
1363 645 1525 693 nutura

0 710 111 761 »oris
152 726 295 775 quam
320 713 461 763 habet
484 712 733 763 seeundum
762 712 1062 776 quantitatem
1087 711 1401 763 dimensivam.
1425 713 1525 761 lun

26 784 105 831 est
129 787 287 834 autem
318 782 441 847 quod
472 796 639 848 corpus
661 783 830 834 Christi
857 787 1145 847 comparatur
1171 785 1225 833 ad
1253 784 1342 835 hoc-
1370 798 1525 833 sarz-ns

0 854 119 903 itum
168 867 263 905 nou
290 856 466 906 ratione
494 856 763 918 quantitatis
801 853 1068 906 dimensivae
1085 892 1100 917 ,
1131 855 1210 905 sed
1236 855 1409 907 ratione
1433 873 1525 905 suns:

0 925 182 989 stantiae
200 964 214 988 ,
240 926 360 977 sieut
392 926 563 977 dietum
592 931 681 978 est.

510 1106 829 1158 ARTICULUS
859 1106 935 1156 IV.

0 1232 106 1277 *ie-m
145 1235 247 1278 tota
269 1234 519 1291 quantitas
544 1232 807 1277 dimensiva
834 1232 1045 1289 corporis
1081 1231 1263 1278 curisti
1289 1232 1352 1277 sit
1372 1233 1425 1277 in
1449 1237 1529 1277 ser-[-

571 1299 886 1341 sacramento.

0 1422 48 1471 id
70 1425 287 1486 quartum
307 1422 374 1473 sic
400 1421 655 1487 proceditur
677 1422 770 1487 (1).
804 1422 986 1474 Videtur
1003 1422 1123 1486 quod
1146 1435 1242 1473 nou
1267 1426 1364 1473 tota
1381 1437 1529 1485 quun-

0 1506 24 1542 s
50 1494 311 1544 dimensiva
334 1494 537 1558 corporis
560 1493 735 1545 Christi
767 1496 826 1545 sit
854 1495 901 1545 in
930 1496 1019 1545 hoe
1036 1498 1335 1545 sacramento.
1355 1495 1529 1545 Dimum

24 1565 155 1620 enim
174 1566 294 1631 (art.
322 1565 401 1629 3),
430 1564 553 1630 quod
579 1570 723 1617 totum
746 1580 911 1630 eorpus
951 1566 1126 1616 Christi
1165 1565 1425 1617 continetur
1453 1569 1529 1613 §mii

0 1637 131 1688 [lihet
152 1641 281 1703 parte
314 1636 480 1689 hostiae
499 1642 792 1689 consecratae.
831 1638 919 1688 Sed
947 1638 1067 1687 nulla
1097 1636 1327 1700 quantitas
1361 1637 1533 1686 dimum

0 1722 20 1758 a
55 1711 156 1760 tota
179 1709 447 1760 continetur
476 1710 526 1759 in
560 1710 710 1773 aliquo
742 1711 836 1759 toto
866 1712 914 1759 et
940 1708 990 1758 in
1015 1707 1218 1773 qualibet
1256 1711 1385 1771 parte
1413 1713 1533 1769 ejus

0 1793 43 1843 go
79 1784 155 1832 est
180 1780 459 1845 impossihile
500 1780 622 1846 quod
658 1785 755 1832 tota
787 1779 1019 1844 quantitas
1049 1778 1305 1829 dimensiva
1335 1781 1533 1845 eoi-puri:-

0 1851 97 1903 risti
126 1853 412 1903 contineatur
435 1853 485 1902 iu
509 1854 599 1904 hoe
623 1855 921 1903 sacramento.
997 1887 1002 1891 -

0 1928 36 1973 ξ.
59 1926 312 1987 Praeterea,
331 1925 613 1989 impossibile
631 1928 702 1977 est
719 1925 832 1975 duas
849 1922 1130 1988 quantitates
1145 1921 1417 1973 dimensivas
1437 1937 1533 1973 ⁶355OE

0 1996 81 2058 ml,
105 1995 288 2046 etiamsi
306 2009 400 2047 una
430 1995 488 2048 sit
506 2000 711 2061 separata
726 2034 739 2060 ‚
765 2000 814 2047 et
838 1996 927 2046 alia
951 1995 1002 2045 in
1027 2007 1215 2057 corpore
1240 1997 1453 2053 naturam
1489 2001 1537 2045 nt

0 2075 56 2118 ;et
76 2080 156 2131 per
189 2066 515 2132 Philosophum
537 2068 587 2118 in
608 2070 687 2119 111.
724 2068 948 2131 Metaph.
981 2070 1114 2129 (text.
1145 2068 1216 2132 9).
1256 2067 1347 2118 Sed
1375 2069 1421 2117 in
1453 2073 1537 2117 hasne

0 2143 215 2189 :ramento
237 2142 439 2191 remanet
468 2139 701 2202 quantitas
735 2137 990 2188 dimensiva
1021 2137 1183 2201 panis,
1213 2141 1266 2187 ut
1290 2151 1429 2188 sensu
1461 2153 1537 2201 np-

0 2212 77 2260 ret.
109 2210 213 2260 Non
249 2224 357 2273 ergo
382 2213 455 2261 est
482 2210 547 2261 ibi
570 2210 801 2275 quantitas
830 2209 1082 2261 dimensiva
1108 2209 1312 2274 corporis
1343 2209 1530 2259 Christi.

0 2285 49 2329 3.
79 2282 306 2333 Praeterea
327 2320 342 2343 ,
362 2281 403 2333 si
423 2283 522 2333 duae
549 2281 826 2345 quantitates
852 2281 1118 2332 dimensivae
1140 2281 1389 2344 inaequales
1405 2285 1526 2345 jutta

9 2357 257 2416 ponantur,
290 2354 435 2417 major
466 2353 726 2405 extenditur
751 2353 870 2404 ultra
909 2353 1149 2405 minorem.
1179 2352 1270 2404 Sed
1306 2358 1533 2417 quantita-2·

0 2426 191 2477 nensiva
232 2426 436 2489 eorporis
470 2425 638 2476 Christi
674 2429 747 2477 est
782 2425 924 2477 multo
962 2424 1109 2489 major
1143 2424 1277 2489 quam
1313 2425 1541 2488 quantitas

0 2497 189 2548 nensiva
204 2497 369 2549 hostiae
390 2501 663 2549 consecratae
678 2536 692 2561 ‚
711 2496 962 2549 seeundum
980 2510 1164 2548 omnem
1185 2496 1533 2547 dimensinn÷·.·.·11-

0 2604 61 2667 (1)
90 2609 155 2654 De
174 2607 250 2652 his
272 2606 415 2652 etiam
445 2607 535 2666 1v;
565 2606 721 2657 Sem„
756 2606 866 2652 dist.
891 2605 969 2663 10,
1000 2618 1084 2663 qu.
1110 2603 1168 2664 1,
1194 2609 1280 2650 art.
1308 2604 1356 2661 2,
1389 2617 1545 2659 qusns=

0 2682 79 2715 ine.
101 2669 131 2714 3
160 2676 211 2716 et
234 2668 301 2723 4;
334 2674 383 2714 et
402 2668 511 2713 dist.
533 2669 611 2726 12,
637 2682 715 2726 qu.
739 2668 764 2714 1
781 2702 795 2729 ‚
824 2674 914 2715 art.
935 2668 986 2727 2,
1005 2668 1279 2726 quaestiune.
1306 2664 1360 2724 1,
1381 2677 1533 2721 uu1·1=.;

13 2732 196 2779 Contra
224 2732 392 2783 Gom„
415 2732 498 2778 lib.
537 2734 602 2779 IV
618 2765 632 2792 ‚
654 2745 761 2791 cap.
798 2732 861 2779 63
878 2766 891 2792 ,
918 2730 981 2775 64
1027 2734 1075 2776 et
1095 2729 1184 2786 675
1220 2734 1268 2775 et
1293 2728 1541 2786 andtssfn.

0 2795 55 2855 J,
83 2800 175 2843 art.
197 2794 246 2839 8.
