1942 3284
284 190 315 226 ns
332 189 387 226 nrru
404 189 479 228 ansuis
497 189 657 228 eacnnunnrr.
823 179 868 226 tot

53 267 124 316 unde
141 268 167 316 et
180 265 205 315 in
221 265 379 330 1.Parattp.‚
395 267 482 327 XXIX,
496 266 553 315 dixit
566 265 637 316 David
653 281 659 315 :
678 265 756 328 «nge
770 264 796 314 in
813 265 869 316 sim·

57 337 170 402 plicitate
185 337 258 388 cordis
274 336 334 399 mei,
352 338 415 388 laetus
433 337 505 388 obtuli
518 338 624 387 universa
642 339 705 397 haec,
719 341 744 386 et
759 336 868 400 populum

56 413 129 458 tuum
140 445 149 470 ,
170 409 210 472 qui
231 408 269 458 hic
287 413 389 472 repertus
412 413 462 470 est,
481 409 529 459 nidi
547 424 598 460 cum
617 409 704 470 ingenti
726 409 808 471 gaudio
827 406 871 458 tibi

57 480 148 531 offerre
167 479 271 541 donaria;
290 497 303 527 »
325 484 347 530 et
365 484 443 544 postea
463 486 513 531 orat
533 482 610 531 diceus
628 497 633 529 :
651 499 664 528 n
683 479 779 531 Domine
796 481 868 540 Deus,

57 551 156 604 custodi
173 553 232 601 hanc
246 552 395 602 volunlatem.
406 552 514 602 »Deinde
526 552 584 602 circa
598 552 801 615 consecrationem,
815 563 867 614 que

57 623 232 687 supernaturali
246 623 329 673 virtute
343 622 425 684 agitur,
437 623 511 686 primo
524 623 636 673 excitatur
649 624 747 687 populus
761 623 789 672 ad
799 623 870 674 devo·

58 695 152 746 tionem
168 694 193 743 in
211 694 358 751 Praelatione,
371 695 431 743 unde
445 698 469 744 et
487 699 599 755 monetur,
611 711 625 742 u
637 709 727 744 sursum
744 695 811 745 corda
825 695 867 742 lna-

58 766 118 815 berc
133 765 162 814 ad
175 765 301 814 Dominum.
312 782 325 813 u
338 766 367 814 llt
378 765 441 829 ideo,
454 765 517 815 finita
528 765 670 827 Praelatione,
678 766 775 828 populus
785 763 867 815 devote

58 836 143 886 laudat
159 835 302 886 divinitatem
319 835 416 896 Christi,
433 849 484 886 cum
503 836 590 898 angelis
609 836 688 886 rtioeus
706 851 711 884 :
733 853 747 883 «
761 835 869 895 Sanctus,

61 908 183 967 Sanctus,
202 909 313 968 Sanctns;
333 925 346 954 n
369 912 392 957 et
404 908 588 968 humanitatem,
603 921 654 956 enm
671 907 749 970 pueris
767 907 867 957 dicens:

63 980 231 1030 «Benedictus
245 980 283 1042 qui
298 980 373 1042 venit,
392 997 405 1028 n
418 983 463 1031 etc.
481 981 567 1029 Deinde
580 980 688 1029 sacerdos
701 979 787 1029 secreto
805 992 868 1029 com-

61 1055 193 1113 memorat,
203 1049 276 1114 primo
291 1051 397 1114 quidem,
413 1065 453 1115 pro
465 1051 547 1115 quibus
561 1053 606 1100 hoc
618 1049 753 1100 sacrificium
767 1050 868 1112 offertur,

61 1123 157 1172 scilicet
171 1135 212 1185 pro
227 1121 349 1172 universali
363 1123 476 1186 Ecclesia,
495 1126 517 1172 et
532 1141 545 1170 n
562 1137 604 1186 pro
617 1121 654 1171 leis
673 1121 713 1185 qui
731 1121 868 1170 sublimitate

60 1198 120 1244 suut
138 1193 271 1252 constituti,
287 1209 300 1240 n
313 1195 330 1243 l.
349 1195 466 1250 Timoli„
481 1195 510 1254 ll,
531 1199 554 1245 et
568 1193 815 1258 specialiterquosdam
828 1192 868 1256 qui

59 1265 179 1326 offerunt,
195 1262 231 1313 vel
242 1277 282 1328 pro
294 1265 377 1328 qulbus
392 1266 493 1315 ollertur.
503 1265 617 1326 SeermdD,
630 1268 790 1315 commemorat
803 1277 868 1314 sanc-

60 1339 113 1397 tos,
136 1348 232 1397 qnorum
254 1335 377 1398 patrocinia
393 1335 499 1400 implorat
518 1351 560 1400 pro
575 1335 705 1399 predictis,
721 1334 773 1384 cum
788 1334 867 1385 dicit:

61 1405 292 1456 «communicantes
309 1409 333 1456 et
344 1407 474 1458 memoriam
483 1419 627 1470 uenerantes,
638 1411 683 1459 etc.
695 1424 708 1453 u
722 1407 809 1469 Tertio,
827 1418 868 1469 pe-

61 1479 172 1528 titionem
192 1477 307 1527 concludit
325 1477 375 1528 cirm
389 1479 446 1529 dicit
468 1495 474 1530 :
492 1497 505 1527 u
515 1481 545 1530 tlt
557 1481 608 1530 lrec
622 1478 706 1530 oblatio
721 1479 750 1528 sit
768 1478 813 1528 illis
827 1490 868 1542 pro

60 1549 149 1614 quihus
165 1547 257 1597 ollertur
272 1549 385 1600 salutaris.
398 1567 412 1597 »

95 1619 185 1670 Deinde
199 1621 286 1670 accedit
295 1622 322 1670 ad
335 1621 408 1684 ipsam
422 1621 627 1684 consecrationem
638 1621 716 1684 inqua
730 1620 869 1685 primopetit

60 1692 246 1745 consecrationis
265 1692 450 1756 ellectum,ci1m
469 1693 524 1742 dicit
540 1709 545 1741 :
563 1711 576 1740 u
595 1695 666 1751 Quam
688 1692 824 1743 oblationem
845 1697 869 1742 ut

59 1767 137 1828 Deus,
157 1781 171 1811 n
189 1768 233 1813 etc.
249 1764 362 1826 Secundo,
378 1765 569 1816 consecrationem
584 1765 674 1828 peragit
688 1776 729 1828 per
739 1764 806 1813 verba
821 1764 868 1813 Sal·

61 1837 164 1898 vatoris,
178 1835 230 1886 ciam
245 1836 300 1886 dicit
316 1853 321 1885 x
341 1854 354 1884 α
367 1838 408 1896 Qui
422 1836 503 1900 pridie,
515 1854 528 1882 p
537 1841 582 1887 ete.
600 1835 690 1896 Tertio,
706 1839 799 1885 excusat
813 1848 870 1899 pre·

61 1908 221 1972 sumptionem
230 1921 272 1971 per
285 1909 434 1959 obedientiam
444 1909 472 1958 ad
484 1910 614 1958 mandatnm
625 1907 726 1969 Christi,
735 1906 786 1956 cirin
796 1908 866 1958 dicit:

64 1998 80 2029 u
97 1980 165 2030 Unde
179 1982 202 2029 ot
216 1992 361 2029 memores.»
372 1979 463 2042 Quarto,
479 1979 537 2042 petit
547 1981 591 2031 hoc
603 1978 738 2028 sacrificium
752 1984 867 2041 peractum

62 2065 117 2102 esse
136 2052 184 2100 Deo
196 2054 321 2113 acceptum,
336 2049 387 2100 oiim
401 2050 474 2100 dicit:
489 2068 502 2098 ι(
513 2051 585 2114 Supra
602 2063 653 2114 quae
673 2051 803 2114 propitio»
820 2057 866 2100 etc.

61 2121 172 2185 Quinto,
186 2120 244 2185 petit
257 2122 326 2185 liujus
336 2121 440 2172 sacrificii
457 2126 480 2172 et
494 2123 630 2172 sacramenti
647 2122 751 2172 ellectum
767 2136 772 2168 :
791 2121 868 2171 Primo

61 2194 174 2258 quidem,
191 2192 300 2257 quantum
315 2195 341 2242 ad
356 2193 418 2256 ipsos
438 2198 567 2256 sumentes,
579 2192 631 2242 clun
643 2193 697 2242 dicit
709 2208 715 2241 2
728 2193 867 2257 «Supplices

60 2270 88 2316 te
108 2278 225 2327 rogamus.
246 2280 270 2330 n,
280 2265 398 2320 Secundo,
415 2265 524 2327 quantum
539 2265 567 2315 ad
581 2269 695 2326 mortuos,
713 2266 752 2327 qui
763 2265 811 2328 jann
826 2279 869 2314 su-

63 2351 130 2388 mere
140 2350 186 2388 nou
199 2340 311 2400 possunt,
321 2335 373 2386 cirne
381 2337 437 2386 dicit
448 2353 474 2384 2«
483 2338 597 2387 Memento
606 2339 675 2387 etiam
685 2335 789 2398 Domine,
797 2353 811 2384 u
823 2340 866 2386 eto.

61 2409 157 2471 Tertio,
173 2409 301 2473 specialiter
321 2407 430 2473 quantiam
448 2411 476 2458 ad
500 2409 563 2472 ipsos
580 2411 709 2460 sacerdotes
731 2409 866 2472 offerentes,

61 2480 119 2530 cium
133 2481 191 2532 dicit
214 2496 220 2530 :
241 2497 254 2528 n
268 2480 339 2532 Nobis
352 2493 441 2544 quoque
455 2481 630 2544 peccatoribus,
644 2497 658 2527 »
673 2484 718 2530 etc.

98 2551 185 2603 Deinde
201 2551 275 2614 agitur
287 2554 314 2602 dc
326 2552 472 2616 perceptione
486 2553 634 2615 sacramenti,
649 2557 672 2603 et
686 2551 759 2616 primo
777 2567 868 2616 praepa-

62 2628 129 2675 ratur
139 2626 239 2690 populus
250 2623 278 2673 ad
288 2623 457 2688 percipiendum
470 2641 476 2672 ε
489 2624 562 2689 primii
574 2625 680 2687 quidem,
694 2624 868 2688 perorationem

63 2709 211 2746 communem
227 2695 297 2744 totius
313 2696 390 2760 populi
405 2698 473 2760 (quae
496 2701 532 2746 est
546 2695 617 2745 oratio
639 2696 767 2757 dominica,
782 2696 805 2746 iu
824 2708 869 2759 qua

63 2769 167 2830 petimus
187 2779 270 2830 panem
284 2768 439 2829 quotidianum
454 2768 521 2818 nobis
534 2767 611 2830 dari),
630 2773 652 2818 et
665 2769 733 2819 etiarn
746 2767 867 2831 privatam,

64 2849 144 2898 quam·
154 2836 284 2902 specialiter
295 2839 400 2889 sacerdos
412 2853 453 2902 pro
466 2838 551 2902 postulo
562 2837 640 2902 ollert,
652 2839 704 2889 cim
717 2838 772 2888 dicit
784 2853 789 2884 :
804 2854 817 2884 u
831 2835 869 2885 Li·

62 2907 120 2960 bera
134 2922 178 2962 nos
189 2923 327 2974 quesumus,
341 2909 445 2974 Domine,
460 2926 473 2957 n
487 2914 532 2961 etc.
547 2910 665 2975 SecuudD,
677 2915 814 2977 preparatur
824 2921 867 2976 po-
