1942 3284
137 172 169 208 un
181 169 221 208 nrs
233 169 288 215 uus
302 169 362 210 sorar
379 169 474 208 aunnxu
489 169 646 211 autumno
660 171 764 210 oauuus.
802 163 848 212 879

87 247 246 311 (Cosmusro.
254 246 441 310 -Episcopatus
455 245 511 296 ordo
520 259 572 296 1111
585 246 629 296 dici
642 249 726 310 potest,
736 259 783 298 non
792 259 847 313 qna-

50 317 120 370 tenus
129 322 292 370 sacramentum
302 321 337 370 est
347 318 374 368 ad
385 317 548 367 Eucharistiam
558 318 698 380 ordinatum,
708 319 747 370 sed
758 317 846 369 tauthm

46 394 79 462 pt
92 393 127 441 est
144 391 242 442 officium
255 391 367 454 quoddam
380 390 408 439 ad
423 401 501 440 sacras
513 395 536 440 et
549 390 702 442 hierarchicas
717 390 844 450 actiones.)

84 462 217 526 Respondeo
233 462 366 524 dicendum,
384 461 443 526 quhd
457 461 512 512 ordo
533 464 609 526 potest
626 461 699 525 accipi
719 461 846 524 dupliciter.

47 534 104 584 Uno
113 533 179 584 modo
193 531 318 584 secundhm
330 532 391 596 quhd
404 535 439 582 est
453 537 634 596 sacramentum
650 537 675 584 ot
687 532 735 594 sic,
745 536 772 582 ut
784 530 850 595 priirs

49 603 136 654 dictum
148 608 184 654 est
194 605 243 668 (qu.
256 607 294 667 ³7,
306 608 349 653 art.
362 607 377 652 2
390 606 414 653 et
427 608 471 653 art.
482 606 496 652 i
507 604 524 664 t,
539 603 654 654 ordinatur
665 603 739 655 omnis
751 603 805 654 ordo
820 603 849 653 ad

50 672 200 726 Eucharistiae
216 679 390 727 sacramentum.
404 674 485 738 Unde,
502 673 555 724 cium
571 676 694 739 episcopus
708 687 754 724 non
765 673 850 723 haheat

50 749 188 810 potestatem
200 746 339 810 superiorem
349 746 480 808 sacerdote,
492 744 603 809 quantiam
614 747 642 796 ad
653 748 697 796 hoc
706 746 850 810 episcopatus

50 829 100 868 non
115 816 157 866 erit
170 818 232 868 ordo.
250 817 299 868 tilio
314 818 380 868 modo
395 820 470 880 potest
489 816 627 868 considerari
640 818 709 880 ordo,
725 814 849 868 secundum

52 886 115 952 quhd
128 890 162 938 est
173 888 273 938 officium
286 889 399 951 quoddam
411 893 515 954 respectu
526 889 673 952 quarumdam
685 889 798 940 actionum
813 900 850 936 sa-

54 971 161 1021 crarum3
175 963 198 1010 et
215 959 263 1022 sic,
279 958 331 1010 chm
353 959 475 1025 episcopus
492 960 577 1011 haheat
589 964 725 1024 potestatem
739 961 764 1010 in
777 958 849 1011 actio·

53 1029 124 1080 nihus
134 1029 281 1082 hierarchicis
296 1034 401 1094 respectu
410 1031 512 1095 corporis
521 1030 612 1096 mystici
621 1044 690 1094 supra
699 1031 848 1094 sacerdotem,

50 1099 197 1164 episcopatus
211 1102 255 1151 erit
267 1101 335 1166 ordo;
350 1107 373 1153 et
387 1101 514 1152 secumdum
525 1105 570 1154 hoc
578 1102 694 1167 loquamur
705 1101 850 1152 auctoritates

51 1171 160 1222 induciae.

84 1243 149 1293 tindc
159 1247 223 1307 patet
236 1244 317 1295 solutio
334 1245 362 1295 ad
379 1244 488 1308 primum.

86 1313 121 1362 hd
132 1316 255 1364 secundum
264 1315 398 1378 dicandum,
413 1314 474 1377 quhd
486 1316 550 1375 ordo,
559 1320 627 1380 prout
639 1319 672 1367 est
683 1318 850 1365 sacramentum

50 1385 187 1448 imprimens
199 1387 364 1448 characterom,
378 1386 494 1437 ordinatur
504 1387 631 1450 specialiter
641 1387 670 1438 ad
683 1389 850 1436 sacramentum

52 1457 211 1516 Eucharistiae,
224 1456 248 1507 in
262 1471 306 1522 quo
315 1458 363 1524 ipse
377 1458 479 1508 Christus
490 1457 625 1518 continetur,
635 1459 687 1521 quia
702 1471 742 1523 per
755 1459 849 1508 charac-

50 1530 125 1578 terem
144 1527 189 1591 ipsi
203 1528 293 1579 Christo
310 1529 476 1592 configuramur
493 1545 499 1577 :
515 1531 539 1577 et
554 1528 604 1579 ideo
620 1528 673 1578 licet
689 1529 756 1578 detur
773 1528 851 1591 aliqua

50 1601 153 1662 potestas
170 1599 292 1664 spiritualis
311 1601 416 1664 episcopo
429 1599 454 1650 in
471 1599 508 1650 sud
523 1598 665 1664 promotione
683 1603 787 1663 respectu
803 1599 850 1649 ali-

51 1681 150 1732 quorum
164 1674 368 1730 sacramentorum,
384 1683 430 1720 nou
441 1673 516 1719 tamen
537 1671 576 1719 illa
587 1673 689 1734 potestas
702 1670 770 1720 hahet
782 1670 851 1720 ratio-

51 1752 108 1790 nem
122 1740 276 1798 characteris,
294 1747 317 1791 et
331 1744 424 1804 propter
435 1742 480 1791 hoc
499 1741 643 1804 episcopatus
661 1754 707 1791 uon
726 1745 761 1791 est
779 1742 850 1802 ordo,

49 1809 176 1861 secundum
189 1811 248 1874 quhd
259 1813 313 1864 ordo
324 1816 359 1864 ast
371 1816 537 1862 sacramentum
551 1812 672 1875 quoddam.

83 1882 118 1932 hd
136 1882 228 1933 tertium
248 1883 383 1945 dicendum,
398 1882 458 1945 quhd
475 1886 577 1946 potestas
594 1883 731 1946 episcopalis
750 1896 795 1933 non
814 1887 850 1933 cst

49 1954 141 2008 tantiam
151 1955 330 2019 jurisdictionis,
342 1957 383 2006 scd
399 1955 469 2006 etiam
484 1956 571 2006 ordinis
586 1958 627 2017 (ut
642 1969 672 2006 ex
684 1956 752 2006 dictis
765 1956 851 2021 patet),

51 2025 177 2078 secuudirm
190 2026 251 2090 quhd
264 2027 318 2079 ordo
329 2027 481 2078 communiter
491 2027 610 2092 accipitur.

326 2207 328 2212 '
347 2205 506 2255 ruhtehhtts
522 2207 560 2256 Vi.

92 2335 177 2379 Utrum
194 2345 267 2390 supra
279 2333 542 2440 cpiscopoagrosyitesse
558 2333 647 2390 stipatio
664 2334 772 2391 superior
790 2335 818 2378 iu

420 2407 445 2439 cc
455 2406 513 2438 euro.

87 2522 123 2572 hd
139 2526 227 2572 sertum
245 2521 277 2572 sic
298 2518 435 2584 proceditur.
450 2519 544 2570 Videtur
562 2520 623 2582 quhd
644 2533 713 2584 supra
733 2519 854 2584 episcopos

53 2605 103 2646 non
116 2593 192 2659 ,possit
203 2607 252 2644 csse
266 2591 347 2656 aliquis
361 2589 463 2655 superior
476 2591 500 2639 iu
510 2589 618 2641 Ecclesia.
632 2592 689 2652 Quia
702 2603 783 2641 omues
797 2591 852 2654 epi-

53 2663 120 2729 scopi
130 2668 184 2714 sunt
195 2664 352 2728 Apostolorum
360 2675 512 2714 successores.
523 2662 568 2712 Sed
580 2666 680 2725 potestas
692 2673 743 2725 qua
755 2665 791 2710 est
801 2661 853 2710 data

53 2737 98 2788 uni
111 2737 282 2800 apostotorum,
294 2733 382 2786 scilicet
397 2735 481 2795 Petro,
496 2735 588 2782 Motth.
606 2734 665 2795 xvi,
679 2737 713 2783 est
734 2733 784 2783 data
803 2745 854 2783 om·

55 2807 128 2860 nihus
141 2805 253 2871 dpostoiis
263 2809 363 2864 tonan„
373 2805 425 2856 XX.
440 2805 500 2870 Ergo
508 2817 587 2856 omnes
598 2804 699 2870 episcopi
711 2807 763 2856 sunt
776 2815 853 2867 pares,

56 2882 82 2932 et
95 2891 158 2930 unus
174 2889 219 2928 uon
233 2880 268 2928 est
277 2887 345 2940 supra
355 2874 433 2928 alium
