1942 3284
220 226 249 260 ΒΕ
266 224 427 260 invenenatis
444 224 571 261 SECUNDUU
588 225 625 261 Sil·
777 218 821 262 763

21 305 74 351 usta
98 306 139 351 est
159 298 283 352 secundnm
301 298 414 362 judicium
433 298 561 361 bonorum,
575 300 672 363 penmti
692 301 819 352 conditione

19 385 139 433 cersonae,
153 375 178 422 et
190 370 289 421 utilitate
306 374 330 421 et
345 370 481 421 necessitate
496 370 618 433 Ecclesiae,
634 370 688 436 quia
701 385 748 422 uno
762 375 819 423 tem·

19 456 70 493 rore
87 443 194 493 Ecclesia
209 441 262 505 pide
277 440 366 504 indiget
381 441 451 503 qnam
465 443 521 493 alio.

44 517 92 566 &d
106 516 160 566 hec
175 514 245 565 etiam
257 514 336 579 opinio
349 518 409 564 stare
422 528 469 565 non
477 520 568 579 potest,
584 519 610 565 ut
621 516 721 566 uidetur.
732 516 819 577 Primii,

18 587 69 650 quia
84 585 212 637 secundnm
229 588 273 636 lnoc
281 586 429 649 indulgentie
443 600 489 637 non
499 588 602 638 ualerent
613 590 640 639 ad
650 586 820 647 remissionem,

17 658 54 708 ed
64 658 142 719 magis
159 658 188 708 ad
199 657 402 708 commutationem
412 659 543 721 quamdam.
558 660 587 708 nt
600 662 723 723 preterea,
738 658 821 721 predi-

17 729 75 779 atio
93 729 206 779 Ecclesiae
219 728 233 778 d
249 728 366 779 mendacio
378 742 425 780 nou
437 734 597 794 excusaretur,
612 729 664 780 edm
679 730 816 794 quandoque

19 800 162 862 ndulgentia
181 799 316 863 praedicetur
335 799 403 862 longe
424 801 498 865 major
518 800 587 864 quim
610 800 674 864 jueta
698 799 820 851 estimatio

16 871 92 920 nossit
106 870 242 933 requirere,
261 871 369 923 omuibus
383 872 500 935 predictis
519 871 687 923 conditionibus
707 870 817 935 pensatis.

16 941 81 991 licut
94 942 187 1005 qnando
202 943 265 1006 Pana
278 944 318 993 dat
330 942 510 1005 indulgentiam,
528 942 586 1007 quod
600 955 698 1007 pergens
711 944 819 993 adunam

16 1012 141 1064 ecclesiam
151 1051 158 1074 ,
167 1013 252 1065 habeat
265 1017 354 1078 septem
363 1027 436 1065 annos
445 1014 607 1079 indulgentie3
616 1014 819 1078 cujusmodietiam

15 1084 166 1148 indulgentie
176 1083 189 1133 l
200 1085 228 1135 B.
239 1086 348 1149 Gregorio
356 1085 381 1135 in
390 1085 526 1136 stationibus
538 1087 616 1137 lione
625 1084 738 1135 institute
752 1088 817 1135 sunt.

15 1158 44 1206 Et
58 1154 113 1205 ideo
125 1154 166 1205 alii
178 1154 258 1206 dnunt
270 1155 332 1220 qudd
343 1155 458 1220 quantitas
471 1156 611 1208 remissionis
624 1154 650 1205 in
659 1154 816 1218 indulgentiis,

15 1238 63 1275 oon
79 1228 231 1278 mensuranda
244 1232 279 1279 est
290 1229 379 1279 tantiam
390 1226 517 1279 secuudirm
531 1228 678 1279 devotionem
691 1225 819 1290 suscipien—

15 1297 60 1359 tis,
80 1300 107 1347 ut
124 1298 197 1361 numa
214 1298 292 1363 opinio
312 1299 416 1360 dicebat,
430 1312 506 1363 neque
526 1296 651 1349 sccundirm
669 1297 820 1362 quantitatem

14 1368 70 1431 ejus
82 1370 144 1433 quod
157 1370 230 1433 datur,
238 1371 300 1421 sicut
311 1372 401 1422 dicebat
416 1372 527 1432 secunda,
542 1371 582 1422 sed
592 1370 717 1421 secundnm
728 1380 819 1419 canum

14 1453 60 1503 pro
72 1453 120 1503 qna
133 1441 274 1504 indulgentia
289 1443 372 1503 datur,
385 1454 416 1492 ex
430 1454 477 1506 qua
494 1444 613 1506 repumtur
630 1440 682 1504 quis
695 1440 779 1503 dignus
792 1442 820 1489 nt

14 1512 88 1561 talem
102 1510 268 1574 indulgentiam
276 1516 436 1577 consequatur.
447 1514 511 1564 Unde
525 1512 651 1564 secuudum
659 1510 722 1574 qudd
735 1510 821 1561 aceedit

13 1584 45 1633 ad
62 1595 153 1633 causam
166 1583 245 1645 illam,
257 1583 383 1635 secundnm
395 1584 441 1634 hoc
453 1584 601 1647 consequitur
614 1581 772 1633 remissionem
785 1580 820 1631 in·

14 1654 156 1717 dulgentie,
175 1656 214 1706 nel
228 1655 252 1705 in
265 1659 328 1717 toto,
343 1655 382 1705 uel
392 1654 417 1703 in
427 1658 502 1717 parte.

47 1725 96 1776 Sed
109 1727 153 1777 hoc
163 1726 247 1777 iterum
260 1740 308 1777 uon
317 1729 394 1791 potest
406 1726 493 1775 entrare
504 1724 691 1776 consuetudinem
704 1721 818 1783 Ecclesiae,

15 1810 69 1861 quae
82 1798 195 1849 interdum
213 1800 324 1862 majorem
338 1810 380 1862 pro
393 1798 474 1847 eadem
482 1810 561 1861 causa,
579 1795 694 1847 interdum
707 1795 821 1844 minorem

14 1869 182 1932 indulgentiam
195 1871 262 1934 qonit
280 1886 286 1920 :
302 1870 364 1921 sicut
376 1869 446 1920 rebus
458 1868 541 1920 eodem
557 1869 624 1920 modo
637 1881 662 1919 sc
675 1866 819 1927 habentibus,

14 1941 154 2005 quandoque
176 1942 243 1991 datur
263 1955 324 1991 unus
345 1952 418 1991 annus
435 1939 582 1990 visitantibus
602 1938 722 1989 ecclesiam
739 1948 818 1993 unam,

15 2012 156 2075 quandoque
170 2012 346 2077 sedissemus
357 2011 453 2075 gratiam
468 2012 529 2075 Papa
540 2012 615 2062 tacere
624 2008 731 2069 uoluerit,
743 2008 820 2059 indul·

15 2082 120 2146 gentiam
139 2083 289 2134 constituens.
308 2083 372 2134 Unde
386 2082 503 2146 quantitas
515 2082 657 2134 remissionis
674 2076 820 2141 indulgentie

16 2168 67 2205 non
85 2157 122 2204 est
133 2156 283 2205 mensuranda
297 2167 327 2206 ex
346 2167 416 2205 cansa
433 2167 486 2218 que
500 2154 555 2204 lacit
567 2153 666 2217 adquam
679 2149 821 2213 indulgentie

17 2226 124 2286 dignum.
140 2225 169 2274 lit
179 2225 233 2275 ideo
249 2224 315 2275 alter
327 2223 449 2274 dicendum
461 2228 515 2284 est,
526 2222 588 2286 qudd
599 2222 715 2285 quantitas
725 2219 820 2271 ellectds

17 2295 123 2358 sequitur
143 2296 294 2357 quantitatem
316 2308 363 2345 suae
382 2306 472 2355 musa3
492 2306 560 2345 cause
582 2297 657 2345 autem
681 2290 822 2343 remissionis

17 2379 96 2429 poenm
103 2365 128 2415 in
136 2365 294 2429 indulgentiis,
301 2379 348 2417 non
357 2369 395 2416 est
405 2364 449 2415 nisi
459 2364 596 2417 abundantia
605 2364 736 2416 meritorum
744 2361 821 2413 Eccle·

18 2439 76 2498 siai,
90 2450 141 2499 que
154 2438 262 2488 sehabet
277 2438 418 2489 sufficienter
429 2436 459 2485 ad
471 2439 544 2488 totam
558 2448 649 2499 penam
664 2433 819 2499 expiandum

18 2521 68 2557 non
84 2510 159 2557 autem
173 2520 241 2558 cansa
253 2508 395 2560 remissionis
408 2507 512 2557 edeedm
526 2511 563 2557 est
575 2508 612 2557 uel
621 2507 726 2566 devotio,
737 2503 774 2553 uel
787 2503 821 2551 la-

18 2582 75 2638 bor,
90 2579 127 2629 rel
141 2578 219 2630 datum
231 2579 363 2645 recipientis
379 2577 558 2641 inungendum,
575 2582 615 2629 ant
636 2590 704 2629 causa
722 2588 763 2639 pro
777 2586 822 2637 qua

21 2649 91 2701 datur
107 2649 249 2713 indulgentia
264 2666 271 2700 ι
288 2651 349 2702 unde
366 2663 414 2701 non
430 2652 519 2713 oportet
532 2650 560 2701 ad
572 2648 658 2713 aliquid
676 2649 757 2697 norum
770 2656 823 2707 nro-

19 2722 151 2786 portionare
168 2723 319 2785 quantitatem
337 2720 497 2781 remissionis,
510 2722 551 2773 sed
566 2722 594 2771 ad
611 2719 692 2771 merita
705 2715 822 2775 Ecclesiae,

19 2807 72 2857 qne
93 2805 182 2857 semper
199 2794 399 2857 superabundant3
413 2797 438 2845 et
452 2792 505 2843 ideo
523 2791 647 2843 secundiani
670 2788 730 2853 quod
750 2785 822 2851 appli-

20 2869 104 2915 rautur
115 2865 145 2915 ad
153 2867 237 2928 istum,
250 2866 377 2917 secuudirm
391 2867 435 2916 lroc
447 2864 607 2917 remissionem
620 2861 774 2923 consequitur.
788 2860 821 2909 dd

21 2939 65 2987 loc
80 2940 155 2989 autem
169 2936 229 3001 quod
244 2936 387 3000 austeros
402 2936 450 2998 isti,
461 2935 581 2999 requiritur
593 2933 716 2985 aucmritas
728 2932 822 2997 dienen-
