1942 3284
232 178 265 216 ue
280 177 439 216 semmuro
454 177 664 230 comannorum.
803 171 848 220 eat
950 203 951 238 p

56 254 173 305 litmentiu
183 255 211 306 ‹le
222 254 305 305 ettectu
314 255 411 319 salutis,
425 254 477 305 ciam
491 259 567 307 tanuen
579 255 706 322 baptismus
718 255 748 307 sit
761 257 789 308 de
807 270 852 308 ne·

53 326 157 378 cessitate
170 327 257 378 salutis.
273 328 299 376 ln
311 326 384 377 torma
403 328 474 378 etiam
488 327 596 392 baptismi
606 328 699 394 punitur
713 343 772 380 unus
787 332 853 380 actus

52 399 151 463 numm,
173 403 198 451 et
217 399 352 464 exprimitur
373 413 470 464 persona
492 400 642 464 baptizantis,
665 399 716 451 cium
738 401 848 454 dicitur:

54 473 125 535 «lige
134 476 159 523 te
172 472 305 536 baptisma
320 471 387 536 cujus
406 473 542 523 centrarium
557 477 651 536 apparet
664 473 689 524 iu
707 473 779 524 turma
794 487 851 538 prae·

54 543 115 593 licta.
131 545 184 594 Nun
200 556 254 607 ergo
269 547 303 593 est
317 543 457 594 conveniens
470 545 544 594 torma
557 544 626 606 hujus
642 545 786 596 sacramenti.

81 618 122 668 Sed
135 618 216 667 centra
230 618 267 666 est
279 614 401 666 auctoritas
414 615 530 677 Ecclesia,
545 630 595 681 quae
608 615 650 667 hle
665 616 737 669 lurml
748 631 853 670 cummu—
951 621 952 662 l

57 687 111 737 niter
120 688 203 737 utitur.

83 761 249 826 (Cuucsusao.
268 758 366 810 -Clsm
380 760 454 810 iubis
472 761 569 812 uerbis:
588 778 602 810 a
615 763 728 826 consigno
744 767 768 814 te
786 763 853 828 signu

56 832 135 897 uncis,
149 837 175 883 et
187 832 297 883 cunilram
307 835 329 881 te
340 830 462 882 chrismate
476 832 572 896 salutis,
586 833 609 882 in
624 833 715 884 nomine
729 835 817 896 Patris,
830 837 854 885 et

55 903 116 967 Filii,
129 908 154 954 et
168 903 269 968 Spiritus
281 903 367 964 sancti,
378 921 391 950 u
400 907 424 953 et
433 903 553 968 spirituale
562 905 643 964 robur,
653 908 676 955 et
689 918 757 956 eausa
769 906 852 970 ipsius,

54 988 99 1024 cum
108 975 177 1038 signu
191 975 252 1038 quui
265 974 385 1039 pugnaturi
398 975 472 1034 datur,
488 976 655 1039 exprimantur,
669 976 810 1027 conueniens
820 980 855 1026 est

54 1047 156 1108 predicta
175 1046 314 1097 sacramenti
330 1045 511 1096 confirmationis
524 1046 617 1110 terma.)

82 1118 220 1184 Respondeu
237 1116 372 1178 dicendum,
391 1117 451 1180 pubi
464 1117 570 1182 predicta
581 1119 654 1169 forma
667 1123 703 1170 est
715 1120 855 1171 conueniens

55 1191 104 1239 buic
121 1192 275 1241 sacramente.
293 1188 357 1240 Sicut
374 1189 434 1240 enim
451 1191 524 1240 turma
538 1190 570 1240 rei
584 1191 694 1242 naturalis
708 1192 746 1241 dat
764 1191 785 1242 ei
798 1205 855 1256 spe-

56 1262 126 1323 ciem,
142 1262 177 1312 ita
192 1262 263 1311 turma
279 1261 414 1311 sacramenti
428 1262 545 1312 continere
554 1262 620 1313 debet
631 1262 739 1328 quidquid
755 1264 855 1327 pertinet

57 1334 83 1383 al
99 1334 204 1398 speciem
219 1332 364 1383 sacramenti.
387 1333 452 1384 Sicut
471 1336 548 1398 putem
566 1347 595 1384 ex
618 1333 685 1399 supri
708 1334 775 1386 dictis
795 1337 857 1398 patet

59 1406 113 1468 (art.
133 1405 178 1469 1),
193 1404 219 1454 iu
233 1405 278 1453 buc
289 1408 430 1454 sacramente
444 1404 510 1454 datur
523 1406 620 1470 Spiritus
634 1411 725 1457 sauctus
740 1407 769 1457 ad
788 1407 857 1457 robur

58 1477 177 1540 spiritualis
189 1489 284 1540 pugna.
299 1476 326 1525 Et
337 1477 390 1526 iden
402 1477 426 1526 iu
437 1478 481 1527 buc
496 1481 638 1529 sacramento
653 1478 696 1529 tria
710 1483 764 1529 suut
778 1491 856 1530 neces·

58 1549 125 1611 saria,
139 1561 194 1613 quae
212 1546 358 1598 eontinentur
374 1547 399 1596 iu
419 1549 491 1598 ferma
509 1549 626 1612 praedicta.
642 1550 741 1608 Quorum
758 1550 856 1614 primum

59 1623 91 1670 est
107 1634 178 1671 causa
193 1619 315 1670 conterens
327 1620 492 1682 plenitudinem
508 1619 595 1670 ruboris
610 1619 745 1684 spiritualis,
759 1635 810 1684 qun
823 1625 857 1674 est

57 1696 130 1742 sancta
150 1691 270 1753 Trinitas,
286 1704 335 1753 pun
354 1690 488 1755 exprimitur
506 1690 557 1742 cira
571 1691 653 1741 dicitur
673 1707 709 1741 :u
726 1693 752 1742 lu
765 1693 857 1744 numine

59 1763 134 1826 Patris,
144 1781 159 1812 n
175 1767 223 1815 etc.
238 1762 368 1812 Secundum
382 1767 418 1812 est
430 1762 505 1827 ipsum
523 1763 590 1812 robur
604 1763 730 1826 spirituale,
740 1765 800 1828 quud
815 1766 857 1816 hu·

62 1834 111 1884 uini
120 1837 241 1886 cunlertur
255 1846 296 1898 per
307 1838 473 1884 sacramentum
484 1833 585 1884 materiae
596 1835 692 1886 visibilis
704 1835 732 1885 ad
743 1835 838 1887 salutem
849 1853 856 1900 ;

62 1907 116 1967 unul
130 1908 224 1971 quidem
237 1906 339 1969 tangitur
351 1905 403 1956 cim
417 1906 500 1957 dicitur
514 1922 520 1956 ε
538 1925 551 1954 «
566 1907 680 1958 Cuullrrnu
697 1911 720 1958 te
737 1908 858 1960 chrismate

63 1979 146 2031 salutis,
163 1997 177 2026 u
193 1979 295 2029 'lentium
304 1982 339 2028 est
353 1978 444 2041 signum
461 1980 522 2042 quod
539 1981 660 2044 pugnaturi
673 1981 748 2044 datur,
761 1980 821 2030 sicut
833 1981 858 2030 in

64 2063 134 2114 pugna
147 2051 261 2115 corporali
271 2050 355 2101 milites
366 2051 472 2113 insigniis
487 2053 568 2100 ducum
579 2051 742 2115 insigniuntur3
754 2056 777 2102 et
787 2065 859 2115 quau·

64 2120 106 2170 tim
115 2125 142 2174 acl
154 2124 200 2173 buc
209 2121 308 2172 dicitur:
322 2121 460 2185 «Cousiguu
468 2126 491 2172 te
501 2122 565 2185 signo
575 2121 676 2183 crucis»
685 2123 710 2173 in
721 2137 765 2188 quo
775 2123 861 2174 scilicet

66 2191 109 2243 lies
124 2198 205 2246 noster
216 2193 374 2256 triumpharit,
390 2197 415 2242 ut
424 2193 506 2242 dicitnr
522 2193 627 2250 Cotem„
638 2193 668 2244 tt.

92 2267 124 2317 lu
142 2265 244 2331 primurn
259 2277 314 2327 erge
327 2265 463 2324 dicendum,
481 2264 541 2327 qubl
561 2265 620 2316 sicut
636 2265 805 2329 supradictum
827 2269 863 2316 est

69 2337 114 2398 (art.
123 2345 148 2403 t,
160 2341 188 2390 ad
199 2338 234 2402 t),
244 2350 286 2402 per
294 2336 444 2387 ministerium
454 2339 605 2402 apostulorum
619 2338 755 2401 quaudoque
767 2337 862 2390 labatur

70 2414 159 2463 electus
176 2412 247 2477 bujus
266 2408 416 2471 sacramenti,
432 2409 518 2460 scilicet
530 2410 649 2475 plenitudo
662 2409 760 2473 Spiritus
778 2412 860 2472 sancti,

70 2485 196 2547 quibusdam
221 2481 352 2532 visibilibus
373 2481 445 2546 signis
462 2481 622 2532 miraculnstb
638 2483 684 2531 lleu
701 2480 803 2542 effectis,
824 2481 864 2544 qui

70 2560 138 2617 potest
153 2555 260 2606 ellectum
274 2553 411 2602 sacramenti
423 2553 472 2603 sine
488 2555 629 2602 sacramento
643 2552 755 2603 conterre.
768 2553 797 2600 tlt
808 2555 863 2602 tuuc

72 2639 111 2676 nun
126 2631 173 2677 erat
187 2623 318 2676 necessaria
333 2637 376 2676 uec
388 2625 480 2675 materia
495 2639 538 2675 uec
550 2623 621 2674 iurma
634 2625 703 2688 hujus
718 2621 862 2673 sacramenti.

73 2698 200 2764 mentuque
212 2699 290 2748 autem
304 2689 412 2760 tauquam
424 2695 522 2746 ministri
535 2697 727 2747 sacramentorum
739 2696 783 2745 bec
792 2705 866 2742 sacre-

73 2774 166 2822 mentum
185 2769 332 2835 praebebant,
348 2772 371 2818 et
389 2773 445 2819 tuuc
464 2768 523 2818 sicut
539 2766 647 2827 materia,
662 2767 694 2816 ita
708 2769 731 2816 et
751 2763 823 2814 inruit
836 2777 865 2814 ex

72 2843 168 2892 mandate
182 2841 268 2892 Gbristi
282 2841 416 2903 utebantur;
431 2839 501 2889 multa
519 2839 580 2889 euin
598 2838 719 2888 seruabant
731 2835 829 2900 apostoli
842 2833 866 2883 in

75 2917 259 2966 caementorum
272 2913 408 2976 cellatione,
419 2925 470 2976 qun
479 2911 503 2962 iu
517 2910 639 2975 Scripturis
651 2907 802 2960 cummuniter
813 2919 866 2970 prn-
