1942 3284
234 203 265 240 nn
279 203 446 242 nrsrrncrroun
460 204 582 254 ornanum,
598 204 652 242 arc.
795 193 844 242 otu

19 280 183 346 dispensator
200 277 295 328 aliorum
313 283 515 330 sacramentorum.
528 279 573 329 Sed
585 279 630 329 alia
640 283 781 329 summula
792 291 843 331 nura

21 354 87 405 sunt
104 347 156 399 nisi
167 361 217 398 ser.
229 350 287 412 Ergo
306 350 388 400 dehent
403 363 453 400 esse
467 348 556 400 tantiam
568 364 609 400 ser
619 349 718 400 ordines.

57 423 113 474 Sed
124 424 217 484 contra,
226 419 317 473 ridetur
334 419 395 484 qudd
408 421 506 472 deheaut
520 434 571 472 esse
587 423 672 486 plures.
686 420 745 478 Quia
757 421 844 483 qumtd

21 497 112 560 aliqua
136 492 208 542 uirtus
227 496 263 542 est
281 491 576 556 allior,tautdestmini1s
593 492 779 557 multiplicabilis.
798 493 846 544 Sed

19 570 141 634 potestas
153 563 293 614 hierarchica
304 568 340 614 est
349 564 423 614 altiori
436 565 503 615 modo
511 563 535 612 in
546 563 644 626 augelis,
652 566 719 628 quarn
732 563 756 614 in
766 563 845 629 auhn,

20 645 52 690 ut
68 636 202 701 Dionysius
215 635 281 686 dicit.
299 634 355 687 Cim
374 649 428 699 ergo
442 635 467 686 in
489 636 616 686 hierarchia
627 636 729 701 angelica
742 636 789 688 aiut
801 650 845 688 no·

22 724 84 762 uem
100 709 212 770 ordines,
226 707 320 758 totidem
337 708 446 760 deberent
464 721 517 760 esse
537 707 564 758 in
576 708 692 772 Ecclesia,
708 709 745 759 rel
755 708 846 772 plnres.

60 783 202 840 Praeterea,
216 778 338 842 prophetia
356 779 498 830 Psalmorum
516 783 551 830 est
572 779 668 830 nobilior
681 778 743 830 inter
761 794 845 833 omnen

23 850 183 918 prophetias.
194 849 239 900 Sed
250 851 277 900 ad
287 851 481 914 pronuntiandum
493 850 519 900 in
532 850 636 901 Ecclesia
647 851 703 902 alias
712 852 845 916 prophetiae

26 927 66 974 est
86 935 154 973 unus
167 921 234 985 ordo,
250 920 339 972 scilicet
357 922 475 972 lectorum.
489 923 550 986 Ergo
567 925 591 971 et
603 923 631 972 ad
648 923 844 987 pronuntiandum

24 995 146 1046 Psalmos
162 993 253 1044 deberet
267 1006 319 1044 esne
331 994 389 1044 alius
403 995 467 1057 ordo,
482 997 506 1045 et
521 993 636 1059 precipue
653 994 704 1044 cim
714 994 740 1044 in
753 997 845 1046 Decre-

29 1068 85 1127 tis,
100 1064 159 1116 dist.
177 1065 244 1128 XXI,
259 1065 379 1128 psalmista
397 1065 513 1116 sccundus
529 1065 558 1114 ab
573 1064 665 1116 ostiario
680 1065 739 1116 inter
752 1067 846 1118 ordinm

27 1141 148 1204 ponatur.

65 1211 236 1276 (Conclusio.
249 1233 280 1246 ···
289 1209 357 1258 Juxta
371 1221 493 1258 numerum
503 1207 681 1259 ministeriorum
694 1223 745 1272 que
758 1210 788 1260 ad
798 1210 845 1260 lin·

30 1281 157 1333 charistia
167 1279 547 1344 consecrationem‚decentemque
556 1279 607 1343 ejus
616 1280 774 1332 tractationem
784 1295 844 1345 opus

29 1357 122 1417 erant,
137 1350 199 1402 recte
213 1355 302 1415 septem
315 1353 406 1402 ordines
421 1350 600 1415 sentiuntid,
615 1352 724 1402 videlicet
739 1353 845 1404 sacerdo·

29 1428 100 1486 urm,
126 1422 292 1485 diaconorum,
309 1421 515 1484 subdiaconorum,
530 1422 702 1487 acolythorum,
715 1424 845 1488 lectorum,

31 1495 220 1558 exorcistarum,
235 1497 259 1544 et
278 1493 431 1544 ostiariorum.
446 1493 455 1557 )

64 1565 208 1631 Moundou
227 1565 364 1628 dicendum,
377 1563 437 1628 quid
457 1565 549 1628 quidam
562 1564 722 1615 sufficientiam
738 1565 847 1615 ordinum

32 1641 134 1691 sumunt
146 1649 189 1700 per
200 1637 324 1699 quamdam
335 1635 503 1699 attentionem
515 1636 544 1686 ad
554 1635 639 1699 gratias
648 1636 718 1698 gratis
728 1637 807 1698 datas;
817 1636 846 1686 du

34 1710 124 1774 ombus
137 1709 235 1760 habetur
246 1708 265 1757 l.
276 1709 346 1764 eor..
354 1707 404 1758 llll.
414 1707 498 1756 Dicunt
509 1707 570 1757 enim
581 1706 643 1770 qnod
652 1721 735 1756 sermo
747 1709 847 1772 cupieru-

35 1784 83 1831 tioe
101 1779 215 1843 competit
228 1777 349 1842 episcopo,
361 1777 414 1842 quia
424 1776 475 1841 ipse
488 1777 583 1828 aliorum
596 1776 710 1828 ordinator
722 1782 772 1841 est,
783 1779 846 1842 quod

35 1853 65 1902 ad
89 1851 228 1917 sapientiam
250 1849 350 1914 pertinet
372 1863 478 1899 :sermo
496 1849 628 1906 scientim,
643 1850 771 1910 sacerdoti,
792 1849 847 1912 qnia

36 1923 108 1975 debet
122 1923 208 1974 hahere
221 1921 309 1974 clavem
326 1921 426 1972 scientim
440 1935 446 1970 ε
459 1919 537 1984 fider,
554 1919 664 1980 diacono,
676 1920 716 1982 qui
735 1920 846 1984 predicat

35 1993 193 2058 Evangelium
207 2011 214 2043 ι
229 2008 305 2058 opera
318 1994 460 2049 virtutum,
475 1991 624 2053 subdiacono,
640 1990 679 2054 qui
693 2005 718 2044 so
731 1992 762 2041 ad
776 2004 848 2055 opera

35 2065 190 2129 perfectiouis
206 2065 308 2116 otendit
327 2077 368 2128 per
385 2067 465 2114 votum
483 2061 628 2113 continentie
643 2063 847 2126 :interpretatio

36 2153 202 2194 sermonum,
212 2137 316 2200 acolyto,
327 2137 387 2199 quod
399 2135 540 2199 significatur
550 2134 575 2184 in
584 2135 672 2185 lumine
683 2135 744 2197 quod
756 2134 846 2199 dotert3

38 2213 133 2273 oratio
152 2211 313 2263 sonitatum,
331 2208 463 2271 exorcistae3
488 2221 579 2271 uenero
601 2207 770 2270 linguarum,
788 2207 849 2270 psal·

39 2281 129 2344 mistae3
146 2280 296 2345 prophetia,
313 2279 406 2342 lectori3
421 2279 545 2330 do'scretio
558 2279 719 2341 spirituum,
736 2276 845 2336 ostiario,

40 2352 82 2413 qui
96 2353 210 2416 quosdam
223 2349 313 2414 repellit
327 2353 350 2400 et
364 2351 473 2413 quosdam
493 2347 599 2399 admittit.
610 2347 653 2398 sed
668 2348 712 2399 hou
723 2348 783 2399 nihil
795 2351 845 2409 ent,

40 2421 96 2484 quia
114 2421 193 2488 gratiae
206 2421 277 2484 gratis
288 2421 345 2472 datae
357 2435 404 2472 non
414 2421 495 2470 dantur
509 2419 657 2479 eidemniout
665 2419 757 2470 ordines
766 2420 849 2470 dautur

41 2491 129 2544 eidem.
150 2493 235 2544 Dicitur
253 2493 315 2542 enim
337 2494 356 2542 l.
377 2493 448 2548 Corn,
466 2493 508 2542 llll
524 2506 530 2541 :
549 2509 562 2539 u
579 2489 706 2542 Divisiones
726 2490 849 2554 manarum

42 2569 106 2615 suut.
124 2581 139 2614 u
152 2567 181 2616 Et
197 2563 281 2616 iterium
292 2603 299 2627 ,
310 2569 427 2628 ponuntur
438 2565 541 2628 quaedam
555 2577 606 2627 qua
620 2563 711 2614 ordines
721 2575 769 2613 non
783 2563 848 2624 sunt,

43 2635 133 2686 scilicet
149 2636 331 2700 episcopatuum
348 2635 513 2700 psalmislatus.
525 2635 555 2684 Et
565 2635 616 2685 ideo
631 2633 797 2697 aliiassignant
809 2646 848 2684 se·

42 2706 144 2757 cundiam
159 2709 278 2770 quamdam
293 2707 481 2760 assimilationem
500 2708 528 2757 ad
546 2705 662 2756 colestem
680 2705 848 2767 hierarchiam,

43 2773 70 2824 iu
83 2791 129 2840 qua
142 2778 234 2829 ordines
251 2779 422 2842 distinguuntur
435 2777 561 2828 secundum
578 2780 773 2841 parochianam,
788 2776 852 2827 illu·

45 2848 229 2908 minutionem,
240 2853 264 2900 et
275 2851 466 2914 perfectionem.
479 2849 562 2898 Dicunt
572 2849 634 2898 enim
647 2849 708 2912 quod
723 2851 852 2900 uolturium

44 2925 128 2983 purgat
138 2919 253 2983 arteriis,
265 2921 405 2986 segregando
419 2921 493 2972 honos
502 2919 516 2969 t
524 2919 598 2983 mdis,
608 2921 677 2972 etium
690 2922 849 2988 corporaliter3
