1942 3284
133 218 181 265 'ito
277 226 476 277 manuninum,
494 220 743 279 commixionem.
761 228 789 265 π.

431 364 591 417 numenius
605 362 636 417 11.

164 483 250 529 Utricm
260 482 409 539 participante
424 480 626 526 emcommone'coio
634 481 667 526 ait
680 483 921 529 excommunicatus.

165 592 199 642 nd
216 590 339 641 omnnium
353 589 387 639 sic
398 587 536 653 proceditur.
552 588 648 639 Videtur
663 588 727 652 qnod
741 588 892 655 participans
905 605 942 642 ex·

132 660 298 714 communicato
318 660 413 711 nonsit
433 658 651 711 excommunicatus.
671 660 728 711 Plias
743 660 807 711 enim
822 668 941 727 semaraim

132 739 169 785 cot
178 734 210 783 ab
225 732 325 783 Ecclesia
336 731 447 793 Geniis,
462 730 531 795 quim
548 732 772 783 excommunicatus.
786 734 834 785 Sei
848 736 893 786 ilic
906 736 940 799 qui

131 805 253 871 participat
263 804 347 855 Gentili
354 842 363 869 ,
375 808 414 854 aut
425 804 520 862 induo,
535 814 581 854 non
592 806 626 854 est
638 806 872 857 excommunicatus.
888 807 941 869 ungo

131 891 175 930 nec
183 877 221 928 ilie
235 876 275 941 qui
288 877 408 941 participat
421 875 617 927 excommunicato
631 876 779 927 Christiano.

162 952 188 998 2.
206 950 334 1011 Praeterea,
348 948 369 998 si
381 946 419 997 iiie
438 947 479 1010 qui
495 946 616 1010 participat
633 947 704 997 alicui
723 948 938 1009 excommunicato,

132 1019 163 1070 eii
179 1020 408 1081 excommunicatus,
425 1018 507 1068 eadem
529 1017 614 1069 natione
633 1018 673 1083 qui
696 1018 829 1083 participat
849 1019 940 1084 partini

131 1091 214 1154 panti,
228 1090 272 1141 enit
284 1088 508 1152 excommunicatus,
522 1093 546 1138 ct
563 1086 596 1138 sic
611 1087 635 1139 iu
657 1089 780 1139 infinitum
795 1091 939 1154 procedetur,

132 1163 193 1226 cuod
205 1162 296 1213 uidetur
311 1162 443 1211 absurdum.
457 1162 515 1224 tingo
533 1172 580 1211 noo
595 1163 632 1211 est
651 1162 880 1213 excommunicatus
890 1200 898 1223 ‚
908 1162 941 1225 qni

132 1234 328 1285 excommunicato
339 1232 470 1297 participat.
554 1250 556 1263 ·

164 1306 209 1356 Sei
226 1309 303 1356 eontra
319 1308 372 1364 eat,
385 1302 446 1366 qnod
470 1304 682 1354 excommunicatus
704 1306 744 1354 est
765 1306 863 1369 positus
885 1310 943 1357 om

133 1374 325 1426 communionem.
339 1375 399 1437 Ergo
420 1374 460 1438 qui
473 1375 496 1425 ei
507 1375 671 1437 communicat,
687 1374 701 1425 i
715 1377 891 1429 eommunione
903 1377 946 1427 Eo-

133 1445 210 1495 ciesiae
228 1445 325 1509 nocedim
340 1449 364 1495 et
375 1446 409 1495 oio
423 1445 514 1497 uidetur
525 1445 628 1510 quidmit
638 1448 874 1500 excommunicatus.

165 1516 512 1583 (conccusno.-Panticipans
527 1530 577 1567 cnm
588 1516 803 1582 excommunicato,
816 1533 944 1572 excommun

133 1588 222 1640 nicetus
239 1602 329 1653 quoqne
344 1592 394 1651 est,
411 1588 533 1653 aliquando
551 1588 649 1652 majori,
666 1591 847 1654 nonnunquam
870 1590 944 1641 nium

134 1662 394 1723 excommunicatione.)

166 1733 302 1797 Respouieo
314 1733 449 1792 dicendum,
466 1730 527 1793 quod
542 1731 754 1783 excommunicatio
767 1736 855 1797 potest
869 1734 895 1785 in
904 1732 944 1785 ni-

135 1817 203 1867 qnem
216 1805 271 1855 icini
285 1803 416 1868 dupliciter.
430 1804 475 1852 tut
488 1801 533 1865 iia,
547 1800 607 1865 quid
620 1803 669 1866 ipse
682 1802 713 1852 ait
726 1806 945 1856 excommunicat!

136 1887 188 1924 cum
197 1870 303 1925 omnibus
311 1875 333 1925 ei
344 1873 546 1939 participantibus3
557 1876 580 1925 ei
592 1876 646 1923 tunc
655 1886 703 1923 non
712 1878 750 1925 est
761 1874 877 1941 dubium,
891 1875 945 1941 quii

135 1946 273 2011 quicumque
289 1946 411 2012 participat
424 1948 460 2009 oi,
474 1949 510 1997 est
527 1944 739 1997 excommunicatus
753 1948 848 2009 majori
860 1962 947 2001 exuam

134 2018 304 2083 manicatione:
318 2022 358 2067 aut
370 2022 408 2069 eat
418 2017 625 2069 excommunicatus
634 2015 785 2081 simplieiten3
801 2024 830 2070 et
845 2022 947 2071 tumeant

134 2088 256 2152 participat
268 2088 350 2152 aliquia
361 2089 382 2140 ei
397 2090 421 2139 in
431 2088 526 2138 crimine
535 2126 542 2148 ,
551 2088 672 2153 prebendo
685 2088 708 2139 ei
719 2090 875 2154 eonsilium,
888 2090 947 2141 auxi·

134 2155 207 2219 tium,
222 2161 261 2207 nut
274 2159 387 2224 iavorcm3
402 2164 425 2209 et
438 2159 472 2210 sic
484 2159 568 2209 iterim
579 2162 615 2209 est
627 2160 854 2213 excommunicatus
869 2160 946 2226 majori

134 2228 370 2281 excommunicatione
390 2236 451 2281 :ani
471 2231 594 2295 participet
615 2230 639 2280 in
656 2229 721 2294 aliis,
736 2230 800 2281 siout
816 2232 846 2283 in
864 2234 945 2286 venito.

134 2298 172 2348 vel
193 2298 217 2348 in
239 2302 332 2363 osculo,
347 2301 384 2352 ccl
404 2303 429 2351 in
449 2315 529 2353 mensa
547 2317 553 2351 :
572 2304 595 2352 et
616 2301 650 2351 sic
670 2305 707 2351 eet
724 2305 946 2355 excommunicans

134 2368 220 2421 minori
232 2373 473 2438 excommunicatione.

166 2444 200 2492 Ad
215 2442 312 2506 primum
326 2457 380 2507 ergo
392 2443 531 2508 dicendum,
546 2442 607 2507 quod
624 2443 726 2495 Ecclesia
737 2456 786 2495 nou
800 2445 840 2497 ita
849 2447 945 2499 incenit

137 2513 248 2576 corrigere
260 2513 376 2576 infideles,
387 2514 448 2565 sicut
467 2514 554 2578 fideles,
570 2526 665 2577 quemn
683 2527 738 2564 cuna
752 2515 799 2566 sibi
815 2516 944 2579 immin

136 2587 161 2635 et
172 2584 225 2635 ideo
235 2597 281 2635 nou
294 2586 328 2635 ita
341 2587 403 2636 arcet
415 2585 429 2635 i
440 2586 601 2637 communione
613 2585 755 2649 infidelium,
771 2588 840 2639 sicut
854 2590 869 2641 i
882 2604 946 2642 οω-

134 2656 245 2707 munione
262 2656 362 2708 fidetium
373 2657 425 2707 ittoo
439 2670 497 2721 quoa
507 2657 706 2720 excommunicat,
717 2671 787 2722 super
800 2672 866 2723 quos
879 2663 947 2713 heieu

135 2724 234 2789 aliquam
249 2729 395 2791 potestatem.

166 2797 200 2846 Ad
214 2800 339 2849 secundum
349 2798 488 2863 dicendum,
503 2799 565 2865 quid
583 2801 782 2853 excommunicato
795 2802 887 2855 minori
904 2818 948 2857 ex·

129 2869 340 2921 communicatione
358 2870 414 2921 licet
428 2871 598 2923 communicare
615 2886 622 2923 :
639 2875 664 2923 et
679 2872 714 2923 sic
733 2875 948 2927 excommunicatio

134 2946 183 2985 uon
199 2940 283 2990 ineunt
296 2940 322 2990 in
336 2941 427 2993 tentiam
438 2956 568 3008 personam.
