1942 3284
1072 13 1096 36 1

414 157 506 201 34Ξ
757 161 877 201 rus
904 160 988 212 m,
1017 153 1204 207 Qum.
1231 160 1444 211 Lmlu,
1471 159 1581 199 ΠΤ.
1609 159 1674 197 Π.

414 245 442 289 ὴ
470 253 582 305 qam,
610 242 660 290 ει
681 238 905 288 terminus
928 237 1002 287 ad
1020 252 1188 303 quem.
1214 235 1466 289 Conversio
1500 239 1654 287 autem
1692 235 1864 299 potest
1888 244 1942 283 co

414 313 558 361 deri-iri
590 307 831 375 dupliciter
862 323 875 358 ε
904 321 998 358 uno
1039 310 1172 359 modo
1207 312 1263 359 ut
1302 308 1353 357 in
1385 307 1506 371 fieri
1520 346 1533 364 ,
1573 306 1665 358 alio
1711 304 1863 356 modo
1894 306 1942 353 ui

410 389 550 445 ,riwin
586 395 703 432 ease.
740 381 843 431 Non
878 384 1030 431 autem
1080 380 1240 431 debuit
1288 378 1535 443 significari
1569 378 1828 429 conversio
1871 377 1922 426 in

414 457 639 513 mummi
663 452 713 501 in
740 452 878 516 fieri,
908 452 990 501 sed
1024 455 1077 501 ut
1103 452 1150 501 in
1173 452 1311 514 facto
1337 464 1457 501 esse.
1473 478 1478 482 ·
1497 450 1650 500 Primo
1668 450 1878 513 quidem
1899 485 1914 510 ,
1937 465 1942 493 ι

410 529 510 573 haec
530 522 764 575 cenversio
792 534 887 573 non
903 526 975 573 est
1001 522 1278 583 successiva,
1296 526 1350 574 ut
1375 521 1512 587 supra
1531 522 1706 572 dictum
1727 524 1814 571 est
1839 519 1942 583 (qu.

410 601 494 645 nrt.
530 601 597 657 Ἡ,
621 594 701 645 sed
735 595 1023 645 instantanea
1051 609 1065 643 τ
1101 593 1152 643 in
1167 594 1440 658 hujusmodi
1465 597 1618 644 autem
1647 588 1942 641 mutationi}

410 669 526 729 fieri·
554 679 641 731 nnn
676 668 746 716 εει
770 666 860 715 nisi
894 666 1094 730 factum
1123 680 1241 715 esse.
1267 664 1508 726 Secundo,
1535 665 1644 728 quia
1674 664 1751 713 ita
1784 676 1843 713 se
1870 658 1942 710 ha]

414 741 566 789 fnrmae
591 736 949 788 sacramentales
991 738 1046 788 ad
1079 737 1425 801 significandum
1453 735 1666 787 effectum
1709 743 1939 785 saei-ame

414 809 530 857 sii-ut
558 821 606 859 se
630 809 800 859 habent
822 809 979 861 formae
1007 809 1265 859 artificiales
1287 809 1342 858 ad
1367 803 1942 872 repraesentandum'effec

414 881 538 929 nri-is.
574 880 729 930 Forma
751 884 901 931 autem
926 879 1175 930 artificialis
1200 882 1272 929 est
1301 879 1548 929 similit-udo
1575 877 1726 927 ultimi
1746 876 1942 926 effectum

414 966 550 1017 quern
578 952 718 1003 fertur
743 952 941 1002 intentio
960 950 1176 1013 artificis3
1200 950 1319 1001 sieut
1351 951 1497 1001 forma
1521 950 1632 1001 artis
1654 949 1704 999 in
1727 950 1905 999 mente
1933 958 1942 994 ε

414 1025 609 1076 straturis
636 1029 707 1076 est
731 1019 877 1075 forma
900 1024 1062 1090 domus
1080 1020 1310 1073 aedi‘ficatae
1339 1021 1675 1087 principaliter3
1705 1016 1942 1071 aedificati«

414 1101 562 1145 nutum
592 1108 676 1159 per
702 1108 987 1159 consequens
1015 1110 1028 1144 z
1058 1094 1180 1144 unde
1213 1096 1259 1144 et
1288 1094 1350 1143 ‘in
1374 1095 1461 1143 bae
1489 1094 1632 1143 forma
1657 1092 1800 1143 debet
1830 1101 1942 1152 ειμι

414 1168 680 1229 cernentem,
705 1171 757 1216 ut
785 1166 833 1215 in
860 1167 1006 1229 sacto*
1034 1180 1135 1215 esse
1171 1166 1228 1215 ad
1252 1166 1373 1229 quod
1399 1164 1543 1215 fertur
1568 1163 1784 1214 intentio.
1825 1161 1895 1210 Et
1930 1173 1942 1207 t

418 1241 514 1301 ips-a
546 1238 777 1289 conversio
799 1238 1069 1301 exprimitur
1089 1238 1139 1287 in
1162 1239 1250 1288 boc
1280 1238 1425 1287 forma
1451 1239 1502 1285 ut
1526 1235 1573 1285 in
1600 1237 1741 1298 facto
1771 1247 1917 1295 esse,

414 1325 542 1361 cesse
578 1313 648 1360 εει
671 1309 793 1373 quod
827 1312 1031 1359 extrema
1058 1307 1373 1360 conversionis
1399 1305 1728 1371 significentur,
1756 1310 1812 1357 ut
1852 1318 1910 1355 se

414 1381 526 1429 lacni
554 1381 601 1429 in
632 1380 772 1442 facto
809 1393 913 1429 esse
950 1380 1284 1432 conversionis.
1313 1379 1442 1429 Tunc
1484 1382 1636 1429 autem
1680 1378 1920 1427 terminus

418 1469 562 1513 pamm
586 1452 719 1502 habet
745 1450 975 1515 propriam
998 1455 1206 1503 naturam
1234 1465 1330 1503 suae
1362 1450 1654 1513 substantiae3
1683 1451 1764 1501 sed
1796 1446 1940 1501 termi

414 1525 446 1573 si
478 1537 574 1585 qun
608 1536 703 1575 non
732 1527 888 1574 manet
924 1523 1176 1574 secundnm
1210 1536 1340 1575 suam
1381 1522 1686 1573 substantiam
1705 1560 1718 1583 ,
1745 1522 1830 1572 sed
1872 1520 1942 1571 sol

418 1594 663 1645 eei-undum
698 1595 951 1647 accidentia
991 1595 1158 1659 quibus
1209 1594 1363 1646 sensui
1400 1594 1605 1658 subjacet
1645 1598 1692 1645 et
1727 1595 1784 1645 ad
1831 1606 1942 1645 sens

418 1665 712 1717 [interminari
740 1670 909 1732 potest.
946 1667 1077 1717 Unde
1105 1666 1432 1717 convenienter
1459 1666 1682 1716 terminus
1707 1665 1942 1717 conversio

418 1741 446 1785 fs
478 1753 574 1801 prin
597 1737 867 1803 exprimitur
906 1751 989 1803 per
1018 1751 1269 1802 pronomen
1306 1736 1710 1789 demonstrativum
1742 1737 1942 1787 relatum

418 1806 680 1861 arridentia
695 1810 925 1861 sensibilia
941 1848 954 1874 ‚
978 1824 1078 1873 quae
1105 1811 1322 1873 manent3
1343 1808 1567 1859 terminus
1594 1812 1749 1859 autem
1772 1808 1848 1857 ad
1871 1822 1942 1873 qu

418 1880 681 1941 exprimitur
714 1894 798 1944 per
828 1893 996 1930 nomen
1035 1880 1299 1944 significans
1333 1883 1539 1930 naturam
1570 1878 1676 1942 ejus
1709 1880 1761 1929 in
1801 1880 1929 1944 quod

418 1951 669 2001 rnrivntsio.
706 1952 833 2009 Quod
876 1952 1061 2014 quidem
1097 1955 1166 2001 εει
1208 1953 1358 2001 totum
1395 1963 1559 2014 corpus
1585 1950 1795 2013 Christi,
1843 1954 1891 2002 et
1923 1963 1942 1999 1

418 2025 510 2069 suin
538 2035 641 2073 caro
675 2022 793 2086 ejuS‚
818 2024 869 2071 ut
893 2022 1065 2071 dictum
1098 2026 1170 2073 εει
1185 2023 1283 2088 (qu.
1308 2027 1386 2084 76,
1409 2026 1495 2072 art.
1521 2024 1568 2083 1,
1590 2023 1646 2072 ad
1667 2021 1742 2087 2).
1767 2023 1900 2074 Unde
1922 2023 1942 2072 t

418 2093 558 2141 f'nrma
591 2097 667 2143 est
705 2091 1142 2144 convenientissima
1179 2108 1192 2143 :
1235 2094 1383 2144 «Hoc
1418 2097 1487 2144 est
1514 2106 1682 2158 corpus
1714 2107 1888 2145 meum.
1911 2110 1938 2142 n

482 2165 546 2213 nd
586 2163 783 2228 primum
819 2177 927 2228 ergo
968 2165 1239 2227 dicendum,
1267 2164 1389 2228 quod
1432 2165 1551 2229 fieri
1588 2178 1682 2215 non
1721 2170 1796 2215 est
1829 2166 1942 2216 uitia

418 2237 608 2285 effectus
651 2236 791 2299 hujus
822 2235 1209 2299 consecrationis,
1241 2238 1321 2287 sed
1366 2236 1562 2300 factum
1599 2251 1735 2297 esse,
1763 2241 1817 2288 ut
1849 2237 1942 2288 dici

418 2313 486 2357 cei.
518 2321 530 2357 ς
562 2309 610 2357 et
627 2306 732 2358 ideo
757 2308 847 2360 hoc
868 2307 1024 2371 potius
1046 2308 1242 2372 exprimi
1263 2308 1397 2359 debet
1423 2309 1468 2357 in
1497 2308 1662 2359 forma.

482 2381 546 2429 nil
586 2379 836 2429 secundum
866 2380 1111 2430 dicendum
1128 2416 1145 2443 ,
1175 2378 1298 2443 quod
1338 2392 1488 2430 sermo
1511 2380 1596 2430 Dei
1623 2381 1842 2443 operatus
1866 2381 1935 2429 est

414 2453 643 2501 creatinne
685 2464 866 2514 rerum,
898 2450 980 2514 qni
1020 2452 1160 2501 etiam
1204 2455 1417 2514 operatur
1440 2451 1488 2499 in
1525 2452 1612 2501 hac
1655 2450 1942 2501 consecratio]

418 2521 550 2573 aliter
578 2529 726 2573 tamen
767 2526 815 2572 et
853 2522 998 2573 aliter.
1028 2523 1144 2571 Nam
1175 2520 1252 2571 hic
1289 2526 1502 2587 operatur
1540 2522 1754 2573 effective
1789 2526 1838 2573 et
1874 2535 1942 2573 sac

418 2593 689 2657 mentaliter,
702 2594 751 2644 id
768 2597 854 2657 est,
873 2592 1123 2645 secundum
1137 2594 1228 2643 vim
1250 2593 1599 2657 significationis
1618 2609 1631 2643 z
1651 2598 1700 2643 et
1719 2594 1826 2646 ideo
1843 2606 1942 2658 opor

418 2665 466 2713 in
506 2669 589 2717 nnc
620 2678 835 2717 sermone
878 2664 1127 2729 significari
1160 2665 1371 2716 ultimum
1407 2666 1622 2717 effectum
1662 2665 1942 2717 consecratio

418 2749 498 2797 per
538 2737 721 2787 verbum
754 2737 1088 2788 substantivum
1127 2736 1366 2787 indicativi
1394 2737 1516 2789 modi
1553 2741 1601 2788 ει
1633 2739 1874 2802 praesentis
1903 2741 1942 2788 ιε

418 2809 558 2869 puris.
588 2808 681 2859 Sed
710 2809 762 2858 in
796 2808 1023 2860 creatione
1051 2821 1200 2859 rerum
1233 2812 1448 2873 operatus
1490 2814 1559 2861 εει
1590 2810 1737 2861 solum
1781 2811 1942 2862 effecti*

418 2893 518 2941 :112ae
558 2879 736 2945 quidem
776 2880 1026 2931 efficientia
1065 2884 1138 2931 est
1163 2895 1245 2947 per
1270 2881 1514 2945 imperium
1539 2895 1631 2932 suae
1659 2883 1899 2946 sapientiae
1929 2898 1939 2931 :
