1942 3284
114 190 143 235 lo
308 199 369 238 anus
385 201 426 250 ur,
441 198 535 245 pausa.
551 198 668 249 ux„anu.
687 199 712 236 v.

114 276 269 338 sensibilibus,
283 274 407 326 secundum
425 274 485 339 qudd
496 278 552 324 *sont
561 274 588 323 in
600 287 643 324 sua
653 278 751 335 aalma,
766 286 812 325 nou
828 276 906 325 autem

112 346 237 397 secuudum
250 346 310 411 quod
324 351 469 404 assumuntur
480 346 509 397 ad
519 345 689 410 significandum
704 346 907 410 spiritualiaque

112 422 167 469 suut
179 418 277 469 maxima
286 419 355 469 bona.

388 484 563 578 'mudnatis
576 525 604 573 V.

169 650 255 695 Utrum
269 650 424 707 requiruntur
433 650 595 695 determinato
608 662 646 695 rea
655 650 687 695 ud
694 652 853 695 sacramenta.

140 778 177 827 ald
191 776 296 841 quintum
314 776 347 826 sic
366 776 501 839 proceditur.
515 776 608 827 Videtur
625 776 686 841 qudd
704 789 750 827 nou
766 778 913 841 requirantur

112 850 318 900 determinatores
340 849 368 898 ad
389 851 536 899 sacramenta.
554 850 600 898 llas
622 848 682 899 enim
702 848 821 899 sensibiles
841 862 913 899 assu-

113 926 204 971 muntur
212 920 237 970 in
245 921 409 971 sacramentum
417 922 445 970 ad
453 920 668 983 significandumut
676 921 801 971 dictumest
809 922 864 985 (art.
876 923 911 985 a).

112 992 158 1043 Sed
169 993 227 1043 nibil
240 991 343 1057 probibet
352 991 447 1042 diversis
459 992 527 1041 rebus
542 992 687 1042 sensibilibus
702 992 763 1041 idem
776 992 913 1055 significari,

113 1064 172 1115 aient
190 1065 213 1115 iu
230 1077 293 1115 sacra
311 1063 426 1127 Scriptura
443 1064 502 1113 bens
517 1062 636 1126 aliquando
651 1062 803 1127 metaphorice
821 1063 916 1126 signill-

113 1139 177 1186 catur
188 1150 229 1201 per
241 1135 338 1200 lapidem
348 1135 501 1198 ,quaudoque
511 1148 552 1198 per
563 1134 664 1196 leonem,
675 1136 809 1200 quaudoque
823 1149 866 1199 per
876 1150 917 1187 so·

112 1209 156 1259 lem
162 1248 171 1274 ‚
186 1213 225 1259 aut
238 1207 322 1273 aliquid
336 1206 397 1256 eliud
409 1207 548 1271 hujusmodi.
563 1206 621 1270 Ergo
634 1207 722 1258 videtur
739 1207 799 1271 qubd
812 1207 916 1259 diuersa

113 1294 149 1332 res
162 1282 249 1347 possint
268 1292 391 1343 congruere
407 1279 481 1330 eidem
501 1282 655 1343 sacramento,
670 1292 715 1329 uon
731 1292 785 1343 ergo
803 1280 918 1331 determi-

112 1350 173 1404 natui
189 1367 226 1404 res
245 1352 269 1401 iu
286 1350 434 1402 sacramentis
447 1350 602 1413 requiruntur.

143 1430 166 1475 ι.
179 1426 308 1479 Praeterea,
318 1422 389 1487 magis
403 1425 438 1471 est
451 1422 577 1471 necessaria
593 1421 654 1471 salus
670 1421 749 1472 auimae
762 1420 829 1483 quam
848 1425 916 1477 sulus

112 1496 220 1560 carpens.
235 1496 279 1546 Sed
292 1495 316 1545 iu
329 1492 447 1543 medicinis
464 1492 631 1555 corporalibus,
643 1504 694 1555 quoe
706 1493 734 1542 ad
749 1492 848 1543 salutem
862 1509 918 1547 cor-

112 1568 175 1631 poris
187 1567 326 1628 ordinantur,
339 1568 415 1630 potest
424 1577 473 1614 uua
486 1578 524 1613 res
535 1577 576 1627 pro
590 1565 633 1613 alia
643 1563 698 1627 pout
708 1564 731 1613 in
747 1564 798 1628 ejus
808 1565 915 1619 delectu.

114 1640 175 1703 Ergo
188 1638 259 1688 multb
272 1636 344 1701 magis
359 1636 385 1685 iu
395 1636 557 1698 sacramentis,
568 1650 619 1699 quaa
634 1639 686 1686 suut
705 1636 821 1685 medicina
842 1640 919 1703 spiri-

113 1710 185 1760 tuales
194 1710 222 1760 ιι
234 1710 328 1759 salutem
339 1708 421 1759 anima
434 1707 543 1759 ordinata
548 1708 651 1771 ,poterit
663 1719 708 1756 una
718 1719 755 1757 res
769 1709 858 1757 assumi
872 1726 918 1775 pro

112 1781 169 1843 alia,
184 1782 273 1844 quando
286 1780 439 1831 illudeiueait

144 1857 168 1902 3.
182 1855 311 1914 Ριιιιιιι,
325 1855 419 1902 nonest
434 1850 571 1901 conueniens
581 1853 607 1901 ut
619 1849 717 1901 bominis
732 1820 794 1900 salus
808 1856 921 1907 arctetur·

88 1987 91 1993 ¹
112 1938 153 1988 per
166 1924 238 1987 legem
250 1922 362 1985 diuinam,
378 1926 401 1972 et
414 1922 528 1986 pracipu'e
541 1934 581 1985 per
593 1923 665 1986 legem
677 1922 777 1986 Christij,
790 1922 830 1987 qui
842 1930 919 1980 uenit

113 2008 192 2046 omues
204 1995 301 2045 ιιιιιιι.
316 1994 396 2058 Sed,
389 2007 413 2042 ιι
425 1997 486 2043 statu
495 1994 552 2057 legis
565 1998 665 2056 natura,
678 2008 724 2045 non
737 1994 919 2058 requirebantur

112 2067 137 2116 in
148 2066 295 2117 sacramentis
310 2066 390 2129 adquae
402 2078 440 2115 ιιι
453 2066 622 2127 determinata,
638 2068 677 2117 sed
692 2080 721 2117 er
737 2071 789 2116 uoto
803 2078 916 2123 eamme.

113 2138 206 2198 buntur,
219 2140 245 2186 ot
256 2139 320 2199 patet
331 2137 426 2195 Gema,
438 2137 545 2197 lllltllll,
560 2136 599 2187 ubi
612 2138 680 2188 Jacob
694 2136 756 2187 uouit
769 2150 793 2187 se
807 2138 854 2189 beu
871 2144 918 2195 de-

113 2210 183 2260 cimas
195 2213 218 2259 et
232 2209 321 2259 hostias
337 2208 441 2273 pandens
454 2208 589 2260 oblaturum.
603 2211 662 2273 Ergo
678 2209 765 2261 videtur
782 2210 852 2273 quud·
862 2227 919 2268 non

115 2281 214 2333 debuerit
226 2281 306 2331 aremii
322 2281 404 2341 homo,
420 2283 443 2331 et
455 2280 568 2345 precipue
582 2282 608 2331 iu
619 2295 679 2333 noua
693 2282 753 2345 lage,
768 2281 795 2331 ud
809 2282 920 2351 alicujus

113 2353 147 2405 rei
160 2352 313 2405 determinata
326 2366 391 2403 uuum
403 2353 429 2403 in
442 2354 599 2404 sacramentis.

144 2425 189 2475 Sed
201 2428 277 2474 cuntm
287 2436 333 2488 eat,
349 2426 409 2491 quod
417 2426 526 2477 Dominus
537 2426 606 2488 dicit,
616 2428 699 2482 doum,
710 2425 739 2475 111
752 2441 757 2474 :
771 2426 844 2477 allisi
856 2435 921 2496 quis

114 2499 206 2548 renatus
216 2497 285 2547 luerit
298 2511 326 2548 ex
340 2512 397 2563 aqua
410 2502 433 2550 et
445 2498 531 2563 Spiritu
539 2502 626 2563 sancto,
637 2502 767 2562 nonpoteat
775 2498 874 2555 introire
889 2507 919 2560 in

115 2582 209 2633 regnum
223 2569 272 2620 liei.
286 2586 300 2617 a

146 2641 300 2702 (Coacuuauo.
310 2667 340 2679 -
351 2642 407 2693 Cdrn
422 2641 451 2691 ad
463 2640 567 2691 homines
580 2654 626 2692 nou
644 2643 755 2707 pertineat
770 2656 806 2695 ιιι
823 2647 920 2711 quilius

115 2714 283 2765 sanctificentur
296 2727 424 2774 assumere,
438 2716 586 2777 persplcuum
594 2718 629 2766 est
642 2716 667 2765 in
679 2730 744 2770 uouae
760 2717 817 2781 legis
832 2732 921 2777 sacra.

114 2786 209 2848 neum,
220 2786 301 2851 quibua
308 2786 409 2837 homiues
420 2784 597 2850 amctidcautur,
606 2787 674 2841 rebius
682 2788 757 2841 uiuat
765 2790 922 2853 institutione

115 2858 268 2909 determinatis
280 2858 387 2907 utendum
400 2856 477 2920 esse.)

146 2928 279 2992 despondeo
289 2926 416 2988 dicendum,
425 2924 486 2989 qubd
498 2927 524 2978 iu
536 2934 778 2983 manaurameutorum
791 2933 840 2984 duo
852 2946 923 2999 pos.
