1942 3284
103 192 134 239 co
284 201 345 236 enas
359 200 401 248 ιιι,
418 198 512 242 consu.
528 197 594 246 cxiv,
611 197 666 236 aaa.
686 197 721 236 ιι.

102 278 173 328 etiam
184 277 234 341 ipse
242 279 279 326 est
292 289 344 324 reus
357 273 454 337 peccati,
470 272 596 325 secundiaco
606 273 661 323 illud
678 276 759 334 llum,
770 274 910 340 tzuttigni
962 311 963 362 t

102 352 157 398 suut
175 351 261 410 morte,
279 360 324 396 nou
339 344 413 395 solim
432 345 472 409 qui
490 349 580 408 peccata
604 344 704 406 iaciunt,
720 345 761 394 sed
780 345 850 394 eliam
866 346 911 410 qui
962 373 963 400 ι

101 419 250 469 consentiunt
268 416 410 466 facientibus.
426 433 440 463 ιι
452 417 497 467 Sed
511 415 531 466 si
545 416 599 466 mali
610 415 706 466 ministri
716 419 813 479 peccent
825 429 909 467 sacra·
962 401 963 470 ι

101 495 180 539 menta
191 489 352 551 ministrando,
365 488 399 537 illi
413 488 453 551 qui
470 487 547 538 abeis
569 491 710 536 sacramenta
727 485 858 550 recipiunt,
876 488 913 538 eis
962 479 963 530 l

101 560 128 609 iu
150 564 245 622 peccato
266 559 445 609 communicant.
463 559 522 621 Ergo
543 558 611 608 etiam
628 557 673 622 ipsi
691 562 828 622 peccarcut3
844 559 912 623 quod

101 631 192 683 videtur
204 631 374 682 inconveniens.

131 695 158 754 ¹3.
172 707 300 766 Preterca,
314 703 390 752 nullus
402 702 494 752 videtur
507 714 557 752 esse
571 701 705 765 perplexus,
718 701 772 764 quia
786 701 821 750 cic
835 703 911 754 bomo

100 779 218 840 cogeretur
229 777 363 838 desperare,
378 773 443 836 quasi
458 785 506 823 non
520 776 601 836 puteus
611 775 731 835 peccatum
742 772 849 822 evadere.
862 773 912 826 Sed

103 846 125 896 si
144 845 198 895 mali
219 849 340 909 peccarent
366 847 508 894 sacramenta
531 843 655 904 tradendo,
677 845 752 892 esseut
778 843 909 907 perplexi,

102 916 158 982 quia
171 917 241 966 etiam
253 917 389 979 quandoque
403 917 524 978 peccarent
538 912 557 962 si
569 916 710 962 sacramenta
723 926 770 963 nou
780 915 912 977 traderent,

102 987 161 1052 puta
172 986 223 1037 cium
240 988 274 1038 eis
293 1001 322 1037 ex
334 986 409 1036 cilicio
423 985 534 1034 incumbit
547 984 686 1047 necessitas3
706 983 787 1034 dicitur
803 985 870 1034 enim
890 987 916 1036 l.·

106 1061 177 1119 σοι,
193 1060 240 1108 lll:
257 1075 272 1106 (ι
282 1059 322 1108 lla
335 1057 393 1107 mibi
406 1057 426 1107 si
437 1069 483 1106 nou
494 1055 693 1119 evangelizavero,
708 1053 836 1105 necessitas
847 1056 913 1106 euim

104 1130 163 1181 mibi
175 1129 299 1190 incumbit3
311 1146 325 1176 ιι
335 1129 470 1192 quaudoque
480 1127 550 1178 etiarn
561 1130 653 1191 propter
662 1126 803 1190 periculum,
817 1127 881 1178 sicut
892 1127 913 1178 si

103 1215 163 1266 puer
173 1201 198 1250 iu
210 1200 312 1265 periculo
326 1199 404 1250 mortis
419 1199 520 1250 existens
529 1199 634 1249 offeratur
643 1197 710 1248 alicui
724 1198 839 1261 peccatori
849 1199 912 1264 bap-

104 1273 219 1323 tizandus.
232 1273 291 1335 llrgo
304 1272 395 1321 videtur
403 1269 465 1334 qudd
478 1270 532 1320 mali
544 1283 590 1320 non
601 1273 695 1334 peccent
708 1274 852 1320 sacramenta
866 1271 912 1321 mi-

103 1345 229 1396 nistrando.

137 1417 181 1466 Sed
200 1419 278 1466 contra
291 1419 340 1476 est,
352 1415 412 1476 quod
425 1412 547 1477 ltionpsius
562 1413 634 1477 dicit,
646 1415 665 1463 l.
678 1426 729 1476 cap.
745 1413 841 1464 Eccles.
857 1415 913 1464 tie·

105 1489 201 1547 varen,
216 1486 277 1550 qudd
292 1502 306 1532 ι(
316 1484 383 1534 malis
399 1497 445 1534 nun
460 1489 497 1534 est
510 1483 545 1533 las
559 1497 601 1534 uec
617 1488 709 1548 tangere
722 1485 840 1548 symbola,
857 1503 872 1533 ιι
888 1485 914 1536 id

106 1563 142 1610 est
160 1557 333 1608 sacramentalia
347 1556 420 1626 signa.
438 1556 466 1605 Et
485 1555 509 1604 iu
521 1556 608 1619 Epist.
622 1555 659 1604 od
677 1555 858 1618 Demophilum
874 1557 912 1607 di·
962 1585 963 1588 =

105 1631 139 1680 cit
152 1646 158 1680 :
173 1629 256 1679 «Talis
274 1629 381 1694 (scilicet
393 1628 518 1692 peccator)
534 1627 608 1676 audax
618 1626 716 1690 videtur,
732 1627 913 1678 sacerdotalibus
962 1645 963 1668 ι

105 1715 200 1752 manum
214 1713 345 1765 apponens3
357 1703 380 1750 et
397 1712 444 1749 nou
461 1699 527 1749 timet
545 1711 619 1761 neque
632 1699 812 1761 verecundatur,
829 1698 912 1749 divina

106 1778 190 1837 praeter
204 1772 346 1822 divinitatem
362 1784 494 1835 exequens3
517 1775 540 1821 et
561 1772 632 1821 Deum
655 1774 720 1834 putat
737 1771 912 1836 ignoransque

107 1844 159 1908 ipse
170 1843 195 1892 in
206 1844 329 1906 semetipso
337 1843 446 1906 cognovit
454 1859 461 1905 ;
470 1847 494 1892 et
504 1842 608 1905 decipere
620 1842 734 1892 existimat
746 1842 803 1892 lalso
816 1844 913 1894 nomine

106 1915 199 1965 Patrem
212 1914 240 1963 ab
254 1914 305 1977 ipso
319 1912 472 1977 appellatum3
484 1913 585 1962 claudet
597 1911 842 1964 immundasiulamias
855 1919 912 1978 (uon

108 1985 183 2036 dicam
199 1984 313 2036 orationes
324 1984 333 2048 )
345 1997 414 2048 super
428 1983 506 2034 diviua
523 1983 588 2046 signa
606 1983 693 2034 Christi
710 1984 812 2034 formiter
832 1997 911 2037 enun-

107 2057 198 2108 liare.»

141 2129 301 2192 (Concuusvo.
312 2155 344 2164 —
354 2127 411 2177 Cium
426 2126 528 2176 nniuistri
543 2126 638 2176 Domino
649 2127 786 2178 conformari
800 2127 910 2192 debeant,

108 2199 163 2250 mati
171 2200 287 2250 ministros
300 2212 324 2249 se
336 2198 469 2248 exhibentes
480 2197 521 2248 liei
531 2201 554 2248 et
565 2198 672 2248 Ecclesia
680 2199 704 2248 in
714 2202 910 2250 sacramentorum

107 2271 287 2336 dispensatione,
300 2273 409 2336 peccaut3
424 2282 520 2333 quorum
533 2274 660 2333 peccaturo,
672 2270 724 2320 cium
733 2271 762 2320 ad
774 2271 815 2321 ltei
825 2271 912 2324 irreve-

107 2343 202 2394 rentiam
212 2346 318 2407 spectet,
330 2355 358 2392 ex
373 2355 414 2391 suo
431 2352 514 2404 genere
533 2344 627 2393 mortale
637 2343 703 2405 est.)
806 2339 810 2346 ’

138 2414 275 2478 Respondeo
289 2413 417 2472 dicendum,
428 2411 489 2475 qubd
500 2413 580 2476 aliquis
593 2413 618 2463 iu
632 2415 719 2478 agendo
729 2418 810 2478 peccat
823 2429 854 2465 ex
866 2417 912 2467 hoc
962 2417 963 2478 ι

108 2485 168 2550 quod
182 2490 287 2549 operatur
298 2499 345 2535 non
356 2483 481 2536 secuudbm
495 2485 555 2548 qubd
564 2490 669 2550 oportet,
684 2491 710 2536 ut
722 2489 786 2550 patet
799 2500 840 2550 per
854 2487 912 2538 Pbi-
962 2485 963 2530 l

107 2557 229 2620 losopbum
244 2556 268 2605 iu
278 2557 318 2607 tib.
326 2557 355 2606 ll.
365 2556 448 2607 liidie.
462 2556 525 2621 (cap.
537 2559 571 2623 3).
583 2559 670 2609 Dictum
679 2563 715 2610 est
724 2562 800 2609 ιιιιιι
812 2561 874 2625 (ιιι.
885 2565 910 2624 5,
962 2571 963 2578 “

108 2628 136 2679 ad
151 2628 190 2692 3),
205 2629 342 2679 conveniens
351 2643 403 2680 esse
419 2634 445 2679 ut
457 2634 651 2682 sacramentorum
664 2629 765 2680 ministri
779 2629 825 2680 siut
838 2631 907 2695 justi,
962 2665 963 2674 ,

108 2698 163 2763 quia
186 2699 285 2750 ministri
307 2701 391 2752 debent
414 2701 509 2753 llonriuo
533 2703 684 2765 conformari,
706 2699 831 2752 secundina
852 2703 911 2754 illud
962 2679 963 2734 ³

109 2771 201 2827 decit„
215 2773 265 2823 lllll
279 2789 285 2822 :
302 2791 316 2821 u
325 2773 401 2824 Sancti
410 2773 483 2837 eritis,
494 2774 603 2838 quoniam
616 2787 658 2836 ugo
670 2775 764 2824 sanctus
779 2787 845 2837 sum;
855 2791 870 2822 ιι
885 2778 910 2825 ιι

108 2841 198 2901 Ειιιί.,
209 2845 245 2895 ll:
258 2861 271 2892 u
280 2845 408 2896 Soeuudbuu
417 2844 519 2908 judicem
531 2845 619 2910 populi,
631 2845 665 2894 sic
677 2849 701 2895 et
714 2844 812 2895 ministri
823 2846 883 2908 ejus,
894 2863 909 2894 ιι

109 2913 139 2964 Et
146 2915 198 2968 ideo
208 2930 253 2968 non
262 2921 297 2968 est
306 2919 398 2970 dubium
409 2918 465 2982 quin
479 2918 534 2968 mali
550 2917 685 2968 exhibentes
700 2930 726 2967 se
737 2917 855 2968 ministros
867 2918 912 2969 bei
