1942 3284
68 219 137 259 nt
168 219 302 258 nono
331 217 431 265 ouo
461 215 696 259 cetratus
725 217 809 258 m
841 218 891 258 n«
924 218 1023 259 noc
1054 217 1262 260 samu.
1378 208 1469 259 sis

0 297 251 361 Praeterea,
281 296 553 361 ubicumque
579 300 651 347 est
677 309 843 361 corpus
868 297 1039 348 Christi
1057 336 1070 359 ,
1098 298 1174 349 vel
1205 300 1276 349 est
1301 297 1367 349 ibi
1387 299 1469 349 suh

0 381 13 418 ³
37 369 227 432 propria
245 406 259 431 ,
289 369 364 419 vel
392 368 475 418 sub
518 367 669 432 specie
703 369 992 419 sacramenti.
1022 370 1111 420 Sed
1143 370 1328 433 quando
1356 368 1473 420 tales

0 439 176 490 itiones
201 440 351 504 fiunt,
378 440 670 490 manifestum
697 444 770 490 est
798 440 918 503 quod
945 452 1042 492 non
1067 446 1139 491 est
1170 440 1235 491 ibi
1259 440 1473 491 Christus

0 511 125 575 pecie
148 512 348 577 propria,
368 511 475 575 quia
491 511 540 561 in
562 513 650 563 hoc
672 515 955 562 sacramento
980 516 1106 563 totus
1127 512 1340 563 Christus
1361 526 1469 563 con-

0 597 42 645 r,
64 583 151 646 qui
170 587 405 646 permanet
429 582 607 648 integer
629 582 842 634 informa
862 596 953 646 qua
980 584 1188 634 ascendit
1211 585 1259 633 in
1282 584 1464 649 coelum3

0 661 153 707 tamen
189 656 238 706 id
264 657 384 719 quod
416 654 685 707 miraculose
721 658 910 720 apparet
937 656 987 705 in
1027 658 1116 707 hoc
1154 660 1436 707 sacramento
1455 695 1469 720 ,

0 732 133 791 loque
160 728 373 778 videatur
400 731 453 777 ut
478 728 681 791 quaedam
705 740 847 792 parva
868 740 975 779 caro
988 765 1007 792 ,
1028 732 1297 793 quandoque
1321 733 1469 780 autem

0 812 112 849 rvus
142 813 277 864 puer.
306 799 595 850 Manifestum
632 803 703 850 est
737 800 875 850 etiam
917 800 1038 864 quod
1071 813 1165 850 non
1195 804 1265 851 est
1292 802 1359 850 ibi
1386 801 1469 851 suh

0 885 10 920 ε
46 871 327 922 sacramenti
342 890 365 934 ,>
393 884 494 935 quae
516 875 585 922 est
618 872 796 936 species
831 871 963 936 panis
991 871 1068 923 vel
1106 870 1218 921 vini.
1256 872 1376 937 Ergo
1403 873 1469 923 vi-

2 944 135 1005 quod
154 956 318 1007 corpus
340 942 512 993 Christi
537 943 665 995 nullo
687 944 819 995 modo
848 944 909 993 sit
932 942 1015 993 ihi.

0 1014 229 1065 Pru-,terea
243 1051 260 1076 ,
284 1027 451 1079 corpus
471 1013 645 1064 Christi
677 1013 840 1078 incipit
868 1027 970 1065 esse
997 1014 1047 1063 in
1073 1015 1161 1065 hoc
1189 1020 1469 1066 sacramento

0 1086 381 1137 :onsecrationem
418 1089 466 1136 et
504 1086 853 1138 conversionem
874 1124 888 1149 ,
929 1091 982 1135 ut
1013 1085 1150 1151 supra
1185 1086 1356 1137 dictum
1400 1090 1469 1138 est

9 1163 102 1220 75,
128 1160 218 1207 art.
250 1157 329 1222 2).
360 1158 452 1209 Sed
480 1170 584 1208 caro
619 1161 666 1208 et
708 1157 890 1221 sanguis
920 1157 1191 1209 miraculose
1216 1171 1464 1223 appar-ena,

0 1232 92 1279 unt
118 1232 391 1279 consecrata
425 1240 512 1279 nec
545 1241 764 1280 conversa
803 1227 853 1278 in
888 1241 1048 1280 verum
1081 1243 1247 1294 corpus
1282 1233 1330 1281 et
1367 1242 1469 1280 san-

0 1314 43 1350 m
72 1300 271 1351 Christi.
313 1301 420 1351 Non
444 1313 555 1365 ergo
594 1301 677 1351 suh
714 1299 790 1352 his
822 1298 1060 1365 speciebus
1100 1305 1172 1352 est
1207 1314 1370 1366 corpus
1395 1303 1469 1353 vel

0 1374 48 1423 is
68 1372 263 1423 Christi.

0 1446 14 1495 Ι
51 1449 217 1496 contra
253 1448 326 1497 est
338 1483 357 1510 ‚
384 1444 509 1509 quod
540 1445 620 1496 tali
648 1448 933 1511 apparitione
977 1448 1126 1508 iacta,
1154 1447 1314 1497 eadem
1347 1458 1469 1496 reve-

0 1533 11 1568 ι
42 1518 289 1569 exhibetur
329 1518 373 1569 ei
402 1518 522 1581 quod
555 1523 773 1583 apparet,
806 1534 907 1583 quae
938 1520 1079 1570 etiam
1105 1516 1253 1583 primo
1287 1518 1473 1568 exhihe-

1 1626 13 1638 .
35 1589 172 1649 Quod
198 1588 383 1653 quidem
400 1601 491 1639 non
518 1589 663 1653 fieret,
693 1591 733 1640 si
758 1589 869 1640 vere
896 1604 988 1641 non
1015 1593 1140 1641 esset
1159 1589 1224 1640 ibi
1247 1588 1469 1651 ChristuS,

0 1660 283 1711 everentiam
310 1660 454 1712 latriae
480 1661 763 1713 exhibemus.
780 1662 899 1725 Ergo
922 1662 1062 1712 etiam
1089 1660 1170 1711 tali
1191 1660 1473 1725 apparitione

0 1768 15 1794 ‚
40 1731 257 1783 Christus
289 1736 362 1783 est
392 1733 480 1783 sub
506 1734 596 1783 hoc
622 1736 921 1783 sacramento.

0 1817 341 1855 oucLus10.—
355 1804 713 1855 Remanentibus
726 1804 776 1854 in
793 1806 1076 1856 sacramento
1093 1803 1469 1866 dimensionibuS,

6 1876 140 1942 prius
177 1876 383 1939 fuerant,
413 1890 670 1942 quanquam
714 1876 984 1929 miraculose
1013 1880 1230 1943 appareat
1255 1876 1318 1927 ibi
1341 1890 1469 1942 puer,

0 1962 108 2013 aro,
138 1950 196 1999 ad
225 1948 551 2000 ostendendam
578 1948 779 2013 corporis
806 1948 978 2001 Christi
1009 1949 1247 2001 veritatem
1264 1988 1278 2012 ,
1313 1962 1469 2000 verum

0 2020 173 2071 >minus
198 2019 369 2071 Christi
396 2034 559 2085 corpus
602 2022 654 2071 in
680 2034 734 2071 eo
761 2021 1070 2085 continetur.)

0 2094 210 2158 spondeo
236 2094 478 2143 dicendum
498 2132 512 2156 ,
542 2092 664 2157 quod
692 2093 935 2157 dupliciter
957 2093 1181 2158 contingit
1205 2093 1310 2145 talis
1332 2107 1469 2159 appa-

0 2202 9 2228 ,
40 2177 132 2229 qua
160 2164 431 2229 quandoque
470 2162 521 2212 in
554 2164 642 2214 hoc
677 2168 961 2214 sacramento
1004 2165 1271 2216 miraculose
1299 2165 1473 2217 videtur

0 2273 5 2296 ,
36 2240 116 2287 aut
152 2236 366 2301 sanguiS,
394 2238 473 2286 aut
506 2236 646 2286 etiam
682 2236 847 2300 aliquis
883 2250 1014 2300 puer.
1043 2238 1319 2301 Quandoque
1352 2236 1473 2288 enim

0 2309 217 2373 contingit
243 2323 302 2360 ex
335 2311 464 2373 parte
496 2308 750 2359 videntium
771 2345 788 2371 ‚
822 2322 1014 2373 quorum
1035 2308 1154 2359 oculi
1180 2309 1477 2359 immutantur

0 2380 339 2444 immutatione,
370 2393 426 2430 ac
458 2380 499 2429 si
536 2379 746 2445 expresse
784 2380 995 2431 viderent
1029 2379 1229 2431 exterius
1265 2394 1445 2431 carnem
1464 2421 1477 2441 ,

0 2452 269 2516 sanguinem
287 2490 304 2516 ‚
332 2452 406 2503 vel
439 2465 629 2517 puerum
647 2491 660 2515 ,
688 2452 811 2503 nulla
840 2457 994 2503 tamen
1020 2453 1333 2504 immutatione
1361 2455 1481 2503 facta

0 2529 84 2575 {rte
104 2524 396 2575 sacramenti.
416 2525 474 2574 Et
493 2525 581 2575 hoc
604 2525 787 2588 quidem
803 2524 988 2575 videtur
1005 2524 1286 2589 contingere,
1304 2526 1485 2589 quando

0 2596 179 2646 videtur
206 2596 289 2646 sub
318 2596 471 2659 specie
500 2596 651 2646 carnis
685 2597 760 2646 vel
787 2597 917 2660 pueri
935 2636 947 2657 ‚
972 2598 1075 2648 aliis
1111 2602 1266 2647 tamen
1291 2598 1485 2657 videtur,

0 2701 2 2711 >
30 2671 79 2718 et
106 2667 235 2732 prius
250 2705 269 2731 ,
302 2669 385 2718 sub
414 2668 566 2732 specie
585 2668 744 2733 panis3
766 2670 840 2719 vel
868 2670 1049 2733 quando
1075 2668 1221 2719 eidem
1249 2669 1305 2719 ad
1331 2669 1489 2718 horam

0 2745 61 2791 tur
86 2742 173 2791 sub
200 2741 354 2805 specie
384 2742 535 2791 carnis
560 2742 637 2792 vel
659 2741 815 2805 pueri,
841 2746 887 2792 et
910 2741 1199 2806 postmodum
1233 2741 1317 2791 sub
1343 2739 1493 2804 specie

0 2826 37 2863 ε.
57 2814 153 2863 Νεε
182 2814 271 2864 hoc
294 2817 444 2863 tamen
470 2813 672 2879 pertinet
700 2814 757 2864 ad
778 2814 979 2877 aliquam
1001 2811 1313 2877 deceptionem
1329 2850 1342 2873 ,
1374 2811 1493 2861 sicut

0 2884 54 2934 iit
72 2884 125 2934 in
145 2897 382 2947 magorum
402 2884 664 2949 praestigiis3
689 2885 799 2949 quia
831 2885 935 2935 talis
960 2884 1136 2949 species
1157 2881 1376 2933 divinitus
1398 2882 1489 2932 for-

0 2955 108 3006 irin
134 2955 268 3007 oculo
286 2994 301 3020 ‚
320 2956 378 3007 ad
402 2955 596 3021 aliquam
625 2956 867 3008 veritatem
894 2954 1194 3033 figurandam,
1224 2954 1282 3003 ad
1302 2955 1390 3004 hoc
1410 2953 1493 3004 sci-

1289 3052 1344 3099 9..
