1942 3284
279 209 309 246 os
324 207 381 246 arro
396 207 471 247 ausus
489 206 649 247 sacrantur.
819 197 864 245 tta

56 279 120 332 mini
135 278 183 345 (t),
196 291 247 330 cum
262 284 354 344 patena,
372 281 420 332 sive
434 295 462 332 ex
477 294 532 330 auro
547 280 649 342 omniuo,
664 280 715 331 sire
729 293 757 330 er
771 284 864 345 argento

55 356 109 416 liat,
121 352 160 402 vel
172 352 251 402 saltem
265 355 373 404 stanneus
388 352 448 404 calix
459 352 576 403 habeatur.
589 353 620 404 lte
630 366 674 402 aere
689 356 774 415 antem,
784 357 822 402 aut
836 367 865 404 ex

55 425 193 476 aurichalco
209 437 255 475 uou
267 424 321 488 liat,
336 425 389 490 quia
410 425 438 476 ob
452 424 502 474 vini
515 425 638 488 uirtutem,
652 426 775 486 eruginem
794 425 864 490 perit,

54 511 113 561 quae
127 496 241 546 uomitum
256 500 372 559 provocat.
384 497 465 547 Nullus
477 500 553 547 aumm
566 497 591 546 in
604 497 680 561 ligneo
690 510 730 547 seu
744 496 817 549 uitreo
827 511 865 549 ca-

54 570 106 620 lice
121 571 246 632 praesumat
257 568 347 618 Missam
357 572 456 619 cantare.
466 585 480 616 >r
492 569 550 628 Quia
561 569 647 620 scilicet
656 569 743 631 lignum
756 583 865 633 porosum

55 646 110 702 est,
128 642 153 689 et
169 640 260 702 sangnis
278 643 422 690 consecratus
439 641 463 689 ln
477 653 506 690 co
523 644 666 703 remaneret;
687 639 771 690 vitrum
789 645 864 690 aulem

56 711 144 776 fragile
158 715 194 761 est
204 750 209 772 ,
219 714 242 761 et
256 715 335 775 posset
348 712 599 776 fractionispcricnlum
610 711 742 773 imminere3
751 717 775 762 et
784 712 864 762 eadem

55 785 120 835 ratio
135 785 173 835 cst
184 784 212 833 dc
224 783 307 847 lapide.
316 783 351 832 Et
363 783 428 844 ideo,
440 788 533 846 propter
546 782 696 833 reuerentiam
713 785 862 846 sacramenti,

55 859 174 907 statutum
189 858 232 914 est,
247 858 272 904 ut
284 869 312 908 ex
324 855 439 918 praedietis
453 853 554 904 materiis
568 854 629 904 calix
643 854 690 903 fiat.

89 929 127 978 nd
137 927 260 991 septimum
274 927 410 986 dicendum,
421 926 482 990 qndd
494 926 533 976 ubi
547 926 622 990 potuit
636 925 685 976 siue
699 923 799 989 periculo
814 925 864 976 fieri

53 999 168 1052 Ecclesia
182 998 260 1049 statuit
274 999 331 1048 circa
342 1000 386 1049 hoo
397 1002 561 1048 sacramentnm
575 996 598 1047 id
615 997 674 1060 quod
689 996 818 1059 expressids
829 1009 866 1046 re·

53 1074 192 1138 praesentat
208 1069 338 1134 passionem
350 1070 445 1120 Christi.
456 1070 507 1120 Non
520 1072 569 1119 crat
582 1072 658 1118 antem
671 1071 759 1117 tantum
772 1068 865 1130 pericu-

54 1147 107 1196 lum
123 1143 187 1192 circa
204 1155 300 1206 corpus,
315 1143 375 1205 quod
389 1141 482 1206 ponitur
494 1141 519 1190 in
533 1139 657 1204 corporali,
672 1139 732 1189 sicut
745 1138 865 1189 circasan-

54 1216 167 1282 guinem,
180 1213 220 1278 qui
234 1213 363 1264 continetur
376 1213 401 1264 in
416 1213 494 1264 calice.
507 1213 537 1262 Et
550 1213 616 1275 ideo,
632 1211 686 1262 licet
698 1211 758 1261 calix
769 1224 815 1261 uon
826 1211 865 1262 liat

54 1290 84 1340 de
103 1289 190 1352 petra,
206 1286 322 1349 corporale
343 1289 419 1336 tamen
441 1285 466 1334 iit
488 1285 516 1334 de
534 1297 610 1348 pauno
628 1283 707 1343 lineo,
724 1296 769 1346 quo
784 1295 867 1346 corpus

54 1358 150 1412 Christi
164 1355 209 1406 fuit
226 1356 360 1407 inuolutum.
381 1356 444 1406 Unde
459 1356 483 1404 in
497 1356 599 1419 Epistola
612 1354 722 1420 sylvestri
739 1355 830 1418 Papae(
847 1357 865 1415 l,

55 1433 80 1482 in
101 1430 187 1482 eadem
202 1427 346 1479 distinctione
359 1467 365 1490 ,
379 1428 462 1491 legitur
477 1443 483 1476 :
503 1427 639 1478 «Consulto
661 1420 761 1477 omnium
781 1426 868 1476 statui-

55 1518 126 1566 mus,
144 1505 171 1551 ut
188 1500 322 1550 sacrificinm
336 1500 412 1550 altaris
427 1513 473 1550 uon
484 1500 509 1548 in
525 1499 748 1562 sericopanno‚aut
758 1497 863 1561 intincto,

56 1576 185 1640 qnisquam
197 1573 309 1622 celebrare
319 1575 454 1636 praesumat3
471 1570 546 1621 sedin
561 1583 635 1634 panno
649 1569 710 1621 lineo
719 1570 748 1618 ab
758 1570 866 1633 episcopo

56 1648 208 1708 consecrato,
218 1643 278 1694 sicut
291 1659 371 1709 corpus
381 1643 465 1694 Christi
479 1643 503 1692 in
517 1642 613 1693 sindone
625 1641 687 1692 linea
697 1645 720 1691 et
734 1641 819 1689 munda
830 1654 867 1690 se-

56 1721 151 1784 pultum
170 1717 223 1767 furit.
238 1735 251 1764 s
268 1717 384 1780 Competit
408 1715 476 1766 etiam
496 1727 586 1779 paruus
607 1713 695 1774 lineus,
718 1717 811 1777 propter
831 1711 867 1762 sui

58 1789 214 1852 munditiam,
225 1789 253 1838 ad
262 1787 432 1852 significandam
447 1786 593 1837 conscientiae
606 1785 735 1850 puritatem,
743 1787 868 1847 etproptcr

58 1860 217 1926 multiplicem
230 1860 328 1911 laborem
343 1873 387 1922 quo
403 1859 454 1909 talis
468 1872 560 1924 pannus
572 1861 724 1922 praeparatur,
740 1856 767 1904 ad
781 1854 867 1917 signiti-

56 1937 159 1987 candam
174 1931 260 1982 curisti
273 1932 411 1996 passionem.

91 2007 127 2056 nd
153 2008 262 2055 octavum
284 2003 417 2065 dicendum,
432 2001 493 2066 quod
516 2000 654 2066 dispensatio
675 2002 866 2050 sacramentorum

57 2077 164 2142 pertinet
180 2076 209 2125 ad
228 2073 343 2124 ministros
358 2074 480 2135 Ecclesiae;
496 2074 538 2125 sed
547 2073 687 2123 consecratio
701 2085 777 2122 eorum
788 2074 824 2122 est
838 2071 866 2120 ab

58 2150 179 2215 ipsolleo.
195 2147 223 2196 Et
232 2147 282 2196 ideo
292 2146 388 2196 ministri
400 2145 508 2196 Ecclesia
516 2159 562 2195 uon
572 2145 657 2194 habent
666 2143 750 2206 aliquid
767 2146 866 2193 statuere

59 2223 122 2272 circa
143 2220 241 2270 lormam
260 2218 450 2279 consecrationis,
468 2219 508 2267 sed
526 2217 586 2266 circa
605 2230 673 2266 usum
692 2215 827 2265 sacramenti
842 2217 867 2265 et

59 2295 156 2345 modum
172 2290 313 2341 celebrandi.
329 2291 357 2340 Et
371 2291 435 2352 ideo,
447 2289 466 2340 si
480 2291 586 2340 sacerdos
605 2287 676 2338 uerba
688 2286 867 2338 consecrationis

59 2363 167 2428 proterat
188 2373 257 2426 super
270 2360 366 2411 materia
386 2360 460 2410 dehita
483 2374 535 2410 cum
553 2359 680 2409 intentione
702 2357 866 2420 consecrandi,

60 2437 152 2498 absque
167 2433 271 2484 omnibus
288 2431 419 2495 predictis,
435 2431 520 2482 scilicet
532 2431 615 2491 domo,
627 2429 736 2490 mairani,
748 2433 772 2480 et
784 2430 866 2491 calice,

61 2512 85 2557 et
102 2504 217 2568 corporali
236 2503 386 2561 consecratis,
401 2506 424 2552 et
441 2503 530 2553 caeteris
544 2501 674 2564 hujusmodi
689 2514 732 2564 per
742 2501 866 2550 Ecclesiam

61 2577 199 2638 institutis,
216 2579 331 2626 consecrat
351 2573 442 2638 quidem
459 2573 483 2623 iu
501 2575 535 2624 rei
551 2574 647 2623 uoritme
664 2586 746 2636 corpus
764 2571 866 2636 Christi3

61 2652 144 2713 peccat
158 2651 237 2697 tamen
251 2645 363 2709 grauiter,
379 2647 448 2695 ritum
468 2645 574 2697 Ecclesia
591 2657 637 2696 non
651 2657 757 2694 servans.

98 2809 131 2872 (ll
146 2814 182 2857 Ex
196 2808 301 2856 concino,
314 2810 453 2869 Rhemensi,
470 2788 522 2868 cap.
538 2809 562 2853 6.
616 2839 619 2845 .
682 2798 704 2852 .“

98 2880 132 2944 (ἢ)
148 2885 199 2928 Nee
211 2893 241 2926 ex
259 2880 367 2927 silvestro
383 2882 484 2934 tentiam,
497 2881 538 2927 sed
559 2880 630 2927 etiam
644 2893 674 2926 ex
688 2879 790 2927 Eusebio
804 2891 865 2936 praa·

62 2952 168 2992 notatur.
184 2944 236 2992 Imd
250 2955 278 2989 ex
290 2944 392 2990 Eusebio
406 2945 456 2990 solo
470 2946 527 2991 oltat
548 2945 599 3006 luo,
612 2949 673 3002 part.
688 2945 726 3002 ll,
742 2955 796 3000 cop.
809 2940 866 2986 134.
