1942 3284
122 160 166 208 788
260 170 458 220 scrrnnusnron,
475 169 568 214 onmsr.
584 171 656 217 xxix,
675 168 732 204 aur.
750 169 782 204 ιν.

120 253 169 298 tum
190 245 320 297 immediate
341 247 370 297 ad
385 243 579 308 incorruptionem
600 244 699 294 ordinat.
714 245 762 295 Sed
782 245 924 308 incorruptae

120 319 259 382 significatur
277 332 319 382 per
331 317 456 368 balsamum
477 318 538 380 qnod
557 317 583 366 in
602 317 725 368 chrismate
738 317 847 380 ponitur.
867 318 925 379 Ergo

119 391 218 442 chrisma
236 395 296 441 essct
312 389 482 441 convenientior
500 389 596 438 materia
609 388 680 450 liujus
692 388 849 438 sacramenti.

152 467 176 512 2.
185 463 305 524 Preterea,
315 462 359 512 hoc
369 463 535 511 sacramentum
546 464 582 510 cst
595 458 723 523 spiritualis
736 459 876 510 medicatio.
885 460 926 510 Sed

120 534 246 598 spiritualis
262 533 381 584 medicatio
399 546 440 596 per
457 531 508 582 uini
520 533 688 596 appositionem
700 531 859 594 significatur,
872 532 927 582 sicut
963 579 965 591 ,

121 609 194 670 petet,
209 607 273 664 Luc,
286 605 322 666 X,
335 604 360 653 in
381 605 489 668 parabola
510 605 538 656 de
556 603 667 654 sauciato.
681 604 742 666 Ergo
758 601 846 652 riuum
860 604 928 653 etiam

121 682 183 728 esset
195 675 368 728 convenientior
382 675 476 726 materia
489 675 560 739 hujus
575 675 720 724 sacrementi.

154 753 177 798 3.
189 749 317 811 Preterea,
332 747 373 798 ubi
389 751 426 798 est
446 747 521 810 majus
539 746 678 810 pericolum,
692 746 726 796 ibi
741 746 815 796 debet
828 745 930 796 adhiberi
963 744 965 765 ²

121 832 240 871 commune
254 819 389 869 remedium.
400 819 445 869 Sed
457 820 532 868 oleum
546 817 614 868 olive
633 829 678 867 non
696 820 732 867 ost
749 830 877 867 commune
893 831 929 866 rn-

122 889 229 951 modium,
239 891 294 954 quia
307 904 354 940 non
367 889 484 940 inuenitur
496 889 521 938 in
533 889 635 952 qualibet
648 893 717 939 terra.
727 889 805 951 Ergo,
822 889 877 938 olim
889 889 928 937 lroc

120 965 286 1012 sacramentum
299 962 363 1012 detur
377 960 524 1022 exeuntibus,
533 959 575 1022 qni
587 962 641 1010 sunt
655 960 680 1008 in
698 959 803 1010 maximo
819 960 928 1023 periculo.
963 1022 964 1027 Ἰ

121 1031 210 1083 videtur
223 1031 283 1096 qnod
297 1033 371 1082 oleum
385 1031 452 1082 olive
466 1031 554 1082 nonsit
572 1031 667 1080 materia
678 1032 837 1081 conveniens.

153 1105 199 1154 sed
210 1107 289 1155 contra
302 1107 346 1166 est,
360 1102 421 1166 qndd
429 1102 526 1162 Jacob,
535 1103 564 1164 V,
573 1102 649 1152 oleum
661 1101 759 1151 materia
770 1101 848 1165 hujus
858 1115 928 1152 mora-

121 1174 193 1226 menti
208 1174 379 1226 determinatur.
389 1174 434 1224 Sed
444 1173 519 1224 oleum
534 1171 625 1236 proprie
633 1184 681 1222 non
694 1171 780 1222 dicitm
793 1173 845 1224 nisi
857 1174 927 1224 oleum

122 1245 198 1297 olive.
209 1246 268 1309 Ergo
279 1247 323 1295 hoc
335 1249 371 1296 est
387 1245 482 1296 materia
495 1245 566 1308 hujus
579 1243 722 1294 sacramenti.

153 1317 281 1376 Praeterea,
296 1314 421 1378 spiritualis
440 1314 529 1365 canedo
541 1327 583 1378 per
595 1314 640 1364 olel
659 1313 828 1364 inunctionem
841 1313 926 1379 signill-

120 1392 193 1449 ratur,
211 1393 237 1438 ut
249 1391 326 1452 patet,
343 1389 417 1448 Ioni„
428 1389 453 1448 l,
467 1389 507 1438 ubi
523 1388 606 1438 dicitnr
621 1403 627 1436 ε
641 1403 656 1434 u
673 1387 743 1448 Plaga
765 1392 868 1438 tumens
883 1401 925 1437 noc

120 1463 157 1510 est
173 1464 251 1510 curata
268 1459 430 1520 medicamine,
444 1473 518 1523 neque
533 1461 581 1510 lota
595 1460 654 1510 olen.
674 1476 688 1506 n
705 1459 767 1522 lirpo
786 1459 928 1510 conveniens

121 1530 214 1582 materia
228 1532 297 1597 hujus
315 1533 451 1582 sacramenti
466 1536 502 1583 est
519 1533 603 1582 oleum.

154 1603 315 1663 (Couccnsro.
324 1629 356 1640 -
371 1603 452 1654 Oleum
464 1603 548 1662 olivae,
562 1601 615 1652 cirrn
630 1601 660 1652 sit
674 1601 801 1652 lenitivum
818 1615 850 1652 ac
862 1615 926 1666 pene·

119 1673 227 1724 trativnrn
244 1688 316 1738 nsque
328 1675 356 1724 nd
367 1674 462 1735 intima,
478 1687 505 1724 ac
519 1673 660 1733 dilinsirum,
675 1674 826 1724 conueniens
841 1673 926 1724 materia

122 1751 159 1796 est
176 1745 312 1796 sacrementi
326 1749 434 1796 extreme
450 1743 579 1802 unctionis,
592 1744 653 1807 quod
665 1743 814 1808 spiritualem
833 1748 927 1797 sanatio

103 1823 104 1826 ’
123 1829 175 1867 nem
186 1817 309 1880 perfectam
323 1830 349 1866 ar
363 1815 439 1867 lenem
452 1815 528 1865 facere
539 1814 615 1866 debet.

154 1888 290 1952 Respondeo
308 1887 443 1950 dicendum,
458 1886 519 1948 quod
533 1885 658 1950 spiritualis
673 1885 766 1936 sanatio
780 1901 836 1951 qun
848 1887 876 1938 in
892 1889 928 1936 lino

123 1959 249 2018 adhibetur,
265 1958 331 2008 debet
344 1971 396 2008 esse
411 1956 530 2020 perfecie,
542 1957 597 2019 quia
608 1961 660 2020 post
672 1969 726 2006 eam
738 1957 788 2007 alia
798 1972 851 2009 non
863 1960 930 2009 relio-

123 2030 208 2093 quitnr;
223 2035 247 2081 et
259 2028 331 2090 lenm,
346 2031 372 2077 ut
388 2041 504 2092 spesque
523 2029 659 2079 exeuntibus
678 2033 715 2078 est
730 2029 837 2082 maxime
852 2044 918 2081 neon

124 2101 200 2162 sarie,
215 2113 261 2150 uon
270 2099 394 2162 frangatur,
405 2100 445 2150 sed
454 2099 569 2151 loreatnr.
580 2100 660 2149 Oleum
671 2104 750 2150 autem
760 2099 891 2150 lenitirum
900 2105 930 2150 es

121 2175 145 2222 ot
154 2171 321 2234 penetrativum
333 2183 404 2234 usqne
418 2171 447 2220 ad
460 2170 550 2231 intima,
563 2175 586 2221 et
595 2170 664 2220 etiarn
678 2170 830 2221 didusirum.
842 2174 875 2222 Et
885 2173 930 2222 idel

7 2211 24 2276 Χ·
122 2240 232 2306 quantiam
253 2242 281 2291 ad
299 2246 420 2305 utrumqne
438 2240 597 2305 predictorum
616 2244 651 2291 est
669 2242 818 2292 conveniens
839 2243 930 2293 materia

122 2315 191 2379 hujus
199 2313 343 2364 sacramenti.
353 2313 382 2362 Et
391 2313 445 2377 quia
456 2313 540 2364 oleum
548 2311 706 2376 principaliter
715 2313 857 2364 nominetur
866 2315 930 2366 elisa

121 2386 204 2450 liquor,
217 2384 270 2434 edm
281 2383 321 2433 elii
333 2384 432 2447 liquores
443 2383 518 2434 soldm
529 2397 559 2434 ex
570 2383 720 2435 similitudine
731 2384 761 2434 ad
775 2384 861 2449 ipsum
870 2423 879 2448 ,
887 2386 929 2436 olea

120 2470 204 2508 nomen
218 2455 332 2518 accipiant
340 2492 348 2518 ,
363 2455 414 2506 idco
430 2455 515 2505 oleum
530 2455 604 2505 olinae
617 2456 687 2506 etiam
705 2456 776 2506 debet
790 2470 858 2518 esse,
876 2459 932 2520 qnol

121 2527 244 2578 assumitur
253 2527 277 2576 in
287 2526 404 2576 materiam
411 2521 484 2590 liujus
496 2527 640 2577 sacrementi.
651 2526 717 2576 Unde
726 2527 818 2577 oleum
826 2530 858 2579 ab
866 2529 930 2579 olim

120 2600 158 2648 vel
167 2601 195 2650 ab
203 2599 266 2652 olen,
279 2597 338 2647 sicut
347 2599 421 2650 ἔλαιον
435 2597 509 2661 grece
519 2598 547 2648 ab
560 2599 630 2650 ἐλαία
643 2597 822 2649 denominetur.

152 2670 186 2718 ild
199 2668 298 2731 primum
311 2679 366 2730 orgo
379 2666 512 2727 dicendum,
527 2667 587 2732 qnod
600 2668 743 2732 incorruptio
754 2671 838 2734 gloriae
853 2676 890 2722 est
898 2685 930 2720 raa

122 2750 168 2786 non
187 2741 294 2788 commta
313 2737 337 2786 in
354 2739 398 2788 hoc
414 2744 573 2800 sumomonte,
587 2752 631 2789 nec
646 2744 739 2802 oportet
759 2742 825 2804 quod
840 2744 883 2793 tali
901 2743 930 2792 rei
963 2772 965 2781 ι

121 2805 256 2868 significatio
270 2807 372 2858 materie
390 2809 538 2872 respondeat.
553 2809 616 2859 Unde
636 2823 684 2859 non
698 2816 793 2874 oportet
807 2813 872 2876 qudd
886 2815 931 2863 oal-

121 2887 208 2924 samnm
225 2881 320 2938 pcnmm
339 2878 362 2928 in
376 2879 469 2930 materia
483 2880 551 2943 hujus
570 2879 720 2942 sacrementi,
736 2881 793 2944 quia
804 2885 928 2935 balsamum
