1942 3284
350 81 442 121 auu
689 85 806 123 rans
837 55 921 137 nr,
953 85 1145 132 Quzsr.
1175 84 1348 135 cxxvi,
1385 84 1497 123 nr.
1529 80 1600 123 m.

350 165 470 225 gaiis
500 161 784 227 portionibus
811 164 935 212 totus
962 165 1067 225 est;
1100 175 1187 213 nec
1214 175 1297 225 per
1334 162 1538 226 singulas
1572 160 1827 212 minuitur
1849 198 1864 225 ,
1901 174 1942 212 sc

354 237 572 297 integrum
597 247 647 284 se
670 234 841 299 praebet
866 233 913 282 in
948 233 1158 297 singulis.
1183 248 1211 280 1>

414 305 735 373 [Concnusro.
760 333 823 345 -
841 304 952 357 Ciun
991 319 1153 370 corpus
1180 305 1351 357 Christi
1377 306 1439 356 sit
1464 306 1514 355 in
1541 307 1629 356 hoc
1655 311 1942 356 sacrament

354 393 406 429 ru
450 379 579 429 modo
615 392 705 442 quo
738 377 992 428 substantia
1019 381 1090 428 est
1117 378 1203 427 sub
1229 376 1614 441 dimensionibus,
1655 378 1942 427 manifestm

350 457 418 497 rasi
454 452 594 500 totum
633 448 862 500 Christum
895 450 980 500 sub
1013 449 1214 513 qualibet
1254 452 1383 514 parte
1411 449 1668 514 specierum
1707 449 1865 514 panis
1906 462 1942 498 ar

354 521 446 569 riui
470 520 706 583 contineri,
741 521 841 573 sive
868 521 1116 586 frangatur,
1146 522 1299 572 hostia
1333 521 1431 571 sive
1452 520 1631 584 integra
1656 525 1942 571 remaneat.

418 593 681 656 Respondeo
719 593 959 644 dicendum
981 632 995 657 ,
1025 592 1147 657 quod
1189 593 1309 643 sicut
1357 606 1429 643 ex*
1465 592 1604 656 supra
1654 592 1816 643 dictis
1857 594 1942 656 pat

358 674 362 713 ι
394 669 478 713 art,
504 668 531 715 1
571 668 620 715 et
647 664 743 729 2),
781 664 888 729 quia
920 664 969 714 in
1003 666 1092 715 hoc
1132 669 1414 715 sacramento
1455 664 1714 716 substantia
1767 677 1942 728 corpor

354 736 517 785 [bristi
538 741 609 786 est
636 750 692 787 ex
718 737 765 785 vi
788 736 1083 797 sacramenti,
1104 737 1336 800 quantitas
1363 740 1515 787 autem
1544 736 1828 787 dimensiva
1853 749 1916 786 ex
1940 751 1942 755 ⁴

358 809 488 858 rii-uiis
522 809 889 861 concomitantiae
911 847 925 872 ,
953 809 1058 860 ideo
1099 822 1262 873 corpus
1298 809 1469 860 Christi
1501 810 1647 859 estin
1673 811 1776 861 hoc
1821 821 1942 859 sacrz

358 885 508 929 mento
539 893 623 944 per
650 882 833 931 modum
873 880 1167 943 substantias,
1197 880 1245 931 id
1274 885 1372 944 est,
1397 894 1481 945 per
1506 882 1694 932 modum
1728 894 1840 945 quo
1867 879 1942 930 sul

358 951 522 1001 stantia
542 956 614 1001 est
631 953 714 1002 sub
739 952 1128 1016 dimensionibus3
1150 967 1242 1004 non
1279 957 1429 1003 autem
1456 966 1538 1018 per
1560 954 1753 1004 modum
1781 952 1942 1003 dimen

361 1025 553 1084 sinuum,
580 1024 626 1074 id
650 1026 737 1087 est,
765 1038 855 1075 non
879 1038 960 1089 per
979 1025 1162 1075 modum
1180 1024 1307 1074 iilum
1335 1038 1426 1088 quo
1448 1025 1679 1088 quantitas
1701 1023 1942 1075 dimensi*

358 1094 547 1157 alicujus
580 1096 781 1159 corporis
815 1099 885 1146 est
910 1097 994 1147 sub
1020 1096 1275 1159 quantitate
1303 1095 1555 1146 dimensiva
1597 1096 1703 1147 loci.
1743 1094 1942 1146 Manise

362 1173 454 1213 tutu
492 1170 564 1217 est
600 1170 756 1215 autem
784 1166 906 1230 quod
933 1171 1096 1217 natura
1122 1167 1385 1218 substantiae
1412 1170 1508 1218 tota
1549 1170 1620 1217 est
1649 1168 1734 1217 sub
1761 1166 1942 1231 qualib

358 1241 484 1298 purte
511 1238 842 1289 dimensionum
873 1239 957 1288 sub
987 1239 1151 1302 quibus
1176 1238 1436 1289 continetur
1459 1256 1473 1298 ;
1505 1239 1626 1289 sicut
1647 1238 1732 1288 sub
1759 1237 1942 1303 qualib<

358 1313 485 1373 parte
516 1310 633 1360 aeris
660 1312 732 1361 est
767 1311 865 1361 tota
890 1314 1050 1360 natura
1077 1310 1195 1361 aeris
1213 1349 1226 1371 ,
1256 1313 1305 1361 et
1332 1311 1416 1361 sub
1443 1310 1643 1373 qualibet
1673 1316 1813 1374 parte
1847 1323 1942 1375 pan

358 1389 426 1429 est
458 1385 548 1433 tota
584 1385 742 1431 natura
768 1382 919 1446 panis.
948 1382 1006 1432 Et
1043 1383 1132 1434 hoc
1171 1382 1504 1443 indifferenter,
1535 1382 1636 1433 sive
1668 1382 1767 1433 sint
1795 1383 1942 1434 dimeu

358 1457 511 1505 sinnas
541 1459 643 1506 actu
666 1456 822 1507 divisae
844 1457 994 1517 (sicut
1016 1470 1120 1506 cum
1139 1469 1216 1507 aer
1241 1456 1476 1516 dividitur,
1494 1456 1569 1506 vel
1590 1455 1726 1519 panis
1748 1459 1942 1508 secatur

362 1525 434 1573 rel
474 1525 607 1576 etiam
644 1526 739 1576 sint
775 1530 879 1577 actu
919 1526 1156 1587 indivisae,
1205 1526 1456 1577 divisibiles
1493 1524 1602 1575 verb
1653 1524 1893 1591 potentia.
1924 1525 1942 1574 1

362 1601 462 1649 trinu
482 1598 771 1649 manifestum
790 1602 861 1649 est
882 1598 1007 1662 quod
1027 1601 1150 1649 totus
1172 1598 1374 1649 Christus
1398 1601 1470 1647 est
1495 1597 1579 1647 sub
1607 1597 1817 1661 qualibet
1837 1599 1942 1662 part

362 1673 614 1725 snieciewm
639 1671 771 1736 panis
790 1710 803 1734 ,
826 1671 964 1721 etiam
985 1670 1134 1721 hostia
1154 1670 1335 1733 integra
1354 1672 1566 1719 manente
1581 1707 1595 1731 ,
1619 1672 1666 1719 et
1694 1682 1794 1720 non
1818 1668 1942 1720 solur

362 1745 462 1793 rrum
498 1743 729 1807 frangitur,
764 1743 884 1793 sicut
922 1743 1106 1807 quidam
1139 1743 1325 1803 dicunt,
1349 1744 1571 1807 ponentes
1608 1743 1877 1806 exemplum
1920 1741 1942 1790 d

362 1814 559 1877 imagine
586 1813 685 1878 quae
714 1818 901 1879 apparet
921 1814 969 1863 in
989 1815 1174 1878 speculo
1194 1853 1207 1876 ,
1235 1827 1336 1877 quae
1368 1817 1558 1877 apparet
1578 1825 1670 1862 una
1707 1812 1759 1863 in
1782 1812 1942 1878 specul

362 1889 557 1949 integro,
576 1886 624 1935 in
647 1886 832 1949 speculo
861 1888 1011 1935 autem
1036 1884 1207 1948 fracto,
1236 1888 1455 1949 apparent
1477 1884 1667 1954 singulae
1693 1884 1744 1934 in
1766 1885 1942 1950 singuli

362 1957 580 2021 partibus.
609 1958 737 2015 Quod
764 1955 944 2019 quidem
970 1968 1063 2006 non
1090 1959 1161 2007 est
1189 1957 1374 2007 omnino
1404 1955 1576 2019 simile3
1604 1955 1711 2019 quia
1739 1956 1942 2021 multipli

366 2029 482 2077 Latin
500 2026 762 2091 hujusmodi
789 2026 1036 2088 imaginum
1055 2026 1221 2077 accidit
1236 2027 1286 2076 in
1314 2027 1496 2089 speculo
1518 2027 1660 2076 fracto
1678 2039 1872 2091 propter
1897 2026 1942 2076 di

362 2113 515 2149 rel-sas
541 2099 814 2151 reflexiones
844 2099 901 2148 ad
938 2098 1136 2151 diversas
1162 2102 1316 2163 partes
1351 2098 1548 2163 speculi3
1571 2098 1648 2147 hic
1684 2102 1846 2149 autem
1871 2112 1942 2148 no,

366 2177 434 2221 est
462 2172 552 2222 nisi
579 2184 673 2221 una
702 2170 982 2222 consecratio
998 2209 1016 2236 ‚
1047 2175 1236 2236 propter
1256 2183 1392 2235 quam
1425 2183 1590 2234 corpus
1615 2168 1787 2221 Christi
1823 2175 1895 2225 est
1920 2169 1942 2219 i}

366 2245 450 2293 han:
478 2245 776 2294 sacramento.

430 2316 496 2365 Ad
524 2314 722 2380 primum
756 2327 865 2377 ergo
905 2314 1148 2366 dicendum
1166 2353 1180 2377 ,
1208 2312 1332 2377 quod
1360 2327 1574 2365 numerus
1601 2313 1811 2377 sequitur
1849 2313 1940 2365 divi

366 2389 557 2437 fiunem.
578 2387 635 2435 Et
659 2386 782 2446 ide0,
804 2386 1021 2449 quamdiu
1037 2385 1266 2449 quantitas
1285 2389 1440 2435 manet
1460 2384 1655 2435 indivisa
1674 2389 1804 2448 actu,
1823 2398 1942 2449 nequ¹

366 2457 617 2508 substantia
638 2459 835 2522 alicujus
861 2457 929 2509 rei
954 2461 1026 2509 est
1048 2456 1219 2521 pluries
1243 2456 1328 2506 sub
1357 2455 1719 2506 dimensionibus
1747 2456 1941 2521 propriis

366 2543 511 2593 nsque
536 2542 701 2594 corpus
728 2530 897 2581 Christi
925 2530 1010 2582 sub
1047 2528 1407 2580 dimensionibus
1438 2527 1596 2592 panis;
1627 2531 1699 2589 et,
1729 2540 1816 2592 per
1858 2540 1938 2579 con

370 2615 562 2665 sequens
588 2615 735 2666 neque
766 2601 1014 2664 infinitieS,
1045 2601 1125 2651 sed
1152 2599 1290 2652 toties
1316 2600 1366 2649 in
1410 2604 1520 2663 quot
1550 2596 1706 2663 partes
1733 2599 1942 2650 dlviditur

434 2673 497 2725 sad
538 2677 787 2726 secundum
822 2672 1066 2724 dicendum
1084 2709 1101 2737 ,
1126 2671 1248 2736 quod
1292 2672 1372 2722 illa
1411 2669 1711 2722 determinata
1753 2670 1942 2722 distanti

370 2745 565 2805 partium
580 2785 594 2809 ,
622 2745 671 2795 in
707 2758 894 2811 corpore
930 2746 1170 2809 organico,
1200 2744 1419 2795 fundatur
1446 2756 1585 2807 super
1619 2742 1876 2808 quantitate
1901 2743 1942 2793 di

374 2817 577 2869 aiensiva
599 2817 770 2886 ipsius3
798 2818 901 2883 ipsa
926 2820 1080 2871 autem
1106 2819 1266 2869 natura
1292 2814 1560 2868 substantiae
1589 2812 1813 2878 praeeedit
1834 2813 1942 2865 etian
