1942 3284
203 208 206 211 ·
288 215 319 252 nn
334 216 439 254 mern
454 216 573 255 cnanrnn.
643 180 646 183 ’
787 208 833 257 tot

27 292 99 343 nium.
114 290 160 342 Sed
178 302 207 341 ex
227 289 304 341 diuina
320 290 410 355 justitia
422 294 499 343 taxata
512 295 548 345 est
567 291 733 357 penitentibus
746 308 814 359 poena
823 332 833 361 ,

27 375 100 428 quam
116 362 200 413 debent
215 360 301 413 subire.
313 361 374 427 Ergo
394 363 499 415 sacerdos
513 377 563 415 non
577 366 654 429 potest
670 364 698 415 de
711 378 738 417 ea
751 366 834 431 aliquid

28 435 156 486 remittere.

61 507 88 557 3.
102 505 225 567 Preterea,
236 503 275 555 ille
290 504 330 569 qni
345 516 440 569 parrum
459 510 579 572 peccatum
594 510 722 575 commisit,
739 523 787 562 non
799 514 835 563 est

29 576 109 627 minus
125 576 269 640 susceptivus
284 576 379 627 effectus
395 575 509 641 clarium,
525 578 592 643 quam
607 583 646 634 ille
665 582 705 648 qui
722 581 835 633 commisit

30 648 108 712 majus
118 650 248 711 peccatum.
257 648 301 699 Sed
311 646 331 697 si
341 646 426 711 aliquid
433 649 461 700 de
469 663 537 715 pcena
548 665 588 715 per
600 652 702 705 officium
711 652 834 705 sacerdotis

30 721 59 771 de
76 718 162 783 majori
174 722 268 784 peccato
281 717 411 783 dimittitur,
426 720 535 785 possibile
549 726 583 774 est
601 738 653 776 esse
667 724 723 777 adeb
738 737 835 789 parrum

30 794 164 857 peccatum,
178 790 215 840 oui
230 804 277 841 non
292 790 402 843 debeatur
412 793 465 857 plns
479 794 508 845 de
519 807 607 861 prena,
625 797 693 861 quam
705 796 761 848 illud
775 797 836 861 quod

30 864 60 914 de
78 861 162 926 majori
178 864 273 925 peccato
287 862 410 913 dimissum
423 867 468 914 est.
481 864 543 928 Ergo
560 867 645 930 poterit
658 870 728 918 totam
741 880 834 931 poeuam

29 932 94 985 illius
110 932 178 997 parvi
189 932 277 997 peccati
292 933 419 999 dimittere,
432 936 493 999 qubd
507 936 589 990 laisum
607 942 652 991 est.

64 1009 88 1056 t.
104 1005 218 1057 Praeterea
222 1041 231 1067 ,
241 1008 289 1055 tota
299 1018 368 1069 paena
375 1007 507 1071 temporalis
519 1012 614 1073 peccato
625 1009 711 1073 debita,
721 1015 757 1062 est
767 1010 835 1063 nnius

28 1076 138 1129 rationis.
152 1074 177 1125 Si
197 1088 250 1139 ergo
263 1089 305 1140 per
317 1076 413 1141 primam
432 1078 598 1131 absolutionem
610 1080 736 1132 dimittatur
749 1083 835 1147 abnuid

30 1147 60 1202 de
74 1161 153 1214 prena,
164 1148 233 1199 etiam
242 1160 283 1212 per
295 1149 419 1200 secundam
427 1149 455 1200 ab
464 1152 544 1201 eodem
553 1156 647 1216 peccato
658 1152 833 1215 absolutionem,

31 1219 118 1287 poterit
131 1218 217 1283 aliquid
234 1217 334 1284 dimitti;
345 1222 369 1271 et
386 1218 420 1271 sic
438 1221 527 1273 tantbm
542 1223 628 1287 poterit
639 1222 785 1289 multiplicari
794 1224 835 1275 ab·

32 1289 118 1345 solutio
132 1290 195 1356 qudd
207 1290 232 1339 ni
242 1290 341 1341 clavium
354 1293 401 1342 tota
414 1305 483 1356 poena
497 1293 603 1358 tollatur,
616 1295 667 1346 edm
680 1296 780 1347 secunda
792 1296 834 1347 ab·

31 1363 117 1416 solutio
131 1376 179 1414 uon
191 1362 222 1413 sit
232 1361 328 1414 minoris
341 1361 462 1427 efficacia,
474 1365 545 1429 quim
558 1367 632 1431 prima
645 1382 652 1417 ι
666 1370 689 1417 et
702 1366 736 1417 sic
749 1380 835 1433 pecca-

30 1439 83 1487 tum
99 1433 226 1485 remanebit
240 1432 333 1483 omuinb
349 1434 498 1500 impunitum,
510 1438 571 1502 quod
581 1441 617 1489 est
630 1438 803 1491 inconveniens.

63 1508 111 1559 Sed
121 1511 210 1572 contra,
220 1504 291 1557 danis
305 1509 338 1557 est
350 1509 450 1571 potestas
459 1507 547 1571 ligandi
562 1513 584 1560 et
595 1508 707 1561 solvendi.
727 1510 774 1561 Sed
790 1524 836 1575 po-

31 1584 78 1631 test
96 1577 203 1630 sacerdos
220 1576 342 1641 injungere
361 1590 454 1641 paenam
471 1581 630 1645 temporalem.
643 1581 703 1644 Ergo
718 1585 742 1631 et
761 1583 837 1645 polest

32 1651 151 1703 absolvere
164 1648 178 1701 d
191 1661 268 1714 poena.

64 1724 189 1787 Praemrea,
203 1720 307 1771 sacerdos
320 1732 367 1771 uon
378 1722 454 1784 potest
468 1720 583 1773 dimittere
593 1725 713 1786 peccatum
727 1720 837 1785 quantum

33 1794 62 1845 ad
82 1792 189 1857 culpam,
202 1795 229 1842 ut
242 1790 267 1841 in
279 1791 355 1842 littera
368 1789 449 1842 dicitnr
465 1792 514 1856 (lv
527 1794 607 1849 sent„
626 1793 680 1843 dist.
704 1796 743 1844 18.
756 1792 775 1856 l,
794 1806 837 1845 nec

32 1864 148 1933 mantiam
160 1864 190 1915 ad
202 1875 294 1929 poenam
306 1866 422 1925 aeternam,
438 1864 485 1928 pari
498 1864 627 1916 rationesi
636 1877 689 1929 ergo
703 1877 749 1915 non
759 1866 835 1929 potest

31 1938 150 1991 remittere
160 1934 270 2004 quantiam
284 1936 417 1999 ad'poeuam
431 1936 594 2001 temporalem,
604 1936 666 1988 nrdlo
677 1938 743 1987 modo
757 1936 835 1987 remit-

31 2015 82 2063 tere
101 2006 202 2073 poterit;
217 2006 276 2071 quod
289 2011 325 2057 est
335 2006 430 2057 omninb
445 2008 582 2058 contrarium
593 2007 659 2059 dictis
676 2006 802 2071 Evangelii.

65 2082 230 2147 (Concessio.
246 2104 278 2115 -
290 2079 340 2129 Etsi
354 2080 417 2129 enni
426 2077 524 2130 darium
534 2083 638 2131 nontota
650 2091 718 2145 poena
736 2079 834 2131 remitti·

31 2161 79 2218 tur,
96 2151 181 2215 aliquid
193 2155 269 2202 umen
283 2151 311 2201 de
326 2164 395 2216 prena
407 2151 526 2217 temporali
542 2150 646 2204 sacerdos
661 2152 777 2203 remittere
788 2164 835 2219 po-

33 2224 112 2289 test.)
613 2270 616 2274 .

56 2295 204 2367 ‚Respondes
220 2293 354 2355 dicendum,
370 2293 432 2358 qnbd
448 2294 510 2346 idem
525 2294 639 2361 judicium
653 2296 688 2345 est
708 2296 736 2346 de
754 2294 837 2345 ellectu
884 2292 886 2301 ’

33 2382 105 2435 quem
118 2369 222 2433 potestas
231 2366 328 2417 clarium
335 2366 454 2416 actualiter
463 2366 562 2418 exercita
571 2366 669 2431 complet
679 2364 703 2416 in
713 2380 750 2428 eo,
760 2365 784 2416 iu
792 2378 837 2430 quo

34 2440 145 2494 contritio
160 2443 262 2504 tempore
276 2437 410 2503 precessit,
425 2439 489 2489 etde
502 2437 586 2489 effectu
598 2438 721 2503 baptismi,
736 2439 775 2503 qui
790 2438 839 2499 jam

33 2510 133 2564 habenti
145 2510 241 2574 gratiam
251 2510 324 2560 datur.
335 2508 424 2573 Aliquis
437 2509 500 2561 euim
514 2522 555 2577 per
564 2509 631 2560 fidem
646 2513 669 2560 et
680 2508 840 2561 contritionem

32 2583 208 2651 precedentem
229 2582 384 2647 baptismum,
407 2582 503 2645 gratiam
530 2579 671 2633 remissionis
697 2584 841 2646 peecatorum
865 2630 866 2633 ,

33 2654 149 2721 quantbm
168 2653 197 2705 ad
210 2653 300 2718 culpam
323 2658 462 2709 consecutus
482 2658 520 2705 cst
534 2669 542 2705 ι
557 2653 598 2704 sed
617 2653 708 2717 quando
724 2649 842 2702 actualiter

35 2730 119 2794 postea
137 2724 276 2789 baptismum
291 2724 398 2789 suscipit,
413 2724 486 2789 gratia
500 2727 611 2787 angetur,
624 2727 648 2774 et
660 2721 673 2774 a
688 2725 752 2773 reatu
768 2734 842 2785 poenae

33 2798 141 2851 totaliter
158 2796 291 2859 absolvitur,
307 2796 410 2861 eoquod
431 2796 462 2849 sit
476 2795 593 2861 particeps
612 2793 726 2861 passionis
745 2792 840 2845 Christi.

34 2873 67 2923 Et
86 2866 193 2921 similiter
205 2866 239 2917 illi
257 2868 298 2933 qui
311 2881 352 2933 per
370 2867 528 2921 contritionem
545 2871 681 2919 consecutus
698 2870 733 2917 est
753 2864 844 2917 remis·

35 2942 130 2993 sionem
143 2942 286 3004 peecatorum
299 2938 410 3003 qnantdm
422 2940 452 2990 ad
464 2940 573 3005 culpam,
590 2942 613 2991 ct
630 2951 670 3005 per
682 2942 853 3001 consequens·

721 3036 765 3085 2⁰*
