1942 3284
276 166 308 205 ne
323 163 481 205 suessanum
497 163 666 205 murmurum.
827 164 872 212 689

106 245 129 294 t.
145 245 265 302 Proteum,
280 244 420 293 sacramenta
432 254 499 292 uouae
511 241 570 305 lepis
581 243 748 296 institutionem
759 247 844 299 habeut
856 249 869 299 a

58 313 177 376 Christo,
186 327 215 364 ex
222 313 287 377 eujus
295 313 379 363 uirtute
386 314 517 376 operantur,
524 316 552 362 ut
560 313 627 376 supra
634 314 718 364 dietum
728 320 764 367 est
772 317 821 382 (qu.
828 323 869 383 62,

58 389 118 434 art.
129 387 154 446 5,
169 388 193 433 et
206 398 246 447 qu.
257 387 296 446 dt,
312 387 354 432 art.
367 381 400 444 t).
414 383 459 432 Sed
471 382 574 432 Christus
584 396 629 433 uon
642 385 732 436 uidetur
741 387 870 440 instituisse

59 457 119 508 hoo
129 457 312 516 sacramentum,
326 453 377 503 edm
388 453 436 517 ipse
449 454 538 503 nonsit
552 467 607 506 usus
620 467 648 506 eo
661 455 720 507 siout
730 456 781 508 aliia
796 471 870 510 mera-

57 527 159 578 mentis
177 539 227 589 qum
248 527 296 589 ipse
313 524 420 574 instituit.
441 525 500 588 Ergo
518 527 562 576 hoo
580 530 746 577 sacramentum
764 541 810 579 uon
825 529 870 580 tuit

59 597 239 650 conuenienter
254 596 381 646 institutum
393 593 419 646 io
430 607 488 646 nova
503 597 562 659 iege.

104 669 153 719 Sed
167 671 244 718 nontin
263 671 310 728 esi,
325 665 385 728 quod
400 665 454 716 dicit
466 667 590 728 Dominus,
602 669 674 725 Luc„
688 669 734 720 uit.
748 685 755 720 ε
773 672 870 736 oopus·

58 738 274 790 tetratCtuistum
293 737 356 800 pati,
377 740 399 786 ei
413 749 530 796 resurgere
549 737 563 786 a
580 739 674 790 mortuis
691 739 728 790 die
744 740 829 804 tertii,
846 747 870 793 et

58 809 195 875 praedioari
211 808 235 858 iu
253 807 344 860 nomine
358 806 409 870 ejus
424 805 580 870 poeniteutiam
600 811 624 858 et
638 807 793 861 remissionem
811 823 870 875 pee-

59 885 179 932 catorum
190 879 217 930 in
227 890 307 930 omues
322 882 409 940 gentes.
423 892 437 925 o

104 951 266 1014 (concussio.
276 974 306 986 -
317 947 460 1000 poenitentiae
470 951 635 1000 sacramentum
648 948 673 998 in
683 961 743 1002 nova
756 952 807 1016 tege
817 965 870 1004 mu·
950 978 951 981 =

61 1021 197 1074 venientes
208 1019 339 1072 institutum
349 1021 410 1081 est.)

102 1091 245 1156 Respondes
257 1091 385 1154 dicendum,
401 1088 461 1154 qood
475 1090 535 1140 sieut
547 1091 615 1154 supra
627 1091 714 1143 dietum
724 1095 761 1143 est
770 1092 822 1156 (art.
834 1094 870 1156 t),

62 1166 100 1216 in
106 1165 156 1215 hoe
164 1164 305 1212 sacramento
315 1164 380 1211 aetus
390 1161 523 1224 poeuitentis
535 1175 561 1212 se
571 1162 639 1212 hahet
651 1163 711 1213 siout
724 1164 833 1226 materia;
847 1164 872 1214 id

63 1237 154 1284 auteur
166 1233 227 1297 quod
240 1237 276 1282 est
289 1244 319 1282 es
329 1235 393 1295 parte
409 1232 545 1293 sacerdotis,
555 1231 596 1295 qui
613 1235 720 1296 operator
731 1238 758 1283 ut
767 1234 872 1286 minister

63 1303 172 1366 Christi,
180 1303 280 1355 sehabet
288 1305 313 1352 ut
324 1303 417 1354 dormale
428 1306 451 1354 et
459 1303 618 1367 completivum
626 1305 770 1355 sacramenti.
778 1305 872 1356 Materia

65 1375 132 1428 vend
145 1373 215 1425 eiiam
232 1375 256 1424 in
271 1373 322 1424 aliis
335 1374 495 1434 sacramentis,
506 1375 629 1437 praeexistit
646 1374 751 1425 doatora
763 1379 789 1426 ut
802 1387 870 1439 aqua,

67 1448 111 1500 uel
127 1448 156 1497 ab
175 1449 222 1498 arte
236 1450 261 1496 ut
273 1445 355 1510 panis;
369 1447 410 1495 sed
422 1445 481 1506 qood
493 1446 546 1495 tatis
558 1445 653 1496 materia
667 1447 696 1496 ad
706 1451 872 1497 suorameotum

67 1522 218 1578 assumatur,
229 1517 370 1568 institutione
388 1516 475 1579 indiget
488 1517 533 1566 hoe
550 1517 724 1568 determinante.
740 1518 786 1568 Sed
800 1519 873 1569 torma

65 1590 214 1644 sacramenti
225 1593 249 1640 et
258 1589 328 1638 uirtus
336 1587 409 1652 ipsius
422 1586 524 1637 totaliter
532 1591 566 1637 est
579 1600 609 1638 ex
619 1587 764 1638 institutione
777 1588 871 1652 Christi,

67 1675 104 1713 ex
122 1661 191 1724 eujus
212 1660 316 1723 passione
334 1658 438 1722 procedit
453 1657 526 1706 virtus
546 1661 745 1708 sacramentorum.
766 1658 803 1708 Sie
819 1671 873 1722 ergo

68 1730 148 1796 huju-s
156 1730 291 1781 sacramenti
304 1729 395 1780 muteris
409 1727 536 1792 praexistit
545 1727 559 1777 d
567 1730 647 1778 natura
657 1726 697 1792 (ex
706 1727 804 1777 naturali
812 1729 873 1780 enim

30 1807 60 1848 ’r
69 1805 154 1854 atione
165 1803 234 1852 homo
245 1805 348 1851 mouetur
360 1802 387 1852 ad
400 1798 554 1864 poenitendum
569 1799 597 1849 de
607 1798 671 1848 maiis
684 1811 735 1861 puae
743 1799 823 1862 ieoit);
833 1801 874 1851 sed

70 1874 139 1938 qudd
150 1875 193 1922 hoo
206 1872 242 1921 vel
256 1872 295 1923 illo
306 1872 371 1922 modo
384 1873 452 1922 hoino
469 1869 626 1934 poenitentiam
639 1873 705 1932 agat,
716 1873 752 1920 est
763 1883 793 1918 ex
805 1870 874 1920 iusti·

70 1945 166 1996 tutione
186 1943 270 1993 diuina.
285 1943 348 1993 Unde
368 1945 392 1992 et
411 1942 520 1992 Dominus
538 1940 563 1990 iu
576 1940 688 2004 principio
706 1939 874 2003 predicationis

70 2029 141 2076 sum,
154 2013 237 2066 indixit
249 2013 377 2064 homiuibus
392 2015 475 2062 utnon
495 2010 568 2062 soiirm
581 2011 732 2075 poeniterent.
748 2012 788 2062 sed
804 2011 873 2062 etiam

70 2085 237 2152 poenitentium
251 2087 360 2147 agerent,
371 2081 502 2144 significans
514 2083 676 2132 determinatos
685 2081 766 2132 modos
777 2086 872 2132 actuum

71 2158 116 2223 qui
130 2155 275 2218 reuiriruutur
290 2155 318 2204 ad
333 2154 377 2204 hoo
390 2156 563 2204 sacramentum.
573 2152 617 2202 Sed
629 2152 653 2201 id
661 2152 721 2215 quod
732 2151 831 2216 pertinet
843 2153 872 2202 ad

71 2227 179 2281 oitioiuru
191 2225 355 2286 ministrorum,
372 2223 547 2282 determinavit,
561 2222 662 2282 natta,
676 2223 743 2283 xvi,
763 2223 802 2274 udi
814 2223 874 2275 diiii

72 2297 164 2351 Petro:
182 2313 196 2346 o
214 2296 265 2348 Tibi
278 2296 335 2347 dado
348 2295 424 2345 danes
442 2293 507 2356 regui
518 2293 638 2356 emiorum,
650 2298 695 2346 eto.
713 2309 727 2342 u
741 2293 873 2346 Efficaciauu

73 2375 154 2424 autern
167 2369 237 2433 hujus
249 2367 383 2420 saeranrenti
396 2371 420 2416 et
430 2364 542 2428 originem
555 2365 644 2415 intutis
653 2365 705 2428 epus
718 2365 874 2417 manifestavit

74 2445 131 2508 post
140 2439 344 2499 resurrectionem,
357 2439 425 2491 Lac„
436 2436 490 2496 ult„
501 2435 541 2486 ubi
550 2435 606 2485 dixit
615 2435 676 2497 qudd
689 2453 705 2485 o
713 2440 804 2502 oportet
816 2449 874 2500 prm·

75 2511 149 2564 dicari
158 2509 183 2559 iu
194 2508 284 2560 nomino
295 2509 344 2572 ejus
355 2507 513 2572 penitentiam
524 2509 548 2556 et
560 2505 716 2558 remissionem
729 2509 873 2570 peecatorum

75 2587 101 2636 in
115 2593 197 2634 omues
213 2582 307 2644 gentes,
321 2594 335 2628 u
349 2579 467 2642 promisso
485 2578 515 2629 de
526 2576 632 2640 passione
649 2580 674 2627 et
690 2576 871 2639 resurreetione;

75 2670 105 2708 ex
114 2653 200 2703 uirtute
213 2649 274 2701 euim
290 2650 388 2700 uouiuis
405 2651 458 2700 iesu
476 2647 560 2698 Chuuti
572 2647 681 2710 patieutis
693 2653 717 2698 et
729 2649 873 2711 resurgentis

75 2729 121 2778 troo
137 2728 303 2774 sacramentum
319 2719 443 2771 eidoaoiauu
460 2719 531 2770 habet
547 2717 745 2769 inremissionem
762 2721 875 2781 peceato-

76 2809 136 2847 rum.
148 2793 178 2844 Et
188 2792 221 2840 sie
233 2794 294 2853 patet
307 2791 464 2847 convenienter
474 2791 518 2854 hon
528 2793 694 2845 sacramentum
704 2789 729 2841 iu
744 2800 804 2842 noua
817 2788 868 2852 tege

77 2866 210 2919 institutum
224 2861 305 2922 fruisser
747 2861 749 2863 ’
