1942 3284
107 224 154 271 ott
267 223 463 274 surrnnunurou,
478 220 573 265 oonrsr.
587 219 641 269 run,
652 218 708 257 arr.
723 219 751 258 ι.

112 306 160 357 Sed
169 306 214 361 lton
225 305 288 355 esset
300 301 325 351 lu
334 297 491 365 prejudicium
502 294 590 360 proprii
602 293 738 357 sacerdotis,
748 293 771 344 si
782 293 849 347 alins
856 306 924 347 cm-

112 376 237 428 lesaiouem
246 371 332 423 subditi
345 368 382 421 sni
393 366 476 419 mdiat
485 367 547 429 Ergo
559 378 607 417 nou
616 367 693 429 potest
700 377 745 429 per
760 365 924 429 privilegiu

113 446 164 499 sire
181 444 297 496 licentiam
313 440 351 491 ιιι
364 440 496 491 mandatnm
509 435 632 499 superioris
645 435 755 486 obtinerr.

144 521 169 567 Β.
182 517 307 576 preterea,
321 512 376 562 illud
390 523 431 575 per
440 510 500 573 quod
513 507 637 571 impeditur
647 506 754 558 divinum
763 508 922 569 mandatum,

113 600 160 643 mon
179 590 255 652 potest
268 596 309 650 per
328 583 458 633 mandatnm
473 580 512 631 vel
527 578 673 643 priuilegium
688 576 792 641 alionjns
810 579 924 631 nominis

115 657 215 711 concedi.
225 656 270 707 Sed
288 654 416 705 mandatum
428 650 533 701 divinum
545 653 582 701 cut
594 649 623 699 ad
633 652 733 700 rectores
743 648 923 713 Ecclesiam,

115 733 167 779 ιιιιι
178 726 298 791 dicenter
307 724 393 775 vultum
402 722 491 787 pecoris
498 720 536 771 sui
547 723 680 783 agnoscant,
689 735 705 768 u
713 721 807 775 Pauo..
822 720 923 787 mm

115 798 175 863 quod
191 796 312 861 impeditur
318 831 327 858 ,
337 793 358 844 si
370 792 428 843 nlius
439 790 507 854 quim
520 788 566 853 ipsi
576 790 745 841 confessionem
753 789 811 852 cius
824 792 921 843 audiat.

115 870 174 932 tirso
191 868 238 919 hcc
256 878 303 917 non
323 866 399 929 potest
416 873 457 925 per
472 860 570 924 alicujus
586 858 686 910 morinis
703 858 856 924 privilegium
881 863 922 914 vel
968 862 970 881 ²

116 939 245 991 mundatum
257 935 367 989 ordinari.

148 1014 172 1060 8.
185 1010 306 1068 Patarea,
318 1006 357 1057 illc
371 1003 412 1068 qui
424 1003 489 1055 audit
500 1002 668 1059 confasionem
679 1001 779 1066 alicujus
785 1038 798 1065 ,
812 1007 853 1055 est
863 995 921 1069 pro·

117 1081 182 1147 prins
194 1080 266 1145 iudex
274 1078 338 1141 eina,
349 1075 406 1127 aliis
417 1086 464 1126 non
475 1076 556 1138 posset
565 1086 618 1123 eom
630 1072 702 1135 ligare
714 1075 739 1123 et
749 1071 857 1124 solvere.
875 1074 922 1125 Sed

118 1152 186 1203 nnius
196 1148 297 1203 nominis
309 1159 355 1198 nou
367 1148 464 1211 possunt
478 1158 531 1195 esso
541 1144 617 1208 plnres
628 1142 714 1207 proprii
725 1142 867 1196 mccrdotos
883 1146 922 1195 rel

117 1221 220 1287 judices,
230 1220 284 1284 quia
292 1221 348 1269 tnnc
356 1219 471 1267 tenantur
483 1214 586 1279 plurilrns
597 1211 705 1277 ohcdirc3
718 1213 781 1277 quod
791 1219 862 1267 esset
876 1216 921 1266 im

119 1290 242 1355 possibile,
255 1289 278 1341 si
288 1286 401 1339 contraria
413 1284 572 1350 praeciperent,
583 1283 621 1335 rel
632 1282 844 1348 incompossiiills.
858 1285 921 1349 Engo

120 1375 167 1413 non
181 1362 258 1425 potest
268 1357 352 1421 ιιιιιιιιι
364 1356 466 1407 moturi
483 1354 531 1406 nisi
547 1353 639 1419 proprio
654 1353 785 1417 sacerdoti,
796 1355 877 1407 etiam
890 1368 921 1407 ex

119 1430 242 1497 superioris
252 1428 352 1481 licentia.

151 1504 175 1551 ι.
190 1501 317 1563 Promea,
329 1497 441 1563 iujuriam„
452 1499 593 1548 sacramento
611 1494 679 1556 iacit,
690 1494 732 1559 qui
745 1500 920 1546 moramentum

120 1574 186 1624 itcrat
202 1568 385 1636 snper.aaudem
398 1566 532 1630 matonam,
543 1566 581 1619 rel
592 1566 621 1617 ad
636 1565 713 1616 minus
723 1564 841 1615 inutiliter
853 1565 917 1616 tadu

121 1642 166 1694 Sed
181 1641 222 1705 oni
235 1640 352 1693 conlassus
367 1642 403 1690 est
415 1636 455 1689 alii
470 1636 596 1699 sacerdoti,
608 1639 699 1687 tenetur
710 1633 795 1686 iterium
811 1636 920 1687 wulcani

120 1713 212 1777 proprio
220 1710 346 1772 sacerdoti,
359 1708 380 1761 si
391 1712 463 1773 petat,
476 1708 531 1769 quia
542 1710 635 1759 nonest
641 1706 757 1757 absolutus
767 1705 797 1756 al)
806 1705 920 1757 οιαιιιιι-

120 1784 154 1835 ιιι
169 1795 215 1849 qua
227 1782 251 1833 ei
264 1785 355 1833 tenetur
370 1780 463 1832 adhoc.
476 1778 537 1841 lingo
555 1790 601 1829 non
618 1781 694 1841 potest
709 1774 774 1827 licite
789 1775 846 1826 lieri
855 1776 919 1841 qnod
967 1789 968 1792 ¹

121 1852 203 1917 alodo
218 1851 259 1903 alii
267 1850 336 1915 qen
352 1847 444 1915 proprio
456 1846 571 1899 sacerdoti
583 1845 727 1897 confiteatur.

151 1924 196 1975 scd
204 1925 283 1973 contra
295 1936 302 1971 ι
315 1934 343 1971 ea
356 1932 408 1983 qoae
418 1923 473 1971 sunt
485 1918 587 1980 ordinis,
600 1921 698 1982 possunt
707 1916 803 1968 habcnti
814 1918 920 1970 similem

120 1994 222 2047 ordinem
234 1989 346 2041 committi
354 1990 419 2041 abeo
428 1989 467 2052 qni
476 2001 505 2039 ea
519 1989 594 2039 lacere
603 1992 688 2053 potest.
703 1988 749 2039 Sed
758 1989 878 2053 superior,
892 1996 919 2039 ιιι

120 2064 241 2128 episcopus
247 2096 257 2124 ,
268 2062 346 2125 potest
360 2060 525 2115 moesiorum
542 2058 621 2110 andire
633 2057 694 2109 illius
706 2059 748 2123 qni
756 2063 796 2110 est
806 2059 841 2109 dc
850 2072 920 2123 puro-

120 2133 175 2185 claia
188 2130 284 2194 alonius
296 2128 436 2195 presbytcri,
451 2128 581 2193 quinetiam
596 2129 730 2193 cumdoquc
742 2128 836 2192 aliquos
851 2141 921 2179 cusos

120 2203 163 2255 sili
175 2203 290 2262 reservat,
302 2199 355 2251 clim
374 2200 405 2250 sit
417 2199 563 2264 principalior
575 2203 658 2251 rector.
676 2200 737 2263 Erro
752 2199 825 2251 curm
840 2204 920 2264 potest

121 2271 258 2326 committere
271 2270 335 2323 alteri
348 2271 461 2322 sacerdoti
473 2269 534 2334 quod
546 2271 624 2335 ipsum
636 2269 723 2322 audiat.

152 2344 277 2407 Prmtcrea,
291 2341 400 2406 quidquid
418 2345 495 2407 potest
511 2340 618 2405 interior,
637 2343 713 2404 potest
732 2340 848 2404 superior.
869 2341 917 2391 sed

120 2416 169 2479 ipsa
181 2412 285 2464 sacerdos
303 2415 378 2476 potest
395 2424 437 2463 sno
455 2410 592 2475 parochiano
610 2410 664 2461 dure
676 2411 794 2463 licentiam
804 2414 833 2461 nt
851 2410 920 2463 alteri

121 2484 263 2537 confiteatur.
275 2482 335 2546 Ergo
348 2482 419 2534 multo
432 2481 514 2534 lortiirs
525 2482 578 2543 eins
587 2480 692 2547 superior
700 2482 745 2533 hoc
754 2485 844 2545 potest.

153 2557 275 2617 preterea,
285 2556 422 2617 potestatem
433 2566 502 2617 quam
511 2554 580 2604 habet
589 2552 695 2603 sacerdos
704 2551 730 2601 in
738 2551 834 2616 populo,
848 2551 920 2602 halet

123 2624 274 2689 abepiscopo.
286 2622 330 2673 Sed
340 2634 369 2672 ex
380 2621 419 2672 illa
434 2624 545 2686 potestate
555 2625 631 2686 potest
648 2620 816 2672 contessionem
827 2620 919 2672 andire.

122 2698 183 2760 Ergo
199 2698 223 2745 ct
239 2693 318 2745 eadem
331 2691 419 2743 ratione
432 2692 506 2755 alius,
519 2691 558 2741 cui
576 2690 699 2756 episcopus
709 2694 849 2755 potestnteru
861 2703 920 2742 con-

124 2766 197 2817 cedat.

158 2830 411 2894 (concursio-Cim
420 2830 525 2895 quisquis
530 2813 714 2895 jurisdictionem
722 2831 854 2891 habensea
863 2844 919 2894 ore

47 2962 50 2967 Ι
122 2902 286 2965 iurisdictionis
297 2902 362 2965 sunt,
376 2900 593 2953 altericcrnmittere
605 2900 696 2965 possit,
706 2913 849 2962 consequens
863 2904 922 2956 cut.
