1942 3284
224 183 254 219 un
269 181 349 220 ceusu
364 180 585 220 sactumurcauu.
776 173 808 219 68

60 249 172 316 tascium
183 262 288 308 sanctum.
306 258 366 321 ugo
378 258 468 309 uidetur
478 257 541 321 quud
550 256 667 318 christus,
683 257 809 309 secundum

60 322 96 381 tui
108 326 175 388 hunc,
189 329 288 379 habuerit
307 332 445 393 potestatem
461 326 594 380 interiorem
609 328 716 379 effectum
729 341 809 381 sacra-

58 399 261 451 unumunurm.

77 465 205 534 tumeret,
223 472 324 529 matth..
347 472 394 535 lx,
409 472 519 523 Dominus
541 472 620 523 dicitu
637 470 809 537 «sciatisquia

55 532 191 593 triumuiris
203 545 269 595 habet
276 547 414 609 potestatem
428 544 453 593 in
464 549 526 594 terra
539 543 668 595 dimittendi
680 549 807 607 peccata.»

56 603 170 683 &tremene
179 620 320 679 peccaturum
333 619 369 666 est
381 615 475 666 interior
488 614 583 666 effectus
595 614 739 665 sacramenti.
748 616 809 679 Ergo

53 676 114 729 ”tetur
129 684 179 747 quud
197 687 310 748 Christus,
335 685 461 736 secundum
482 685 544 749 quun
571 688 652 749 humo,
674 685 806 739 interiorem

55 745 126 803 tfltttm
141 762 320 808 sacramentorum
332 761 448 820 operetur.

73 824 88 868 ³.
97 823 202 889 Preterea,
216 828 332 878 institutio
346 833 539 879 sacramentorum
556 828 656 893 pertinet
666 828 694 879 ad
705 842 757 880 eum
768 831 809 893 qui

50 893 126 955 tuum
139 900 254 963 principale
271 914 343 963 agens
360 905 467 964 operatur
480 902 509 951 ad
527 898 657 951 interiorem
672 900 808 952 sacramenti

51 962 134 1041 eiectum.
143 971 276 1023 Manifestum
291 975 326 1022 cst
339 976 414 1021 autem
424 971 484 1034 quud
501 972 606 1022 Christus
619 974 760 1023 sacramenta
770 972 807 1023 in·

51 1035 171 1157 ffiltrgu
190 1044 238 1109 ipse
256 1047 292 1094 est
314 1042 354 1107 qui
372 1042 467 1095 interius
486 1046 592 1108 operetur
614 1048 808 1095 sacramentorum

107 1124 132 1160 n.

72 1180 87 1225 t·
96 1180 201 1247 Preterea,
215 1188 290 1237 nutius
305 1189 381 1250 petest
392 1185 442 1235 sine
454 1189 595 1235 sacramente
608 1184 715 1237 effectum
730 1199 807 1237 sacru-

52 1250 99 1298 nanu
107 1256 206 1321 conterre,
222 1258 267 1309 nisi
279 1258 371 1322 propria
383 1258 469 1307 uirtute
483 1257 619 1307 sacramenti
636 1258 742 1307 effectum
753 1271 810 1321 upe-

52 1323 98 1372 utu,
108 1324 143 1375 Sed
149 1328 247 1380 Christus
263 1330 313 1380 sine
326 1333 468 1379 sacramento
479 1328 576 1378 contutit
588 1327 723 1378 sacramenti
735 1328 810 1379 effec-

51 1390 95 1455 tam
110 1401 195 1463 utpatut
209 1402 233 1450 iu
251 1401 398 1463 magdalena,
413 1400 450 1449 cui
470 1399 528 1449 dixit
543 1414 550 1447 ι
567 1416 580 1447 u
597 1399 747 1449 Dimittuntur
765 1400 809 1451 tibi

52 1470 121 1519 mauu.
132 1487 144 1517 u
157 1473 211 1536 Ergo
222 1473 313 1521 ridetur
320 1470 381 1533 quud
392 1470 509 1533 Christus,
521 1469 646 1520 secuudum
658 1470 718 1533 quud
729 1472 809 1537 hume,

56 1541 125 1591 titium
133 1542 259 1594 interiorem
271 1542 408 1592 sacramenti
418 1542 534 1591 effectum.

78 1606 206 1677 taucica,
217 1614 275 1664 illud
288 1614 313 1663 in
331 1614 398 1676 cujus
413 1614 497 1663 uirtute
514 1615 680 1663 sacramentum
694 1616 808 1677 operatur,

54 1675 78 1721 Ν
88 1678 186 1749 cunnum
198 1699 271 1749 egeus
284 1685 314 1734 ad
327 1684 458 1735 interiorem
475 1684 591 1735 effectum.
611 1682 654 1734 Sed
669 1687 811 1735 sacramenta

50 1740 106 1822 Qui
120 1755 216 1807 rientem
230 1771 261 1807 ex
279 1755 386 1819 passione
405 1755 492 1805 Christi
512 1759 535 1806 et
547 1754 691 1804 inuocatione
710 1756 810 1807 numinis

50 1827 89 1897 ‘tuti
99 1828 207 1878 munuum
219 1828 277 1879 illud
290 1830 308 1878 l.
324 1828 360 1877 ud
375 1828 443 1885 Cor„
459 1830 470 1877 l
485 1843 493 1878 ε
511 1846 524 1876 u
539 1828 651 1891 Numquid
669 1828 752 1877 Paulus
770 1842 812 1893 pru

50 1889 93 1971 *titt
100 1900 205 1951 nummus
217 1905 253 1951 est
267 1905 306 1950 aut
320 1900 344 1949 iu
353 1900 446 1951 numine
455 1900 519 1949 Pauli
529 1899 637 1963 baptizati
647 1900 717 1949 estis?
727 1916 740 1947 u
752 1901 812 1964 Ergo

51 1956 164 2029 &fetuum
179 1977 291 2037 quantum
303 1973 382 2032 humo,
391 1976 499 2035 operatur·
513 1971 645 2022 interiorem
654 1971 760 2022 effectum
770 1984 811 2023 sa-

49 2040 133 2090 emerui.

66 2106 98 2157 Sed
111 2119 179 2165 cuutra
196 2119 246 2176 cst,
263 2116 324 2178 quud
344 2115 482 2178 Augustinus
503 2114 571 2177 dicit,
589 2114 648 2178 quud
663 2131 677 2162 u
693 2115 716 2163 in
731 2128 810 2165 sacra-

48 2182 104 2230 aeuus
113 2184 184 2236 diuina
197 2186 272 2236 uirtus
290 2185 399 2236 secretius
418 2191 524 2249 operatur
537 2188 634 2236 salutem
648 2185 691 2251 (t).
703 2202 716 2233 u
730 2185 811 2236 Divina

48 2250 97 2300 auem
105 2254 167 2307 uirtus
179 2263 215 2307 est
228 2258 322 2316 Christi,
336 2257 460 2308 secuudum
474 2258 533 2320 quud
551 2262 586 2307 est
597 2258 666 2320 Deus,
676 2270 722 2307 nun
734 2260 812 2307 auteur

47 2322 136 2394 &autin
150 2329 210 2392 quud
231 2333 267 2379 est
276 2329 355 2379 hume.
372 2329 432 2391 Ergo
450 2329 554 2379 Christus
568 2341 614 2379 nou
628 2332 734 2391 operatur
747 2327 809 2377 inte-

49 2399 103 2442 nucu
116 2400 246 2451 sacramenti
263 2400 371 2451 effectum
388 2399 514 2451 secundum
534 2399 597 2464 quud
616 2403 652 2450 est
672 2400 758 2461 humo,
773 2400 813 2451 sed

48 2468 138 2519 ”mudum
147 2473 205 2537 quud
219 2477 255 2523 est
269 2474 341 2523 Deus.

68 2534 202 2596 (Curmusro.
212 2572 245 2581 -
254 2544 368 2607 Christus,
376 2544 400 2593 in
408 2548 518 2607 quantum
528 2544 597 2606 Deus,
608 2545 745 2607 potestatem
759 2554 815 2592 auc-

53 2700 58 2707 ,
71 2640 260 2708 tltAEquivetemer
270 2652 359 2699 tanuim
371 2654 514 2710 Augustinus
524 2654 580 2698 illud
592 2652 648 2698 dicit
656 2652 679 2697 in
687 2656 770 2707 quaest.
780 2650 811 2695 80

50 2706 144 2764 ”bath
155 2723 177 2761 et
188 2719 267 2762 Tract.
280 2716 367 2761 LXXX.
382 2717 412 2761 iu
423 2716 497 2762 loun.
511 2716 571 2762 Dicit
585 2716 654 2760 ctiam
674 2716 697 2758 in
716 2714 760 2760 tib.
779 2714 815 2758 Da

53 2760 153 2834 ΨΜ,
166 2785 251 2826 contra
266 2779 418 2828 Donatistae,
427 2791 481 2836 cap.
492 2776 521 2823 10
532 2797 538 2824 ι
553 2779 707 2823 Sacramenta
716 2788 760 2821 auc
773 2774 814 2819 de·-

52 2834 90 2875 ”tt
98 2839 165 2886 uirtus
177 2844 271 2888 assistit
283 2840 317 2885 ud
331 2840 432 2885 satutem
451 2840 508 2887 teuc
525 2842 656 2887 utentium.
677 2840 763 2883 Textus
776 2832 814 2881 tute

52 2896 111 2944 ΜΨ
119 2906 207 2951 sumitur
219 2918 251 2952 ex
263 2902 370 2963 Isidore,
387 2904 521 2963 Etymuloq.
540 2904 584 2950 um.
595 2902 640 2963 vt,
655 2913 709 2958 cap.
727 2897 767 2945 18.
