1942 3284
126 188 173 236 ΝΞ
287 193 488 241 semmurum,
501 191 598 236 oum.
617 191 666 238 m,
682 189 741 227 nar.
757 190 776 226 1.

126 272 177 337 pilii
191 284 220 322 ex
234 269 506 335 superfluisgenerantur.
516 265 561 316 Sed
576 265 676 315 ministri
689 265 771 315 altaris
786 277 876 314 omnem
887 277 923 313 sr-

126 343 279 407 perbnitatem
289 341 302 391 b
311 353 336 391 se
350 339 432 390 debent
445 337 566 402 expellere.
575 338 636 399 Ergo
647 335 752 386 totaiiter
765 337 857 386 debent
866 341 924 399 rapat

127 416 216 478 redere,
232 419 255 465 et
266 426 313 465 nou
328 413 353 462 iu
365 411 456 462 modurn
471 421 570 460 eoronm.

158 486 203 536 Sed
220 488 298 536 eontra
314 487 364 544 est,
380 481 433 544 qnia
452 479 577 531 secundum
595 479 732 543 Gregorium
750 496 766 527 «
784 479 874 530 seruire
890 479 928 529 Deo

127 569 222 619 regnare
238 559 282 608 esi.
292 571 306 602 a
320 553 365 604 Sed
378 565 463 603 perena
475 555 511 602 est
524 552 616 615 signum
629 550 705 614 regni.
720 552 784 613 Ergo
796 550 845 601 ibis
857 551 897 614 qui
905 551 929 600 ad

129 625 233 676 birinum
246 622 396 675 ministerium
410 621 566 686 applicantur,
580 633 666 671 eornm
685 621 813 685 competit.

161 699 281 758 Praeterea,
294 693 370 758 capilli
382 710 395 741 n
405 693 429 742 in
439 693 542 744 velamen
557 692 605 743 dati
616 695 681 756 sunt,
691 709 706 740 u
719 696 748 741 ut
756 696 828 756 patet
839 693 860 741 1.
868 692 929 747 eor„

129 767 169 818 XI.
191 768 234 817 Sed
249 764 348 817 ministri
368 764 445 816 altaris
466 764 549 814 debent
565 763 652 814 babere
669 766 778 831 manmena
803 764 930 814 renotatam.

129 837 189 900 Ergo
202 835 311 900 competit
324 835 358 886 eis
371 847 448 884 rasura
458 847 556 884 coronae.
841 897 847 904 ,

163 909 323 971 (Conmusro.
331 906 557 958 —Ceuaeuieusest
568 911 594 956 nt
606 905 647 970 qui
657 918 742 956 moros
757 906 894 970 suscipiunt
902 919 931 956 er

130 979 209 1043 u'nes,
224 983 416 1042 tonsuramque
425 976 491 1040 regui
504 977 622 1041 cuiusdam
640 979 666 1027 et
676 975 841 1041 perfeetionis
854 977 933 1042 signu·

131 1053 180 1110 eet,
195 1049 326 1114 deterant)

161 1123 298 1188 Respondes
315 1121 453 1182 moenium,
464 1119 526 1183 pubd
542 1118 577 1169 eis
595 1118 636 1182 qui
655 1118 686 1168 ab
706 1117 795 1168 divim
817 1118 934 1170 mimate*

131 1194 285 1258 amittantur,
300 1191 407 1256 competit
427 1203 506 1240 rasura
518 1195 542 1240 et
560 1192 655 1239 tonsura
672 1189 700 1238 iu
715 1191 823 1240 modum
836 1203 933 1251 uerene,

132 1262 220 1315 ratione
230 1264 325 1326 figure,
342 1263 396 1326 quia
405 1274 489 1312 corona
503 1264 540 1310 eat
550 1260 641 1322 signum
652 1260 721 1322 regui
736 1265 764 1311 et
781 1262 934 1325 perieetionis,

131 1334 185 1386 eiam
195 1335 225 1386 sit
236 1333 368 1397 eimulnris3
383 1333 415 1382 illi
424 1335 500 1383 autem
511 1331 553 1395 pui
565 1330 651 1382 divinis
663 1331 815 1383 ministeriis
829 1333 934 1398 appian-

131 1408 182 1468 tur,
200 1405 356 1468 adipiscuntur
379 1404 463 1468 regiam
482 1402 630 1465 dignitatem,
644 1404 668 1452 et
688 1403 797 1464 perfecti
818 1404 847 1454 in
864 1405 932 1453 virtut

130 1487 181 1526 esse
200 1475 294 1525 debent.
307 1475 421 1540 Competit
434 1473 502 1526 etiam
520 1473 554 1525 eis
571 1473 660 1525 ratione
675 1473 856 1526 subtractionis
872 1474 933 1539 eapit-

131 1544 204 1598 lerum
212 1584 218 1609 ,
227 1549 251 1596 et
262 1559 291 1596 ex
299 1550 363 1610 parte
374 1545 485 1610 superiori
495 1558 535 1610 per
544 1557 655 1607 rasuram,
666 1557 698 1594 ne
710 1557 782 1595 mens
791 1559 879 1597 eornm
888 1551 933 1595 tem

131 1617 247 1681 penalibus
264 1617 449 1682 occupationibus
468 1613 481 1666 i
499 1615 691 1679 contemplatione
710 1615 858 1667 divinorum
877 1620 931 1666 retu·

133 1688 210 1753 detur3
227 1693 250 1739 et
265 1702 295 1740 ex
312 1691 376 1752 parte
390 1686 494 1740 interiori
506 1699 547 1751 per
562 1690 695 1749 tonsuram,
710 1699 743 1738 ne
762 1700 852 1740 eornm
866 1699 932 1739 sensu

131 1760 297 1824 temporalibus
307 1761 465 1812 obvolvantur.
725 1804 730 1812 .

164 1832 317 1896 apprimum
338 1845 392 1894 ergo
414 1831 549 1890 dicendam,
570 1829 631 1892 pubd
652 1829 769 1881 bominns
788 1833 933 1882 sommum

132 1899 179 1953 illis
193 1903 232 1966 qui
247 1904 291 1954 hoe
304 1903 332 1954 ad
345 1903 429 1952 cultum
443 1902 569 1952 demonum
582 1899 707 1950 iaciebant.

164 1975 198 2024 bd
206 1975 329 2024 secundum
339 1973 457 2024 dicendum
467 2011 474 2035 ‚
487 1972 547 2036 qubd
557 1984 584 2022 ea
593 1984 643 2034 puae
653 1971 741 2021 fiebant
756 1971 783 2021 in
793 1973 876 2024 veteri
886 1975 934 2023 ies·
965 1995 967 2019 t

132 2044 249 2106 ternanto,
264 2043 396 2109 imperfecte
411 2047 574 2108 representem
587 2056 615 2093 ea
630 2056 682 2106 qum
700 2047 758 2094 mant
777 2044 807 2095 in
827 2050 934 2109 nore;et
965 2031 967 2137 J

132 2111 185 2163 ideo
196 2127 222 2164 ea
233 2129 283 2178 que
291 2115 406 2180 pertinent
417 2117 446 2166 ad
454 2115 567 2166 ministros
578 2114 633 2166 nori
642 2114 799 2176 Testamenti,
809 2130 863 2169 nou
871 2116 935 2168 sou·
965 2139 967 2161 ι

132 2181 317 2245 significabantur
326 2200 366 2252 per
374 2186 449 2238 officia
457 2187 597 2246 heritarum,
606 2184 725 2236 sedetiam
736 2199 784 2249 per
796 2187 935 2239 omnesiibt
965 2214 967 2249 :

134 2254 174 2320 qui
189 2255 287 2318 aliquam
301 2258 465 2322 perfectionem
477 2257 647 2322 profitebantur.
662 2257 767 2308 Nezaraei
776 2263 863 2309 autem
874 2259 935 2324 pmi-
965 2266 967 2310 !

134 2326 239 2378 iebantur
252 2328 416 2390 perfectionem
427 2329 546 2392 quamdam
558 2328 583 2377 in
596 2327 741 2399 depositione
754 2341 845 2392 pomo,
856 2328 935 2393 signi·
965 2330 967 2393 t

134 2401 211 2448 cantes
222 2398 380 2462 temporalium
390 2402 543 2464 contemptum
552 2436 560 2459 ‚
570 2399 674 2462 quamue
687 2411 735 2448 nen
749 2398 779 2448 ia
790 2401 893 2451 modam
904 2411 935 2449 ee
965 2407 967 2415 ’

133 2481 195 2520 ronae
204 2470 351 2534 deponerent,
363 2471 403 2521 sed
414 2469 507 2522 omnino
517 2472 589 2539 totum
595 2503 604 2532 ,
615 2471 668 2532 qnia
675 2470 782 2519 nondum
788 2475 936 2534 eratteupra
965 2464 966 2469 '

134 2541 216 2603 regatis
229 2544 252 2592 et
268 2541 364 2604 perieeti
377 2541 505 2592 sacerdotii.
516 2543 544 2590 Ei
558 2538 663 2590 similiter
677 2539 749 2590 etiam
760 2543 875 2594 conversi
888 2546 936 2591 ton·
965 2548 967 2555 '

134 2611 215 2662 deutur
227 2617 319 2676 propter
336 2613 527 2664 renuntiationem
542 2611 714 2675 temporalium,
734 2612 780 2662 sed
792 2625 845 2662 non
861 2614 936 2663 radm-
965 2604 967 2706 j

133 2684 177 2743 tur,
192 2684 245 2744 quia
259 2696 304 2733 non
315 2687 453 2747 oeeupaniur
465 2682 549 2732 divinis
564 2681 705 2745 ministeriis,
719 2683 743 2731 in
757 2682 850 2746 quibus
865 2683 935 2734 dirim

133 2756 236 2812 oporteat
249 2765 288 2803 eos
303 2756 377 2804 mente
391 2752 548 2816 contemplari.

162 2821 196 2870 Ad
207 2823 297 2872 tertium
308 2823 436 2885 dicendum,
446 2823 506 2886 qubd
518 2836 564 2874 uon
574 2823 648 2874 solium
658 2823 728 2874 debet
739 2823 877 2887 siguifiem
885 2830 935 2875 tem

131 2889 241 2948 paraliam
255 2892 365 2957 abjectio,
374 2894 413 2944 sed
425 2895 495 2944 etiam
506 2893 588 2957 repetis
598 2893 696 2958 barbas
709 2894 734 2944 in
748 2895 832 2947 torma
840 2909 934 2950 eorme-
