1942 3284
157 72 166 101 t

274 200 306 237 prr
320 196 425 235 errecrrr
441 196 620 235 commeretur.
801 196 846 243 6⁴5

11 276 14 285 ’
33 274 123 327 sotium
145 270 269 327 seeunddm
286 269 349 334 qued
366 270 613 337 redempturum
631 272 702 324 etiem
719 274 844 325 meddin

33 344 109 411 qudd
126 343 154 396 in
171 345 227 395 rote
243 341 352 407 hebetum
369 342 429 393 sieut
442 346 505 407 petet
517 342 544 393 irr
559 343 618 404 illie,
632 343 672 407 pri
682 345 729 408 jam
746 346 846 397 repetit·

35 415 92 467 eati
112 416 145 466 ed
163 412 299 479 baptismum
309 413 428 475 recedunt,
441 418 466 465 et
475 412 497 464 si
505 412 588 478 eripuis
600 413 788 478 impedimentum
800 429 845 467 nen

35 488 180 551 prestaret,
189 496 219 535 ex
228 483 278 549 iper
291 483 410 537 cellatione
425 483 549 550 baptimi,
562 486 656 550 gretiam
670 490 847 549 consequeretur

37 557 205 609 remittentem
216 558 324 619 peecata,
335 554 356 607 si
368 554 432 619 priirs
447 556 469 606 ei
482 555 579 609 remisse
592 568 637 607 nen
650 556 755 607 tuissent.
767 558 798 607 iit
810 557 847 607 ri-

38 628 137 679 militer
160 626 281 678 dicendum
302 631 338 679 est
356 628 386 679 de
403 626 546 679 repressione
568 628 676 693 adjuncta
693 629 845 692 absolutioni3

38 699 103 763 quie
117 696 244 750 seeundtrm
263 696 325 762 qudd
339 697 365 749 iri
384 702 438 751 rete
453 698 587 763 penitentie
606 699 736 762 precessit,
749 700 763 750 d
779 702 845 764 eripe

37 768 166 821 liberarit.
186 768 332 821 Pmtmedirm
348 773 424 821 eutem
442 768 466 821 in
483 772 536 820 artu
547 768 695 821 mrtessirntr
712 775 736 821 et
749 771 846 823 ebertu-

39 839 123 891 tionis
139 839 212 903 gratie
228 843 333 903 augetur,
344 843 370 891 et
380 840 450 891 etiem
468 839 573 893 remissio
589 844 731 903 peccaterum
746 842 845 903 deretur,

39 912 67 962 si
79 910 217 975 precedens
230 910 294 963 detor
305 912 334 962 de
344 910 447 975 pereatis
457 922 503 961 non
514 908 630 961 ruiieiepe
643 911 672 961 ad
684 910 844 963 contritionem

41 981 151 1043 iuiseet,
168 980 261 1045 etipse
279 984 336 1031 tune
352 980 440 1033 obirem
462 980 541 1044 gratie
557 981 846 1045 imprimentem

42 1052 112 1104 sicut
125 1051 155 1103 de
167 1051 279 1115 baptismo
292 1050 382 1114 dieitur,
396 1048 457 1115 qued
472 1050 554 1103 liberet
566 1048 676 1115 tmerte3
692 1051 725 1103 ita
737 1050 806 1103 etiam
817 1052 847 1103 de

42 1122 200 1175 confessione
212 1122 257 1175 dici
269 1124 354 1186 potest.

81 1192 119 1242 Ad
137 1192 234 1257 primum
248 1204 302 1257 ergo
323 1191 460 1254 dicendum,
471 1190 533 1256 quid
554 1190 661 1243 contritio
679 1190 750 1243 tradet
767 1195 847 1243 retem

45 1262 207 1317 confessionis
219 1276 332 1317 annerum
343 1276 349 1311 :
359 1265 383 1314 et
393 1262 444 1315 ideo
457 1275 485 1315 eo
497 1262 564 1314 modo
576 1262 658 1314 liberat
668 1262 684 1313 tr
694 1263 761 1328 culpe
772 1261 848 1327 peri-

44 1340 139 1397 mentes,
153 1332 213 1385 sieut
225 1333 360 1386 desiderium
369 1333 474 1398 baptismi
487 1333 642 1398 baptizandos.

83 1405 122 1456 ttd
134 1404 257 1455 urendum
267 1404 404 1464 dieendum,
416 1400 477 1466 quid
491 1403 586 1453 veniale
599 1416 645 1456 rren
658 1402 793 1455 mmituribi
805 1417 848 1468 pre

47 1476 139 1540 eulpa,
151 1475 192 1526 sed
204 1488 247 1539 pre
259 1486 326 1539 prena
338 1474 367 1525 de
380 1473 441 1525 irriti
453 1473 563 1539 expiabili
576 1489 583 1524 ε
597 1474 657 1525 unde
677 1487 724 1527 tren
735 1474 846 1538 requitur,

48 1546 115 1610 qued
134 1545 200 1610 eulpa
210 1544 236 1597 iu
248 1546 338 1609 eulpam
356 1546 509 1605 convertetur,
525 1544 566 1595 sed
584 1544 678 1608 penitis
696 1545 845 1598 annihiletur.

49 1617 141 1669 Dicitur
155 1616 216 1667 erim
228 1616 324 1667 veniale
335 1614 469 1681 tripliciter:
482 1625 530 1666 une
543 1616 621 1677 mede,
634 1626 664 1665 er
676 1628 776 1679 genere,
787 1616 848 1668 sieut
891 1615 896 1623 “

49 1688 149 1740 verbum
162 1687 273 1750 otiosum
287 1687 332 1739 elie
341 1688 423 1750 medo,
433 1698 463 1739 ex
474 1698 553 1747 muse,
566 1686 651 1747 idest,
665 1687 739 1739 venite
749 1700 842 1739 murem

49 1760 79 1811 in
92 1770 120 1811 ee
138 1757 238 1821 triens,
253 1756 313 1807 sieut
325 1760 444 1821 peecatum
461 1768 490 1806 ex
503 1755 648 1818 infirmitate3
663 1755 710 1808 elie
722 1758 804 1818 mede,
818 1769 847 1809 er

51 1832 154 1889 ererrtr,
165 1828 225 1880 sicut
240 1828 279 1877 irie
293 1825 480 1892 accipitrumque
496 1839 539 1891 per
550 1826 717 1877 contessionem
728 1827 773 1879 hee
786 1839 846 1879 ere·

51 1900 104 1963 rrit,
118 1898 218 1962 quidde
230 1897 296 1963 eulpa
313 1897 427 1962 preterita
440 1898 509 1949 home
522 1896 610 1949 reniam
622 1900 782 1961 misequitur.

214 2084 224 2139 1
348 2074 510 2127 reticueris
523 2075 553 2126 ΙΙ.

161 2200 247 2269 {lirim
256 2200 368 2255 censerem
377 2199 460 2243 liberet
469 2200 551 2255 aliptae
565 2199 633 2243 motio
643 2199 659 2242 d
673 2211 747 2252 poerra.

89 2328 123 2380 td
139 2326 260 2377 seeundum
278 2324 312 2374 eie
328 2322 469 2388 prepeditum
482 2322 577 2374 Videtur
590 2320 651 2385 ‹prtd
672 2322 786 2375 wnieseie
800 2337 844 2373 perr

54 2399 138 2452 liberet
154 2396 229 2459 atique
242 2394 309 2445 modo
321 2392 335 2443 t
348 2405 415 2457 poene
435 2406 441 2441 :
455 2392 511 2457 quia
524 2394 617 2455 pemete
630 2403 677 2443 neri
690 2392 785 2443 debetur
801 2392 847 2443 nist

55 2480 125 2537 peene
138 2470 220 2519 eterna
232 2468 270 2517 rei
282 2463 421 2528 temporetis.
434 2461 480 2513 Sed
500 2474 567 2525 ptem
579 2464 663 2513 eterna
676 2475 717 2527 per
729 2462 846 2514 contritie

56 2552 113 2594 nem
129 2537 259 2598 diminitum
275 2548 341 2598 perra
360 2538 435 2584 eutem
453 2531 586 2594 temperetis
604 2532 844 2595 pereatistactierrem.

55 2613 118 2674 Ergo
126 2621 165 2673 per
173 2604 340 2657 contessionem
351 2605 408 2654 nitrit
419 2604 542 2655 dimittitur
553 2606 582 2652 de
592 2615 667 2665 prena.

89 2684 114 2731 2.
134 2680 261 2739 Preterea,
278 2677 381 2728 voruntas
400 2688 441 2741 pre
461 2674 523 2725 tacte
545 2677 671 2737 reputetur,
684 2677 710 2723 ut
729 2670 754 2722 irr
772 2671 848 2723 littera

57 2751 157 2810 dicitur(
165 2746 209 2799 Ν.
222 2746 300 2802 Sent„
315 2746 370 2797 dist.
386 2744 435 2808 tt)
450 2744 497 2811 (i).
511 2744 605 2795 sedite
620 2743 659 2806 pri
671 2742 782 2793 contritus
799 2750 847 2793 est-

93 2893 127 2958 (1)
139 2890 310 2947 AEqutreterrter
322 2892 365 2935 sub
383 2890 419 2935 iris
430 2889 508 2935 verbis
522 2901 529 2935 z
548 2888 633 2933 Votum
648 2899 696 2943 pre
709 2888 850 2944 operatione
