1942 3284
265 192 297 230 un
311 190 467 232 SAGRAUBNTO
483 191 652 232 mirantia.
819 181 864 230 m

125 464 387 533 TRAGTATUS
404 470 461 530 DE
479 466 792 532 steatomatis,

383 615 537 664 (Contiunttio).

282 800 449 870 OUAESTIO
465 801 634 866 LXXXIV.

80 941 121 987 Da
133 943 282 986 tauromenio
293 941 456 997 poenitentioe,
469 942 500 986 io
512 941 591 986 decem
602 943 721 988 articulos
738 945 827 991 diviso.

87 1090 260 1152 consequenter
270 1086 454 1136 considerandum
466 1089 539 1138 estde
552 1092 692 1139 monumento
704 1091 851 1153 poenitentia.

51 1161 127 1212 Circa
142 1159 202 1223 quod
213 1156 285 1223 primi
299 1157 485 1208 considerantum
499 1161 535 1209 esi
550 1159 579 1210 tie
589 1158 640 1222 ipsa
652 1160 802 1225 ponitentin3
816 1175 853 1218 se·

52 1230 149 1290 eundi,
168 1230 196 1281 de
210 1229 292 1280 eiecto
301 1227 386 1293 ipsius3
399 1227 475 1292 tertii,
486 1230 516 1280 de
532 1229 635 1294 partibus
644 1232 708 1295 ejus3
724 1232 813 1296 puto,
824 1233 853 1285 de

51 1300 238 1365 suscipientibus
250 1301 295 1351 hoo
306 1303 485 1363 sacramentum
499 1300 593 1363 quinti,
607 1301 636 1351 de
649 1305 760 1365 potestate
773 1304 852 1354 urinu-

50 1378 146 1424 trorum
162 1382 214 1434 qua
227 1370 254 1420 ad
265 1370 340 1420 nares
353 1369 481 1432 pertinent3
497 1369 575 1433 sexti,
588 1371 617 1421 da
626 1370 769 1423 solemnitate
782 1374 852 1438 hujus

51 1441 204 1494 sacramenti.
367 1465 370 1469 ·

84 1513 157 1564 Circa
166 1511 263 1576 primum
276 1510 320 1562 duo
334 1509 496 1562 oonsiderauia
508 1517 578 1562 sunt:
591 1511 666 1576 primi
681 1514 852 1578 iepoeoiteutia

51 1583 184 1637 secundini
206 1581 266 1646 pitto
283 1585 319 1633 est
342 1583 520 1645 sacramentum
538 1581 651 1647 secundi,
668 1584 697 1634 de
717 1585 851 1648 poenitentia

50 1653 183 1708 secundini
197 1652 257 1717 quiid
267 1652 393 1704 estvirtus.

83 1724 154 1776 cirea
169 1723 265 1787 primum
278 1725 407 1786 queruntur
418 1723 515 1774 decem:
532 1724 559 1770 1⁰
575 1720 654 1773 Utrum
664 1721 799 1787 punitentia
819 1724 851 1775 nit

52 1799 232 1850 sacramentum.
246 1797 273 1844 2⁰
283 1795 315 1844 tte
324 1795 412 1858 propria
423 1793 517 1844 materia
526 1793 584 1857 ejus.
600 1797 626 1842 8⁰
640 1795 672 1844 ite
685 1793 848 1858 formaipsiue.

52 1870 81 1916 40
95 1865 179 1919 Utrim
196 1863 311 1929 impositio
329 1864 410 1914 manis
426 1863 553 1928 requiratur
573 1863 602 1914 ad
619 1864 664 1914 hou
674 1869 848 1917 sacamentum.

52 1941 80 1987 5⁰
96 1935 180 1988 Uirium
194 1936 238 1986 hoo
252 1939 415 1986 aeramentum
428 1934 458 1984 sit
475 1933 504 1984 de
519 1933 653 1984 necessitate
670 1932 759 1986 salutis·
777 1939 804 1984 60
817 1935 849 1986 ite

53 2007 136 2058 ordine
151 2005 202 2070 ejus
214 2006 242 2056 ad
252 2004 297 2056 alin
308 2008 453 2055 aeramenta.
467 2007 495 2054 t⁰
505 2004 537 2054 lie
546 2002 688 2056 institutione
704 2005 763 2068 ejus.
778 2009 805 2056 8·
815 2005 849 2056 lie

54 2077 177 2128 duratione
195 2075 278 2141 ipsius.
292 2079 320 2124 90
331 2074 363 2125 lte
379 2073 530 2126 continuitate
544 2074 604 2137 ejus.
622 2076 665 2124 1οο
679 2075 757 2126 Utrim
775 2077 849 2141 possit

52 2147 143 2198 iterari.

358 2251 517 2303 atticotos
531 2252 552 2301 Ι.

229 2373 315 2420 Uirium
323 2373 501 2430 poenitentiarii
509 2377 693 2420 momentum.

87 2503 122 2554 tu
131 2501 229 2567 primurn
242 2499 276 2550 sio
285 2497 414 2564 proceditur
424 2496 469 2563 (i).
484 2496 577 2548 Videtur
584 2496 646 2562 qnod
658 2497 794 2562 punitentia
802 2511 849 2550 nou

54 2573 86 2624 sit
104 2574 280 2624 sacramentum.
299 2567 420 2632 Gregorius
444 2568 506 2618 euim
523 2567 592 2629 dicit,
606 2573 631 2618 et
649 2569 744 2620 habetur
761 2570 787 2620 io
802 2570 849 2620 De·

54 2647 128 2701 oret..
138 2646 158 2705 l,
168 2657 208 2707 qu.
222 2646 235 2692 1
246 2658 252 2690 ε
264 2642 431 2692 «sacramenta
441 2644 496 2691 sunt
506 2638 641 2702 baptismus,
654 2639 759 2700 abruma,
768 2652 849 2703 eorpus

55 2719 79 2764 et
88 2713 181 2778 sanguis
194 2711 292 2774 Christi,
312 2725 363 2776 qua
376 2711 405 2762 ob
419 2709 443 2761 iu
458 2713 598 2762 sacramenta
611 2709 725 2773 dicuutur,
738 2709 792 2773 quia
805 2711 847 2762 suit

90 2820 121 2882 it)
136 2825 169 2868 De
185 2821 221 2864 iris
237 2821 306 2865 utiam
316 2821 350 2864 lv
369 2817 447 2867 Seni..
459 2818 512 2864 dist.
533 2814 572 2875 ii,
583 2829 624 2874 qu.
639 2818 664 2875 1,
683 2823 726 2863 nrt.
747 2817 772 2869 1;
788 2823 814 2863 ut
824 2825 848 2863 et

56 2884 109 2928 dist.
120 2884 160 2942 22,
173 2893 213 2938 qu.
225 2881 249 2940 ἢ,
261 2880 486 2938 ansquetinus.
507 2879 533 2924 Ξ.
