1942 3284
134 181 165 228 82
330 189 392 228 rana
410 190 451 239 ιιι,
464 187 558 235 nonar.
574 187 630 244 ary,
643 187 698 226 aar.
714 189 732 225 ι.

135 268 198 332 fidei
206 304 213 324 ,
228 270 288 332 part.
309 267 366 330 llll,
382 279 434 330 cap.
452 265 510 328 td),
524 263 592 328 dicit,
607 263 667 328 qnod
688 263 827 316 sacramenta
844 260 923 312 renas
948 247 949 332 J

132 341 192 404 legis
206 340 298 390 inerunt
311 337 449 398 oblationes,
459 336 553 388 decimae
567 340 591 388 et
606 335 723 388 sacrificia.
739 335 782 386 Sed
795 335 923 386 sacrificinm
948 333 949 388 ι

133 410 239 463 Ecclesiae
261 415 297 462 est
315 425 387 461 nuum
403 412 582 472 sacramentnm,
598 411 657 472 qnod
678 408 761 460 dicitnr
779 405 924 458 Eucharistia.
948 405 949 472 ζ

96 523 99 528 .
132 484 192 546 lingo
208 484 276 534 etiam
289 483 414 534 oblationes
433 491 457 534 et
473 481 566 532 decimae
580 482 662 532 debent
675 481 719 532 dici
733 482 882 532 sacramenta.
948 481 949 546 l

165 560 188 604 8.
203 555 330 617 materen,
347 553 390 604 tria
405 556 459 604 snut
470 567 553 617 genera
565 557 709 617 peccatorum
724 551 861 616 :originale
871 563 924 601 mor·
948 547 949 622 p

133 628 179 680 tale
191 630 215 677 et
227 627 324 679 venula.
338 628 382 678 Sed
395 630 475 678 contra
488 625 598 689 originale
612 629 731 689 ‘peecatum
745 624 862 676 ordinatur
872 624 923 686 bap·
948 625 949 690 l

133 700 228 762 tismns,
248 703 325 750 mntra
339 699 433 750 mortale
453 701 530 750 auteur
543 697 687 761 paenitentia.
702 698 761 760 Ergo
775 697 868 747 deberet
881 706 925 746 essa
948 693 949 744 ἶ

133 770 194 821 alind
206 774 290 834 preter
299 774 402 835 septem,
414 771 474 834 qnod
491 769 606 822 ordinetur
617 773 695 820 contra
706 768 805 819 reniale.
948 751 949 832 l

167 843 327 904 (Concansro.
345 869 376 880 -
392 841 563 893 convenienter
582 843 695 904 pounutnr
715 842 803 903 septem
820 838 924 890 Ecclesia
948 837 949 904 p

132 919 273 966 sacramenta
288 930 294 965 :
309 915 451 979 baptismus,
466 913 616 976 confirmatio,
627 911 771 972 eucharistia,
783 912 923 976 paenitentia,
948 905 949 972 l

133 987 200 1049 ordo,
214 987 392 1050 matrimonium,
404 985 609 1049 extrema-unctio,
620 986 704 1049 quibus
714 985 782 1036 homo
793 983 925 1036 sufficienter
948 975 949 1010 l

132 1058 247 1123 perficitur
259 1058 285 1110 in
298 1059 334 1109 tris
345 1073 396 1123 qna
409 1058 524 1123 pertinent
540 1059 569 1109 ad
583 1057 688 1109 diuinum
700 1056 801 1122 cultum,
818 1062 843 1108 et
859 1059 927 1108 corna

132 1132 246 1182 detectum
259 1130 349 1196 peccati
360 1132 520 1184 communiter.
532 1131 542 1196 l

163 1203 300 1267 Respondeo
311 1203 447 1266 dicendum,
458 1202 532 1266 quod,
543 1202 603 1252 sicut
611 1202 679 1267 snpra
690 1201 824 1253 dictumest
835 1202 881 1265 lqu.
892 1203 926 1259 dl,
948 1249 949 1252 ,

132 1276 176 1324 art.
191 1275 217 1338 3,
226 1277 250 1324 et
264 1287 304 1338 qu.
321 1276 360 1336 63,
376 1278 419 1323 art.
429 1278 443 1324 1
454 1274 472 1338 ),
483 1277 624 1324 sacramenta
638 1273 744 1324 Ecclesia
759 1273 893 1323 ordinantur
904 1270 926 1319 ad
948 1253 949 1338 Ῑ

134 1346 198 1408 dno,
209 1343 297 1395 scilicet
315 1344 343 1393 ad
361 1345 522 1407 pertinendum
536 1344 651 1396 hominem
665 1345 689 1394 in
700 1344 736 1395 tris
752 1357 804 1407 qnae
819 1343 928 1408 pertinent
948 1341 949 1412 l

134 1417 163 1467 ad
177 1417 262 1467 cultum
272 1415 313 1467 oet
327 1415 453 1466 secundum
463 1415 596 1480 religionem
608 1415 737 1466 clarintianae
747 1415 813 1477 nita,
828 1419 852 1466 et
865 1414 927 1464 etiam
948 1413 949 1486 ι

133 1487 158 1536 in
175 1486 299 1537 remedium
317 1485 396 1537 contri
416 1487 530 1537 delectum
549 1487 643 1551 peccati.
659 1489 759 1551 Utroque
774 1489 852 1538 antem
868 1484 928 1535 modo
948 1489 949 1578 p

133 1558 294 1610 convenienter
312 1562 428 1622 ponuntur
449 1560 537 1621 septem
554 1562 704 1610 armamenta.
719 1558 771 1608 Vita
788 1559 852 1608 enim
869 1554 928 1620 spiri·
948 1583 949 1598 ι

134 1629 201 1682 taralis
214 1630 395 1683 conformitatem
404 1630 503 1693 aliquam
513 1631 582 1682 hahet
591 1632 620 1682 ad
630 1631 701 1681 vitam
712 1629 862 1694 corporalem,
874 1628 928 1679 sicut

134 1707 158 1754 et
167 1706 248 1754 cetera
260 1703 384 1768 corporalia
395 1701 578 1754 conformitatem
591 1702 712 1766 quamdam
727 1701 879 1766 spiritualium
891 1701 926 1748 ha·

133 1772 197 1824 hent.
208 1775 235 1824 ln
249 1775 298 1824 nita
308 1779 384 1826 autem
395 1775 505 1839 corporali
518 1774 637 1838 dupliciter
649 1773 731 1838 aliquis
744 1773 869 1837 perlinitur.
885 1771 927 1820 Uno

133 1845 200 1895 modo
210 1843 320 1910 quantiam
332 1846 361 1894 ad
374 1858 495 1908 personam
509 1845 634 1910 propriam3
649 1845 693 1896 alio
707 1845 773 1896 modo
786 1857 829 1908 per
840 1854 927 1906 respee·
948 1861 949 1902 p

133 1920 182 1967 tum
200 1916 228 1966 ad
247 1919 318 1967 totam
338 1915 523 1967 communitatem
543 1916 670 1973 societatis,
690 1916 716 1967 in
733 1929 777 1979 qna
791 1903 865 1980 vivit}
881 1912 927 1978 qnia
948 1923 949 1974 ι

135 2006 149 2037 u
163 1990 230 2040 tomo
243 1989 373 2040 naturaliter
388 1993 424 2040 est
436 1990 521 2040 animal
538 1989 621 2041 sociale
636 1990 680 2054 (l).
696 2005 710 2038 n
725 1991 841 2052 Respecto
858 1991 927 2038 autam
948 1987 949 2054 p

133 2059 270 2124 suiipsius,
289 2059 403 2124 pertioitnr
414 2061 482 2112 lromo
500 2060 524 2109 in
541 2061 589 2111 nita
601 2061 711 2124 corporali
730 2059 870 2124 dupliciter:
885 2068 927 2108 nno
948 2065 949 2120 l

135 2133 201 2183 modo
216 2144 259 2196 per
274 2145 315 2196 se,
326 2132 461 2196 acquirendo
474 2132 562 2184 scilicet
576 2132 673 2198 aliquam
687 2130 739 2182 nitar
752 2131 926 2196 perlectionem
948 2161 949 2196 3

134 2203 178 2255 atio
187 2205 254 2255 modo
267 2217 308 2268 per
319 2203 439 2267 accidens,
451 2203 538 2256 sedicet
551 2204 689 2256 remanendo
697 2203 861 2268 impedimenta
870 2202 926 2261 nita3
948 2201 949 2262 j

169 2356 200 2419 (ι)
215 2360 244 2404 ln
255 2359 297 2404 litt.
316 2361 336 2406 Ι.
355 2359 441 2410 Potae,
459 2371 512 2416 cap.
534 2358 562 2417 Ξ,
582 2359 721 2407 Aristoteles
740 2363 864 2417 postquam
879 2353 949 2402 (liniti

136 2421 254 2469 ciuitatem
267 2422 396 2468 institutam
409 2435 461 2470 esse
474 2423 537 2468 utin
550 2435 579 2468 ea
592 2422 654 2469 head
666 2423 745 2468 vivont
758 2421 879 2478 homines,
894 2418 930 2464 ad·

135 2484 169 2529 dit
186 2502 192 2529 :
206 2485 246 2531 nu
260 2485 299 2530 late
312 2486 394 2543 ipitur
404 2489 472 2547 potet
485 2487 607 2532 ca'ottotem
620 2499 651 2532 aar
663 2486 697 2531 ιιι
711 2497 758 2530 caue
772 2496 824 2542 poan
837 2488 930 2530 maure
948 2479 949 2536 ξ

133 2552 191 2594 aaut
205 2544 244 2608 (id
258 2553 294 2592 cst
307 2561 358 2606 qnae
371 2548 400 2594 ad
413 2554 520 2594 naturam
537 2555 642 2605 spectant
653 2549 690 2594 nel
701 2554 788 2593 natnrm
802 2544 928 2592 conformia
948 2571 949 2578 ι

136 2617 190 2656 sunt
207 2614 253 2670 ,att
267 2617 288 2656 et
301 2610 364 2670 quod
380 2612 448 2656 tomo
463 2614 556 2658 acturo
568 2615 615 2657 end
628 2615 660 2657 est
674 2609 768 2656 ootmnl
780 2609 853 2656 ciot'le
866 2608 926 2669 (sine
948 2645 949 2652 ,

136 2673 165 2718 ad
179 2673 298 2731 politicam
318 2674 355 2719 nel
373 2675 464 2720 ciuilem
479 2676 615 2721 societatem
628 2671 733 2735 natum).
749 2677 777 2720 ιιι
791 2674 836 2731 qut
848 2671 930 2728 clepus
948 2679 949 2714 ῑ

135 2737 232 2783 deitate
246 2740 279 2782 eet
289 2743 336 2794 per
354 2742 487 2788 notarem,
502 2751 552 2783 oon
567 2749 615 2795 per
627 2739 769 2797 fortunam,
783 2739 827 2781 out
839 2743 930 2793 monna
948 2775 949 2778 ,

135 2803 184 2849 eat,
203 2803 246 2844 cut
256 2800 340 2857 potior
358 2801 431 2857 quaint
451 2801 529 2846 domo.
544 2801 584 2846 an
596 2813 643 2858 pato
660 2803 726 2858 potet
739 2799 827 2844 accinta
839 2793 929 2843 animat

135 2861 257 2908 tamtam
265 2875 330 2919 ctae,
339 2864 415 2911 mutto
426 2863 505 2923 nepta
518 2865 591 2924 wdone
605 2876 660 2922 uper
672 2864 866 2912 emanantem
879 2869 929 2918 pre·
948 2883 949 2894 ι

135 2927 237 2980 parium
247 2926 353 2974 onim.
