1942 3284
120 157 165 205 ets
264 165 464 214 snrrssrrssruu,
480 163 573 208 nnusr.
591 164 642 212 xc,
662 163 725 201 sur.
744 163 771 202 v.

118 245 163 296 hnc
173 241 233 308 qudd
245 242 302 292 alios
314 240 429 290 ministros
438 239 546 302 instituit,
556 241 580 290 et
593 238 735 290 Ecclesiam
746 238 865 290 fundavit.
873 238 930 290 uns

120 314 149 364 ad
159 313 295 378 Episcopum
308 312 405 377 pertinet
420 309 550 374 mancipare
560 309 651 373 aliquid
661 310 757 361 divims
768 310 864 372 officis,
872 310 932 374 qussi

121 386 207 436 cultum
220 383 321 434 divinum
335 383 362 432 ad
373 379 547 431 similitudinem
559 380 648 431 Christi
660 384 776 432 statuens
790 398 798 430 :
811 384 836 432 et
849 385 935 447 propter
970 411 971 414 =

120 455 164 506 hnc
175 453 242 504 etiarn
251 453 370 518 episcopus
378 450 510 516 specialiter
518 468 533 499 o
541 463 641 515 sponsus
648 451 770 503 Ecclesiae
779 468 796 500 n
806 449 938 514 diciturttt,

122 527 213 577 sicutet
225 525 323 576 Christus
334 523 402 588 (utin
412 524 535 585 Decretis,
550 521 624 574 Causd
632 524 683 581 Vll,
698 538 745 588 qu.
758 527 785 589 t,
798 538 855 589 cap.
869 525 937 576 Secut

124 597 246 656 alterius,
259 595 362 647 calixtus
380 597 441 659 Papa
453 608 507 645 eum
517 598 609 657 vocat.)

417 777 576 828 torrentes
593 777 622 826 V.

340 902 426 948 (iterim
446 902 634 958 episcopatem
648 901 721 946 orde.

155 1029 189 1080 td
207 1028 312 1092 quintum
333 1029 366 1078 sic
383 1026 520 1092 proceditur.
535 1026 630 1077 Videtur
648 1026 713 1090 qudd
738 1028 899 1094 episcopatus
916 1033 941 1082 st
970 1031 971 1120 i

12 1147 20 1164 ,
123 1100 187 1151 ordo.
198 1099 284 1158 Primd,
293 1114 332 1164 per
342 1101 385 1148 troc
396 1098 457 1161 quod
470 1096 594 1161 ttionpsius
608 1096 716 1161 assignat
731 1099 780 1150 hos
793 1104 846 1152 tres
854 1102 940 1152 odire

124 1170 283 1222 ecclesiastice
299 1169 444 1231 hierarchis,
460 1167 608 1231 episcopum,
628 1169 801 1232 sacerdotem,
822 1178 848 1222 et
866 1173 940 1222 minis

124 1247 191 1294 trum.
210 1245 236 1294 tu
249 1243 324 1292 littera
335 1242 405 1292 etiam
418 1239 500 1290 dicitur
515 1240 555 1304 (IV
569 1241 650 1297 seut„
667 1240 727 1290 dist.
748 1242 810 1307 at),
831 1245 897 1308 quod
911 1256 940 1296 ee
969 1272 970 1317 p

125 1333 140 1364 o
156 1317 209 1367 ordo
224 1315 380 1378 episcoporum
403 1310 588 1375 quadripartitus.
598 1327 612 1357 p

155 1390 179 1435 Ω.
198 1387 325 1444 Preterea,
339 1383 394 1434 ordo
407 1382 464 1432 nihil
481 1383 542 1432 atiud
555 1386 603 1447 est,
615 1383 683 1446 quim
698 1383 803 1448 quidem
818 1388 939 1451 potestatis

124 1457 207 1521 gradus
217 1456 241 1505 iu
251 1449 407 1520 spiritualibus
418 1453 584 1520 dispensandis.
597 1455 642 1504 Sed
654 1454 763 1520 episcopi
777 1465 887 1522 possunt
896 1461 937 1510 dis

123 1541 220 1592 pensare
233 1527 306 1592 aliqua
320 1531 529 1590 sacramentaque
543 1539 589 1576 uon
601 1531 699 1592 possunt
713 1531 871 1594 secerdotes,
885 1533 938 1582 seut
969 1524 970 1527 ’

124 1599 324 1651 Confirmatiouem
337 1603 359 1649 et
372 1598 488 1650 Ordinem.
503 1599 562 1660 Ergo
580 1597 730 1663 episcopatus
742 1605 785 1651 est
794 1603 867 1654 ordo.

159 1676 182 1722 3.
193 1673 312 1733 preterea,
325 1671 349 1720 iu
362 1670 463 1721 Ecclesia
475 1683 522 1721 non
535 1673 572 1720 est
588 1669 666 1734 aliqua
679 1671 819 1735 spiritualis
838 1679 937 1738 potestis

126 1741 172 1793 nisi
186 1759 200 1790 o
216 1741 301 1793 ordinis
320 1742 356 1792 vel
368 1740 542 1806 jurisdictionis.
564 1758 578 1788 u
591 1742 636 1792 Sed
650 1754 677 1792 ea
695 1756 749 1805 que
769 1745 898 1806 pertinent
911 1747 936 1796 ad

127 1813 277 1878 episcopatem
289 1816 432 1876 potestatem,
445 1825 493 1862 non
508 1815 562 1862 sunt
576 1811 751 1875 jurisdictionis,
763 1815 831 1866 ali'as
846 1823 937 1880 possent

129 1884 240 1936 committi
253 1897 299 1935 non
314 1885 429 1948 episcopo,
439 1883 501 1946 quod
513 1883 596 1935 falsum
606 1886 651 1933 est.
661 1883 723 1945 Ergo
738 1890 799 1934 suut
815 1889 937 1950 potestntts

128 1955 222 2006 ordinis.
237 1957 296 2016 Ergo
319 1955 440 2019 episcopus
462 1954 529 2004 habet
551 1953 647 2016 aliquem
665 1953 772 2005 ordinem
797 1971 876 2020 quem
896 1972 937 2010 nn

128 2027 196 2077 hahet
209 2028 311 2077 sacerdos
324 2026 428 2090 simplex,
446 2028 469 2076 et
477 2026 512 2074 sic
524 2025 667 2090 episcopatus
679 2029 716 2075 cst
728 2027 801 2077 ordo.

159 2097 203 2148 Sed
217 2101 294 2148 contra
306 2101 350 2158 est,
365 2097 423 2161 quod
438 2111 497 2147 uuus
505 2098 559 2148 ordo
571 2109 617 2147 nou
630 2097 775 2160 dependetd
791 2103 937 2162 precedenti

127 2167 235 2230 quantun
251 2169 278 2219 ad
289 2167 449 2220 necessitatem
462 2168 607 2218 sacramenti.
616 2166 663 2217 Sed
674 2166 822 2232 episcopalis
836 2175 937 2234 potestas

128 2237 240 2301 dependet
257 2239 270 2288 d
284 2237 430 2302 sacerdotali,
446 2239 498 2301 quia
515 2237 590 2288 nullus
603 2240 678 2301 potest
691 2238 801 2302 recipere
815 2241 938 2307 episcopa

128 2310 173 2359 lem
187 2310 338 2372 potestatem,
352 2309 397 2360 nisi
408 2307 470 2372 prids
482 2308 567 2359 haheat
577 2306 751 2358 sacerdotalem.
764 2309 832 2374 Ergo
846 2312 937 2376 episco-

127 2384 194 2444 patus
205 2390 250 2428 non
261 2383 297 2429 est
310 2379 374 2430 ordo.

159 2451 277 2513 Praeterea,
287 2449 385 2513 majores
395 2450 486 2501 ordines
500 2463 547 2500 nou
556 2449 703 2500 conteruntur
714 2445 802 2498 nisiiu
816 2451 936 2504 εαὴὴιῡς

127 2521 171 2572 Sed
188 2520 320 2585 episcopalis
332 2525 433 2585 potestas
448 2521 543 2572 traditur
562 2522 586 2570 in
597 2519 722 2571 Dominicis
737 2521 774 2580 (nt
786 2522 938 2576 statuituria

125 2593 235 2655 Decretis,
251 2594 304 2644 dist.
319 2597 359 2657 75,
379 2605 429 2658 esp.
446 2593 641 2651 Ordinationes,
652 2604 682 2641 ex
696 2591 829 2656 Anactetn,
844 2599 872 2646 et
886 2611 935 2661 erp.

128 2664 200 2724 Quod
214 2665 257 2714 die
270 2665 410 2722 Domtnr'eo,
425 2677 454 2715 er
468 2665 544 2715 Leone
554 2664 584 2728 l).
600 2663 661 2726 Ergo
674 2674 722 2714 uon
736 2666 774 2713 cst
788 2665 860 2716 ordo.

126 2811 312 2934 ruffinam
323 2815 396 2867 deusd
407 2820 453 2880 vt,
464 2830 506 2876 qn.
520 2818 549 2876 l,
563 2815 695 2875 capseel
709 2817 838 2876 nunes,
855 2822 937 2868 Galim
