1942 3284
113 135 158 187 stt
247 143 450 195 sarrmummr,
464 143 561 192 omnen
578 143 673 194 nnn,
685 143 749 184 aar.
763 144 787 183 n

349 360 515 430 admstlo
533 359 683 425 XXXIII.

116 499 151 550 De
163 504 291 548 iteratione
306 503 382 560 trojae
398 503 559 550 sacramenti,
573 503 603 546 io
616 501 680 546 datos
693 501 829 548 articulos
841 499 929 547 dt'oe’u·

149 651 234 702 Deinde
253 650 442 701 considerandum
456 653 491 700 est
505 649 533 701 de
546 649 670 701 iteratione
687 652 765 715 hujus
779 651 931 701 sacramenti.

150 721 214 772 Circa
233 722 293 785 quod
311 725 443 786 queruntur
460 723 506 774 dno
520 725 568 772 :1⁰
584 721 665 772 Umdnr
684 723 734 772 hoe
757 727 931 774 saemmentnn

118 792 199 844 debeat
211 792 296 844 iterari.
307 797 334 842 2⁰
345 793 425 844 Utrdm
435 793 461 843 in
473 794 554 844 eadem
564 792 696 844 infirmitate
709 795 801 846 debeat
811 794 903 846 iterari

417 971 581 1024 martenius
597 972 615 1022 Ι.

256 1098 341 1144 Utsdm
348 1098 390 1142 doc
399 1101 577 1142 sacramentam
586 1097 668 1142 debeat
681 1097 783 1142 iterari.

155 1225 188 1276 td
202 1223 300 1288 primum
310 1225 344 1274 sid
358 1223 496 1287 proceditur.
508 1221 603 1273 Videtur
613 1222 676 1287 qndd
685 1224 742 1284 {hod
758 1228 931 1274 moramentu
965 1250 967 1255 ,

124 1309 171 1348 non
185 1295 265 1346 debeat
283 1293 377 1344 iterari:
390 1293 448 1352 Quia
461 1293 551 1356 dignior
565 1298 600 1344 eet
614 1293 707 1355 unctio,
725 1307 782 1356 qna
793 1294 824 1344 fit
835 1295 929 1356 homi,
965 1292 967 1337 ἑ

124 1365 192 1430 mam
204 1379 254 1428 qna
265 1366 290 1416 m
300 1365 379 1429 lapidi.
388 1365 433 1416 Sed
443 1366 522 1415 unctio
531 1363 609 1415 altaris
620 1377 668 1414 non
677 1365 790 1429 iteratur,
801 1366 855 1416 nisi
863 1367 929 1416 altare
965 1375 967 1385 ·

68 1487 72 1495 ,
121 1437 180 1488 illud
190 1436 286 1486 tractum
296 1437 364 1488 fuerit
375 1439 471 1501 (nteap
482 1436 514 1486 Si
522 1439 636 1494 motum,
644 1435 699 1486 dist.
710 1437 741 1498 11,
751 1438 792 1486 De
803 1438 927 1498 conseer„

125 1505 248 1571 habetur).
266 1509 324 1572 Ergo
342 1521 384 1559 neo
400 1508 476 1559 unedo
492 1511 607 1568 extrema,
624 1521 675 1570 qua
693 1506 822 1559 adhibetur
834 1507 927 1570 domni,

124 1581 193 1633 debet
205 1579 291 1632 iterari.

156 1657 179 1702 Ξ.
194 1653 321 1716 Praeterea,
333 1654 385 1714 past
398 1653 527 1702 extremum
539 1650 599 1701 nihil
611 1655 656 1701 est.
674 1651 723 1701 Sed
736 1651 790 1702 haee
801 1652 884 1703 unam
895 1650 927 1701 di-

128 1724 187 1776 eitur
200 1729 310 1776 extrema.
328 1725 386 1787 Ergo
404 1736 451 1775 non
468 1722 537 1773 debet
550 1722 635 1773 iterari.

156 1795 202 1846 Sed
220 1797 314 1846 contra:
331 1794 377 1844 Hae
390 1797 556 1844 sacramentnm
573 1798 610 1844 est
624 1794 730 1857 qondam
744 1795 878 1858 spiritualis
892 1807 926 1844 st

125 1866 183 1918 ratio
204 1879 246 1930 per
265 1867 357 1918 modum
374 1865 498 1930 corporalis
515 1865 640 1916 curationis
653 1864 767 1916 exhibita.
780 1867 832 1918 Sed
848 1866 927 1917 cunda

126 1939 250 2002 eorpormis
263 1940 363 1990 iteratur.
372 1938 432 2000 Ergo
445 1942 468 1989 et
481 1939 525 1990 troo
537 1942 704 1988 sacramentnm
718 1937 804 1988 iterari
813 1943 901 2004 potest.

128 2048 136 2054 .
159 2011 321 2070 (Coucnnsro.
334 2036 364 2048 -
378 2011 549 2061 Sacramentum
569 2011 633 2069 hoe,
646 2008 700 2059 edm
718 2009 837 2060 eflectum
849 2022 929 2075 perpe·

123 2081 189 2129 tunm
203 2093 250 2132 non
263 2081 357 2144 habeat,
368 2080 419 2132 sine
437 2081 473 2131 eui
489 2081 565 2145 aliqua
577 2080 662 2144 injuria
676 2079 756 2132 Iterari
767 2082 882 2145 potest.)
965 2128 966 2133 ,

132 2181 135 2188 ·
158 2151 294 2214 despondeo
310 2152 445 2217 dicendum,
457 2152 518 2217 qnod
537 2151 624 2202 nullum
640 2153 821 2217 sacramentale,
835 2166 883 2204 neo
897 2164 930 2202 rr·

126 2224 267 2274 aramentum
284 2223 345 2286 quod
363 2223 432 2274 habet
449 2223 557 2274 effectum
573 2224 726 2286 perpetuum,
741 2223 816 2274 debet
830 2223 928 2275 iterem:
965 2260 967 2274 ι

126 2292 180 2356 quia
195 2293 350 2344 ostenderetur
366 2297 533 2346 sacramentum
550 2305 597 2344 nan
607 2292 682 2344 fnisse
700 2294 785 2344 efficax
799 2296 831 2346 ad
842 2296 931 2346 memn-

128 2366 183 2416 dnm
197 2364 260 2416 illurn
274 2365 397 2430 edeotnm3
412 2367 482 2418 etsie
495 2365 561 2418 fieret
574 2365 660 2430 injuria
671 2364 705 2414 iili
714 2371 879 2418 mmamento.
892 2366 929 2416 Se

128 2440 268 2490 aramentum
279 2439 354 2488 antem
367 2439 426 2502 quod
443 2438 513 2488 habet
521 2437 626 2488 edesium
638 2449 685 2486 non
695 2440 932 2502 perpetuumpoten

126 2509 207 2562 iterari
215 2507 263 2560 sine
275 2508 366 2573 injuria,
381 2513 407 2560 ut
421 2509 518 2560 effeetus
530 2507 662 2573 deperditus
673 2507 760 2559 iteratd
770 2514 930 2574 remiperetur.

128 2581 158 2632 m
172 2582 226 2646 quia
237 2581 321 2632 sanitas
334 2581 435 2644 eorporis
450 2584 473 2632 et
483 2579 574 2642 menide,
585 2593 638 2644 qua
648 2583 686 2631 est
693 2579 793 2631 edemus
808 2581 884 2646 hujus
896 2593 932 2631 aa·

128 2653 252 2715 ammenti,
272 2657 347 2717 potest
369 2653 443 2703 amitti
466 2656 588 2717 postquam
608 2651 677 2702 fuerit
701 2665 744 2735 per
763 2657 933 2706 sacramentum

127 2723 226 2786 effecta,
238 2725 289 2776 ideo
303 2726 346 2776 hoe
357 2727 522 2775 sacramentum
536 2724 586 2774 eine
599 2721 656 2774 sni
650 2723 737 2788 injuria
752 2727 837 2789 potest
846 2724 930 2776 iterari

159 2794 193 2843 td
203 2795 301 2858 primum
313 2807 366 2858 ergo
377 2795 499 2844 dicendum
506 2794 583 2858 ‚qnod
595 2793 771 2859 unctiolapidis
780 2794 809 2846 dt
820 2796 870 2847 ad
862 2795 932 2860 ipsius

128 2860 205 2914 altaris
218 2865 497 2928 consecrationemque
517 2868 553 2916 est
569 2864 680 2929 perpetud
693 2865 812 2931 inlepide
825 2865 966 2930 amantii
