1942 3284
464 123 553 167 35⁴]
817 128 939 167 uns
972 128 1060 178 111,
1091 127 1273 173 Quam.
1306 127 1481 178 unx,
1511 126 1625 165 Anr.
1656 127 1714 164 11.

464 204 645 271 propria
662 241 677 268 ,
706 204 828 268 quod
866 202 1065 268 pertinet
1100 203 1158 254 ad
1201 202 1407 268 gloriam.
1450 203 1572 267 Ergo
1607 204 1698 254 hoc
1734 214 1942 255 sacrantes

460 291 551 328 non
575 280 736 328 causat
777 274 1072 340 adeptionem
1100 274 1272 349 gloriffe.

524 349 613 400 Sed
638 351 796 398 contra
814 351 905 409 est,
923 346 1045 409 quod
1064 346 1231 396 dicitur
1256 348 1422 405 Ιοαη..
1445 347 1538 398 vl:
1572 364 1602 395 ε(
1619 346 1669 396 Si
1698 347 1803 410 quis
1829 359 1942 397 mam

464 421 577 471 verit
604 432 663 469 ex
692 420 781 470 hoc
808 432 955 482 pane,
983 418 1113 468 vivet
1139 418 1188 467 in
1221 421 1459 485 aeternum.
1481 434 1510 465 n
1553 417 1645 469 Sed
1670 420 1769 469 vita
1801 423 1942 471 aetern

464 495 557 543 vila
585 489 756 556 gloriae.
776 491 894 554 Ergo
926 490 1114 540 effectus
1139 489 1280 553 hujus
1309 489 1580 539 sacramenti
1601 494 1672 541 est
1693 492 1881 555 adeptio
1897 490 1942 553 gl

536 565 911 625 (concamio—
929 561 1037 611 Sive
1062 562 1113 610 in
1133 559 1402 611 eucharistia
1421 559 1469 612 id
1491 574 1550 611 ex
1568 574 1659 625 quo
1685 563 1902 613 effectum
1919 563 1942 610 h

468 635 673 684 Christus
706 632 879 684 scilicet
906 636 953 684 et
979 633 1131 697 passio
1170 630 1289 695 ejus,
1322 632 1422 683 sive
1443 646 1554 683 usus
1574 633 1849 684 sacramenti
1869 646 1942 685 coi

468 711 607 766 retur,
632 703 735 768 ejus
752 704 939 755 effectus
967 706 1038 752 est
1065 706 1245 753 aeternae
1270 702 1374 754 vitae
1401 704 1703 765 consecutio.)

532 775 805 840 Respondeo
830 774 1089 837 dicendum,
1118 772 1240 837 quod
1258 772 1307 823 in
1332 775 1421 825 hoc
1445 781 1729 827 sacramento
1752 779 1909 839 potest
1929 790 1942 825 r

472 849 637 912 derari,
660 851 708 898 et
728 846 775 897 id
798 860 853 897 ex
872 858 963 910 quo
979 846 1119 896 habet
1142 844 1377 909 effectum,
1401 847 1579 897 scilicet
1603 847 1706 911 ipse
1735 848 1942 903 Christus

488 924 655 983 cutm,
695 920 742 969 et
778 918 931 982 passio
977 916 1080 981 ejus
1123 920 1477 981 repraesentata3
1507 922 1555 969 et
1587 918 1635 968 id
1673 931 1756 984 per
1781 920 1910 983 quod

468 991 716 1052 effectum,
747 990 922 1041 scilicet
962 1002 1075 1039 usus
1111 989 1383 1039 sacramenti
1409 994 1458 1040 et
1491 990 1670 1055 species
1701 991 1824 1055 ejus.
1849 993 1910 1042 Et
1934 1009 1942 1042 ε

472 1071 564 1115 tum
585 1063 642 1113 ad
660 1064 900 1126 utrumque
927 1060 1146 1123 competit
1162 1060 1270 1109 huic
1300 1065 1586 1113 sacramento
1606 1062 1732 1126 quod
1758 1067 1921 1115 causet

472 1135 644 1187 tionem
683 1132 792 1183 vitae
831 1136 1032 1184 aeternae.
1060 1132 1176 1181 Nam
1208 1130 1307 1195 ipse
1331 1132 1537 1183 Christus
1556 1147 1639 1197 per
1665 1148 1800 1185 suam
1823 1136 1942 1199 passi

472 1206 649 1271 aperuit
677 1204 806 1255 nobis
831 1204 1003 1255 aditum
1029 1204 1137 1254 vitae
1163 1207 1374 1268 aeternae,
1392 1205 1771 1257 secundumillud
1787 1208 1940 1259 Hebr.

476 1299 504 1327 u
524 1277 641 1331 Novi
672 1274 951 1327 Testamenti
980 1275 1201 1326 mediator
1235 1278 1340 1341 est,
1369 1279 1422 1326 ut
1453 1281 1598 1329 morte
1627 1277 1942 1331 intercedente

472 1347 621 1400 iterati
656 1349 765 1397 sunt
800 1346 1029 1411 accipiant
1069 1346 1470 1410 repromissionem
1494 1352 1675 1400 aeternae
1708 1350 1942 1402 haereditat

472 1421 591 1471 unde
628 1418 752 1471 etin
789 1418 933 1469 forma
964 1416 1106 1481 hujus
1146 1418 1422 1469 sacramenti
1449 1419 1650 1471 dicitur:
1679 1438 1710 1470 α
1738 1422 1829 1471 Hic
1864 1428 1940 1475 ωε

472 1491 707 1556 sauguinis
758 1489 851 1540 mei
879 1488 987 1540 novi
1017 1492 1064 1540 et
1103 1489 1279 1541 aeterni·
1300 1490 1598 1542 Testamenti.
1633 1508 1662 1540 ι)
1693 1492 1914 1545 Similiter

476 1564 668 1615 refectio
696 1561 786 1614 cibi
813 1560 1094 1626 spiritualis,
1121 1562 1168 1611 et
1200 1560 1352 1611 unitas
1379 1561 1632 1626 significata
1657 1578 1740 1628 per
1759 1566 1941 1629 species

476 1643 524 1687 et
562 1636 688 1699 vini,
729 1633 954 1685 habentur
980 1632 1161 1697 quidem
1192 1632 1242 1682 in
1268 1634 1484 1696 praesenti
1503 1673 1516 1696 ,
1547 1636 1625 1686 sed
1653 1636 1942 1702 imperfecte⁴¹

480 1707 599 1760 fecte
628 1710 779 1757 autem
804 1705 851 1755 in
870 1708 990 1755 statu
1008 1704 1180 1768 gloriae.
1208 1704 1339 1755 Unde
1365 1704 1646 1768 Augustinus
1667 1708 1838 1771 (ri-act.
1869 1711 1942 1761 XX

476 1777 667 1844 snam),
686 1791 824 1841 super
848 1776 959 1826 illud
986 1777 1153 1839 Joan.,
1172 1775 1229 1825 Vl
1248 1791 1262 1827 ε
1285 1776 1436 1826 «Caro
1462 1789 1562 1827 mea
1581 1778 1691 1829 vere
1710 1784 1782 1830 est
1799 1780 1942 1844 cibus,

480 1851 574 1900 eit:
608 1848 765 1899 «Cum
796 1846 897 1897 cibo
920 1849 966 1897 et
993 1850 1104 1910 potu
1131 1847 1179 1898 id
1201 1849 1419 1911 appetant
1439 1847 1665 1913 homineS,
1689 1855 1860 1902 utnon
1887 1866 1942 1904 es

480 1934 625 1986 neque
649 1919 829 1982 sitiant,
858 1919 946 1968 hoc
970 1918 1193 1968 veraciter
1218 1931 1313 1982 non
1329 1922 1518 1983 praestat
1538 1921 1631 1972 nisi
1657 1923 1746 1973 iste
1773 1923 1907 1975 cibus
1928 1936 1942 1975 ε

480 1999 582 2055 tua,
620 1992 700 2055 qui
726 2004 804 2041 eos
842 1990 870 2040 a
896 1989 1062 2053 quibus
1089 1990 1300 2053 sumitur,
1332 1992 1610 2043 immortales
1649 1998 1699 2044 et
1722 1994 1942 2060 incorrupl

480 2064 586 2115 facit
600 2062 649 2112 in
670 2062 892 2112 societate
921 2063 1196 2125 sanctorum,
1215 2062 1296 2112 ubi
1321 2074 1413 2127 pax
1432 2062 1520 2113 erit
1539 2069 1587 2115 et
1608 2066 1763 2117 unitas
1790 2068 1931 2131 plena

480 2135 697 2199 perfecta.
739 2148 768 2180 »
1836 2185 1840 2191 ,

540 2208 608 2259 Ad
642 2206 836 2271 primum
880 2216 987 2263 ergo
1023 2204 1293 2267 dicendum,
1324 2205 1448 2270 quod
1474 2208 1594 2259 sicut
1629 2210 1785 2273 passio
1809 2212 1942 2262 Chris

480 2280 611 2343 eujus
640 2277 809 2327 virtute
850 2278 937 2327 hoc
979 2280 1315 2328 sacramentum
1350 2284 1590 2345 operatur,
1623 2286 1692 2334 est
1725 2282 1916 2347 quidem

478 2348 710 2403 sufficiens
732 2348 887 2411 gloriae
907 2384 921 2411 ,
949 2361 1042 2399 non
1069 2352 1225 2400 tamen
1249 2348 1314 2400 ita
1335 2349 1458 2414 quod
1481 2354 1636 2404 statim
1662 2367 1749 2419 per
1769 2355 1921 2419 ipsam

480 2423 694 2471 ducamur
719 2420 765 2470 in
790 2419 1007 2483 gloriam;
1031 2421 1110 2470 sed
1133 2424 1329 2484 oportet,
1354 2425 1406 2473 ut
1424 2423 1551 2488 priiis
1573 2425 1710 2476 simul
1735 2426 1942 2491 compati

480 2495 528 2539 ul
553 2494 714 2555 postea
734 2490 870 2541 simul
891 2491 1217 2554 glorificemur,
1250 2495 1369 2543 sicut
1389 2495 1554 2545 dicitur
1569 2498 1728 2553 Rom„
1758 2497 1890 2561 V1113
1919 2498 1942 2546 il

480 2564 815 2611 sacramentum
850 2575 945 2613 nou
982 2562 1136 2613 statim
1174 2574 1258 2614 nos
1281 2563 1330 2614 in
1364 2564 1552 2628 gloriam
1593 2567 1870 2632 introducit,
1894 2582 1942 2620 se

480 2631 613 2683 nubis
636 2632 849 2683 virtutem
884 2632 1182 2697 perveniendi
1209 2634 1268 2684 ad
1302 2634 1510 2701 gloriam,
1539 2641 1587 2688 et
1613 2638 1717 2689 ideo
1745 2641 1940 2690 viaticae

480 2707 614 2755 citur.
638 2706 695 2754 In
711 2705 844 2769 cujus
860 2703 1052 2768 figuram
1071 2704 1240 2768 legitur
1257 2706 1335 2758 111.
1358 2709 1498 2773 Req„
1526 2710 1646 2773 xlx,
1666 2711 1791 2774 quod
1808 2712 1929 2762 Elias

484 2774 626 2826 medii
640 2779 687 2826 et
700 2775 833 2840 bibit,
852 2781 899 2826 et
922 2776 1170 2828 ambulavit
1185 2777 1233 2827 in
1257 2777 1524 2831 fortitudine
1539 2780 1630 2832 cibi
1643 2780 1769 2833 illius
1789 2783 1942 2846 quadri

484 2847 642 2897 diebus
668 2852 717 2898 et
747 2847 1043 2914 quadraginta
1059 2849 1289 2914 noctibus,
1315 2864 1460 2916 usque
1481 2853 1540 2905 ad
1561 2857 1764 2907 montem
1783 2854 1869 2907 Dei
1887 2855 1942 2907 Or
