1942 3284
268 190 298 224 on
312 188 454 230 ournnrrurr
469 188 647 228 courmtorrts·
812 189 857 234 ott

57 259 112 312 din.
125 261 173 312 sed
180 259 298 318 ἐοειεεείο
306 263 378 326 uagis
388 263 494 314 innititur
501 264 616 327 supiruttae
625 268 718 328 propter
725 265 851 328 veritatem,

57 343 111 394 qnae
127 331 153 380 in
164 331 214 396 ipra
227 343 278 383 esse
289 333 367 383 debet.
383 333 443 398 Erro
455 347 502 384 non
514 338 551 384 εει
563 338 626 384 uetus
640 334 788 398 penitentie.

90 403 115 450 ι.
126 402 246 466 Praeterer,
259 404 288 452 ed
300 402 455 467 poenitentium
467 407 544 456 noret
552 404 660 455 articulus
675 405 704 457 de
714 404 851 470 iudicium),

55 476 154 537 propter
164 473 283 535 timoren,
297 473 337 538 qni
346 473 488 538 penitentie
500 474 565 539 oripo
577 479 621 526 εει.
634 475 680 527 Sed
691 476 721 528 ud
729 475 853 528 modernio-

55 555 112 593 nem
125 548 203 595 moret
221 544 330 594 articulus
347 545 376 595 de
388 544 436 594 ritu
449 548 547 608 eterna,
560 545 615 610 quir
626 550 663 598 εει
679 551 772 612 propter
788 560 852 610 spent

53 607 141 665 venie.
153 615 213 677 Ergo
225 619 318 666 nonest
331 620 395 665 notus
407 616 555 679 penitentie.

88 687 114 732 5.
132 683 258 744 Praeterea,
276 683 304 733 ad
316 683 424 734 uirtutem
442 684 545 735 ueritatis
557 686 656 750 pertinet
668 689 695 737 ut
711 686 814 738 ostendet
826 698 853 738 ee

53 753 110 818 quis
124 753 208 815 talem,
219 751 293 816 qualis
301 757 346 804 est.
354 755 398 806 Sed
408 755 452 807 hoo
465 753 522 805 iacit
532 755 654 807 confitens.
667 759 729 820 Ergo
741 756 854 808 confessio

54 827 93 874 εει
112 828 178 874 uetus
191 823 283 874 virtutis
295 825 439 888 predicitur
452 827 562 882 ueritus,
576 832 600 876 et
614 841 661 878 non
673 827 821 892 penitentie.
917 855 923 866 ·

87 893 136 946 Sed
146 897 226 946 uonna
238 895 388 959 :poenitentia
398 895 513 949 ordinetur
529 897 558 948 ad
569 896 745 950 destructionem
756 897 853 963 pooeutt

55 965 104 1016 Sed
121 965 152 1016 ud
170 966 214 1016 hoc
227 964 286 1016 idem
303 965 419 1017 ordinetur
433 965 555 1018 ueniendo.
570 972 633 1030 Ergo
649 971 686 1018 est
698 970 764 1020 artur
780 968 854 1032 poeni·

55 1036 148 1088 tentio.

91 1108 251 1174 (Coucnnsru.
264 1135 296 1146 -
304 1108 423 1161 Confessio
436 1114 473 1161 εει
485 1114 550 1160 aetus
562 1109 653 1160 virtutis
662 1109 802 1176 penitentie
811 1111 854 1162 eli·

55 1179 133 1243 uitus,
148 1179 254 1242 quamuis
267 1177 400 1244 imperative
413 1179 440 1230 ud
452 1180 534 1230 multon
542 1180 648 1244 rirtntee,
661 1185 728 1245 prout
739 1180 765 1231 in
776 1193 853 1232 eurum

55 1251 128 1302 tinem
140 1248 200 1299 trani
219 1251 303 1312 potest,
317 1248 432 1314 pertinere
449 1249 547 1315 possit.)

88 1318 229 1384 Respondeo
244 1319 380 1382 dicendum,
393 1319 455 1384 quod
474 1322 519 1371 troo
531 1320 556 1372 iu
568 1321 692 1373 uirtutibus
705 1319 856 1373 considerau-

55 1393 113 1443 dum
123 1394 170 1452 est,
180 1389 239 1454 qudd
250 1391 340 1456 quando
350 1403 418 1456 supra
428 1391 543 1455 obJectunu
551 1392 643 1444 uirtutis
651 1392 742 1444 additur
749 1391 855 1457 specialis

55 1460 119 1513 ratio
140 1461 201 1510 boui
222 1465 246 1510 et
267 1460 404 1525 difficilis,
425 1461 547 1526 requiritur
563 1462 671 1526 operietis
689 1464 773 1524 virtue3
796 1463 855 1512 siout

56 1531 139 1596 magni
158 1536 262 1596 sumptus
279 1533 307 1582 ad
327 1531 518 1596 magnificentiam
530 1533 661 1597 pertinent,
673 1533 777 1597 quamuis
788 1546 856 1584 conr·

57 1603 163 1654 munitor
176 1605 278 1667 sumptus
293 1601 418 1652 mediocres
431 1604 455 1652 et
466 1603 599 1653 donationes
611 1602 740 1667 pertineant
751 1603 780 1652 nd
796 1601 855 1653 libe·

57 1673 192 1735 natitatem
206 1677 232 1722 ut
241 1675 304 1737 patet
316 1673 341 1722 in
352 1673 382 1723 11.
401 1676 425 1723 et
439 1673 478 1724 tv.
493 1672 606 1724 Ethioor.
625 1673 654 1722 nt
665 1671 770 1723 similiter
782 1675 818 1722 εει
830 1672 855 1722 in

58 1743 208 1796 oouiessione
222 1743 281 1807 reri,
289 1757 340 1808 quae
354 1743 459 1808 quamuis
473 1742 502 1793 ad
514 1743 617 1793 ueritatis
628 1742 734 1793 virtutem
742 1742 855 1806 pertineat

59 1813 184 1877 absolute,
196 1817 271 1864 tumen
282 1813 405 1864 secundnm
419 1812 480 1877 qudd
493 1813 568 1876 eliqua
582 1813 641 1864 ratio
650 1813 706 1863 boni
716 1812 813 1875 additur,
827 1813 855 1862 ad

59 1886 134 1936 etium
150 1883 257 1934 virtutem
274 1884 386 1947 pertinere
407 1883 501 1948 incipit;
516 1887 540 1935 ει
556 1883 609 1934 ideo
626 1883 684 1934 dicit
700 1882 856 1946 Philosophus

59 1959 87 2007 iu
99 1955 243 2014 iuniore..
258 1955 318 2020 quod
327 1972 341 2004 u
350 1955 477 2020 confessio,
487 1968 538 2018 quae
550 1954 576 2005 nt
589 1954 613 2004 iu
625 1953 737 2018 judiciis,
750 1965 796 2004 non
804 1966 856 2016 per·

59 2028 124 2078 tinet
136 2026 164 2077 ud
173 2027 276 2077 veritatis
285 2027 403 2089 uirtutem,
412 2027 452 2076 sed
465 2025 538 2088 magis
548 2026 577 2076 ad
587 2025 739 2089 justitiam»
753 2027 778 2074 ει
788 2023 856 2073 sinri-

59 2099 117 2148 liter
129 2097 245 2148 confessio
256 2096 415 2148 beneficiorum
425 2095 465 2147 liei
478 2097 504 2146 iu
517 2097 607 2146 leudem
619 2095 720 2145 diuinum
728 2132 735 2157 ,
744 2107 791 2145 nou
804 2105 856 2158 per·

59 2171 123 2220 tinet
134 2169 161 2218 ud
171 2167 277 2218 virtutem
288 2167 405 2230 ueritatis,
414 2167 453 2217 sed
464 2166 700 2230 udrirtuteurlutriae3
710 2164 777 2216 etita
788 2164 856 2216 etium

60 2237 180 2291 confessio
197 2240 340 2302 peecatorum
354 2238 382 2287 nd
396 2236 552 2288 remissionem
565 2248 643 2287 eorum
662 2235 856 2301 consequendam,

61 2321 111 2362 nou
124 2308 223 2374 pertinet
235 2307 309 2359 elidite
325 2306 353 2356 ud
372 2307 479 2357 uirtutem
492 2305 608 2369 veritatis,
621 2310 647 2355 ut
660 2305 751 2369 quidm
764 2305 857 2370 (ιιειιει,

98 2443 130 2505 (1)
144 2444 204 2490 Hine
215 2456 242 2488 eu
253 2454 305 2499 quae
319 2441 433 2498 leguntur,
446 2446 494 2484 tum
506 2440 568 2496 opud
578 2440 709 2486 diutinorum
717 2473 724 2498 ‚
732 2446 780 2486 turn
796 2441 855 2498 opud

61 2512 166 2558 Lucum,
182 2507 228 2560 ιιι,
244 2503 259 2548 ’1
276 2520 282 2547 2
301 2503 430 2559 Propertier
442 2502 668 2559 viperarumque
687 2502 857 2548 demonstranti

60 2566 133 2618 vodio
144 2569 231 2627 supero
247 2580 264 2610 a
274 2571 380 2612 uenturo
392 2565 434 2608 iro
442 2566 453 2608 ι
462 2563 547 2609 Facite
561 2575 618 2620 erpo
630 2565 741 2620 fructum
754 2564 858 2620 dippum

61 2631 222 2690 punirentur.
237 2629 289 2682 Quot
309 2627 401 2682 quidem
412 2627 483 2670 rerhu
494 2625 528 2670 sio
539 2631 707 2670 commentetur
720 2632 756 2670 est
768 2628 792 2669 S.
801 2628 857 2670 Arn-

63 2694 158 2740 hroriue
176 2691 226 2751 (iu
239 2689 361 2746 Lucano).-
377 2688 438 2732 ditm
450 2688 478 2731 td
492 2687 598 2736 diuitum
609 2687 746 2732 ostenditur·
760 2685 799 2730 dir
812 2687 858 2731 Dei

63 2753 222 2801 miseratione
232 2752 318 2810 insuto
325 2749 472 2808 prudentio,
485 2753 512 2791 rot
525 2751 725 2806 peranteriorum
738 2749 859 2805 poeniteo·

64 2821 128 2864 tiam
139 2814 292 2863 delictorum,
302 2811 386 2871 sutori
395 2817 510 2856 terrorem
516 2809 613 2868 judicii
621 2811 727 2868 prouida
736 2811 860 2856 deuotione
962 2830 963 2835 ¹

64 2881 204 2926 metuentes.
