1942 3284
235 224 267 262 uu
282 221 397 264 srrrsrub
410 223 486 262 surus
498 221 658 265 seeum.
802 212 847 262 tet

335 405 496 458 ultricibus
513 405 550 457 vl.

77 532 162 578 Uirium
177 533 253 577 missa
266 532 325 577 mali
338 532 468 577 &tendetis
480 531 562 576 misire
573 533 654 577 valeat
666 533 739 590 quisse
748 533 822 578 misse

351 596 480 642 sucerdotis
489 596 550 640 boui.

76 724 108 775 ld
122 727 216 774 sextum
229 722 263 774 sie
275 723 405 787 proceditur
417 722 563 788 (illidetur
571 722 632 786 rubri
646 723 715 774 misse
726 723 851 776 sucerdotis

50 794 97 844 meli
108 809 156 844 non
171 793 248 844 minis
257 795 332 845 ualeat
348 794 413 858 quius
429 795 498 844 ruisse
508 794 637 844 sacerdotis
645 794 708 845 buui.
717 794 776 845 llicit
786 796 849 846 euim

48 866 165 928 Gregorius
180 866 206 916 in
220 869 354 930 lieyistru:
374 866 465 916 ulleul
482 866 507 916 iu
524 865 591 929 quim
611 875 720 929 maguum
742 866 849 931 laqueum

48 937 159 999 incidunt,
171 939 213 1002 qui
221 937 297 990 lirina
308 942 331 993 et
341 940 428 990 occulte
437 939 546 1002 mysteria
556 938 641 1002 plusab
648 936 699 988 aliis
708 939 849 991 sanctitiuete

49 1023 112 1072 posse
132 1011 185 1062 lieri
203 1011 312 1074 eredunt;
327 1009 378 1060 eim
396 1023 455 1060 uuus
466 1011 573 1073 idemque
590 1009 690 1072 Spiritus
706 1013 798 1060 senetur
819 1024 848 1062 ea

47 1083 155 1147 mysteria
167 1081 256 1134 oeeulle
270 1087 337 1145 etque
351 1081 496 1132 invisibiliter
504 1081 619 1146 operario
632 1081 767 1132 sanctificet.
778 1082 849 1134 ussi

47 1155 93 1206 bue
108 1155 201 1206 occulta
214 1153 322 1218 mysteria
339 1153 481 1204 celebrantur
499 1153 524 1202 in
535 1153 614 1204 missa.
633 1154 693 1216 Ergo
708 1152 777 1204 misse
794 1153 849 1206 meli

47 1225 172 1276 sseerrlolis
193 1238 239 1276 nou
255 1223 331 1274 ruinius
345 1224 407 1274 valet
423 1223 491 1286 quim
506 1223 575 1274 missa
589 1223 653 1274 boui.

75 1302 99 1347 2.
115 1300 245 1357 Praeterea,
259 1297 319 1348 sieut
330 1297 457 1361 baptismus
471 1295 592 1346 tradituri
605 1295 746 1346 miulsirrsiu
765 1296 850 1348 uirtute

46 1369 139 1433 Christi,
149 1369 190 1432 qui
200 1369 307 1432 baptizat,
316 1367 348 1418 itu
361 1371 384 1417 et
393 1369 436 1420 boe
449 1373 614 1418 saulmerium
625 1367 650 1417 iu
659 1380 756 1431 persona
765 1368 851 1420 Christi

47 1445 202 1493 consecretur.
213 1443 255 1492 Sed
268 1454 313 1491 nor
323 1439 403 1491 melior
410 1439 535 1503 baptismus
542 1439 622 1490 daturi
634 1439 727 1490 meliore
735 1439 849 1503 ministre,

46 1517 70 1563 ut
80 1513 153 1578 supr-b
165 1512 306 1564 dictumest.
318 1513 377 1576 lirgo
389 1511 458 1562 ellum
467 1524 544 1575 nsque
555 1509 635 1562 melier
651 1511 719 1561 missu
734 1515 785 1574 est,
799 1524 850 1575 que

45 1585 200 1636 celebraturi
222 1585 307 1636 meliori
321 1585 447 1636 secerdote.

77 1661 100 1707 3.
116 1659 245 1718 eruerer,
260 1656 319 1707 sieut
335 1654 414 1706 merita
426 1654 568 1704 sacerdotum
583 1654 689 1705 ‹lilleruut
701 1669 743 1720 per
757 1655 849 1706 boum

46 1733 68 1778 el
77 1729 181 1785 melius,
197 1729 228 1778 ite
239 1727 309 1778 etiam
322 1726 431 1778 differunt
444 1737 484 1788 per
493 1724 586 1774 wnum
600 1728 624 1776 el
637 1726 743 1776 neutum.
755 1726 781 1778 Si
795 1739 850 1790 erge

46 1801 116 1852 ruisse
129 1799 228 1851 melioris
241 1798 363 1850 seuerdutis
374 1802 409 1848 est
422 1797 512 1859 melior,
526 1795 630 1860 sequitur
637 1797 699 1860 qubd
709 1797 778 1848 misse
792 1798 848 1848 meli

47 1870 174 1921 sucerdotis
193 1870 225 1920 sit
239 1869 313 1932 mele;
335 1869 395 1931 quel
411 1873 447 1918 eet
465 1867 646 1930 inconvenieus,
662 1867 716 1931 qrria
730 1885 744 1915 u
760 1867 850 1920 malitie

46 1942 205 1992 ministrorum
216 1955 262 1992 uun
272 1943 349 2005 petest
358 1939 483 1990 redundare
497 1939 522 1988 irs
532 1938 619 1989 Christi
631 1939 776 2003 mysterius
790 1939 851 1990 sieut

47 2013 189 2079 Augustinus
198 2013 253 2064 dieit
265 2012 289 2062 in
299 2011 340 2064 lib.
356 2013 391 2062 De
407 2012 548 2076 eaptismo.
562 2011 622 2074 Ergo
639 2024 713 2074 neque
723 2011 850 2062 missums-

46 2085 111 2137 liuris
127 2085 252 2137 sucerdotis
268 2087 304 2135 est
317 2083 404 2134 melier.
630 2100 634 2107 ·

77 2159 124 2210 Sed
139 2161 217 2208 contre
225 2161 270 2218 εει,
280 2157 341 2220 quud
354 2155 450 2206 hebetur
462 2155 488 2205 irs
496 2155 619 2212 Decretis,
631 2156 849 2221 l‚qu.1(eap.et‚

47 2231 102 2294 ipsi
111 2229 262 2284 sacerdotes,
274 2241 303 2278 ex
311 2227 437 2277 Alexandro
447 2226 472 2290 l)
484 2242 491 2276 ι
502 2243 516 2274 u
526 2225 616 2285 Qusulb
624 2228 753 2278 secerdotes
764 2227 851 2278 luerim

47 2301 175 2365 digniores,
187 2299 251 2350 tautb
264 2297 355 2349 laessilrs
368 2298 393 2347 iu
407 2298 583 2349 necessitutibus
595 2311 636 2362 pru
649 2298 731 2363 quibus
741 2300 849 2362 clement,

47 2372 211 2423 exaudiuntur.
223 2387 237 2419 u

80 2443 243 2509 (concurrere.
251 2441 366 2500 -Quued
377 2444 563 2501 sacramentum,
576 2441 628 2491 mali
643 2442 767 2493 sucerdotis
782 2444 851 2492 ruisse

49 2529 98 2566 nou
109 2513 185 2565 minis
197 2513 259 2564 iulet
275 2512 341 2576 quius
355 2513 424 2576 boui;
441 2514 515 2578 quoad
529 2512 644 2563 orationes
653 2516 739 2577 umen,
751 2514 853 2564 melioris

49 2585 176 2637 sacerdotis
187 2583 259 2648 magis
274 2587 311 2634 est
324 2583 456 2649 fructuose,
471 2595 599 2649 muuqrruru
611 2584 687 2634 bustu
699 2597 744 2635 uon
758 2589 853 2635 caruem

50 2657 178 2708 sucerdotis
189 2655 257 2706 etiam
267 2655 320 2706 meli
334 2655 449 2707 erutiones
463 2657 488 2706 in
500 2667 598 2720 perseus
609 2655 715 2707 Ecclesie
729 2656 831 2720 prolate.
843 2657 853 2718 l

82 2728 222 2793 Respondes
243 2726 376 2790 dicendum,
390 2727 450 2792 qubd
464 2727 489 2776 in
504 2724 573 2777 missu
591 2729 627 2777 est
643 2727 687 2777 ‹luu
700 2725 852 2789 ususiderere,

49 2955 66 2998 s
85 2888 116 2950 (l)
132 2890 215 2996 15ielris
229 2890 298 2936 etism
311 2891 352 2948 lv,
363 2889 442 2941 Serui,
453 2890 508 2936 dist.
527 2888 565 2950 lu,
579 2901 619 2947 qu.
636 2890 660 2948 1,
673 2894 717 2936 ert.
737 2889 759 2948 l,
771 2899 851 2945 quos·

60 2965 124 3001 tune.
155 2985 160 2998 .

673 3073 690 3108 0
