1942 3284
261 199 293 236 mr
304 199 407 242 narrem
437 203 612 244 matmrmrns.
789 201 835 252 wo

326 413 489 483 Otiosam
505 418 538 484 V.

103 548 137 596 De
151 551 238 609 effecto
252 554 424 605 contritionis,
436 557 466 600 in
479 561 527 602 ινα
539 559 657 605 articulos
668 560 758 607 diviso.
857 584 859 591 ¹

67 696 152 748 fleinde
166 695 356 749 considerandum
372 705 407 750 ast
416 701 444 752 da
457 701 541 752 effectu
552 704 705 758 contritionis.

65 766 129 818 Circa
141 768 205 831 qnod
219 773 348 831 quaruntor
360 771 405 820 tria
420 785 427 818 ε
445 775 472 820 10
485 771 564 822 Utrim
579 775 666 838 pemati
681 776 786 829 remissio
798 780 831 830 sit

39 836 181 887 contritionis
190 837 293 890 electus.
304 843 331 889 2⁰
342 840 421 891 Utrim
434 841 540 893 oontritio
553 845 627 908 possit
639 846 737 898 totaliter
751 848 829 900 tollore

39 911 120 954 matam
138 921 224 971 poenae.
241 913 268 957 3⁰
280 910 361 960 Utrim
373 924 444 974 parra
457 912 565 964 contritio
577 914 675 966 sammai
687 916 717 967 ml
731 917 833 969 deletio·

39 987 88 1024 mm
106 990 241 1042 magnorum
255 984 406 1043 peccatorum.

344 1158 502 1211 nollemus
515 1160 534 1210 1.

108 1281 198 1326 Utrum
214 1281 304 1337 pennalt
324 1282 431 1328 renriooto
448 1283 481 1326 ait
499 1284 649 1330 contritionis
666 1285 765 1344 offertos

68 1405 217 1470 imprimam
233 1403 267 1456 oio
280 1405 418 1470 proceditur.
433 1407 527 1457 Videtur
539 1407 601 1472 quod
621 1408 710 1474 pemati
727 1410 832 1464 remissio

42 1485 84 1524 ron
94 1475 124 1526 sit
132 1473 275 1528 contritionis
287 1475 388 1528 ollactus.
401 1476 467 1528 Solus
479 1477 542 1528 enim
552 1479 612 1529 liam
620 1482 712 1543 peccato
724 1481 830 1532 remittit.

43 1543 83 1594 Sei
94 1545 237 1597 contritionis
245 1559 288 1598 nos
301 1559 379 1597 sumas
391 1547 517 1610 aliqualiter
529 1560 607 1610 caasa,
618 1550 672 1612 qaia
682 1553 745 1600 actus
754 1554 831 1602 nostor

43 1619 82 1664 est.
95 1617 154 1681 Ergo
163 1616 271 1669 contritio
282 1630 328 1668 non
337 1622 373 1669 ost
385 1631 452 1669 causa
462 1618 604 1669 remissionis
617 1620 698 1682 culpo.

71 1687 93 1737 2.
103 1687 227 1752 protom,
234 1687 340 1740 ooatritio
353 1691 389 1738 ost
400 1691 463 1738 aetus
476 1688 577 1738 vitatis.
589 1688 633 1739 Sed
644 1688 718 1739 virtus
728 1690 831 1752 seqnitur

43 1758 125 1817 pemati
137 1759 311 1821 remissionom,
322 1758 376 1822 quia
385 1758 459 1808 virtus
469 1762 494 1808 ot
504 1759 572 1822 culpa
585 1770 634 1809 non
652 1763 705 1810 sunt
718 1759 786 1811 simm
805 1761 831 1812 in

44 1826 120 1878 anima.
139 1831 200 1894 Ergo
213 1829 317 1881 contritio
330 1842 374 1880 non
387 1833 425 1880 ast
435 1841 505 1879 causa
514 1829 655 1880 remissionis
665 1830 747 1894 colom.

72 1901 94 1948 ³.
107 1899 238 1962 Protea-ea,
252 1899 309 1950 nihil
318 1899 414 1963 impedit
424 1899 437 1950 i
447 1899 592 1962 permotione
603 1900 771 1964 lincomisum,
785 1901 832 1954 nisi

44 1968 113 2030 culpa.
132 1971 177 2022 sod
198 1969 307 2021 matritus
321 1973 374 2020 anto
390 1967 555 2021 comessionem
572 1982 619 2021 non
638 1970 706 2021 debet
725 1972 831 2024 amariora

43 2037 70 2084 ad
85 2039 252 2091 eucharistiam.
267 2041 327 2102 Ergo
345 2040 445 2090 nondum
466 2043 504 2090 est
520 2044 659 2092 oonsooutns
676 2039 831 2094 remissionom

45 2106 121 2170 culpo.

73 2178 115 2228 Sei
123 2183 204 2232 matra
215 2183 264 2243 est,
274 2179 334 2243 quod
350 2179 375 2230 in
385 2180 464 2230 Glossa
477 2193 547 2244 sopor
556 2180 612 2231 illml
625 2180 695 2230 Psot.
708 2181 746 2232 L:
762 2198 776 2231 o
790 2182 831 2233 Sa·

45 2246 147 2299 orificium
165 2251 212 2301 lieo
226 2248 318 2313 spiritus
328 2249 530 2314 contribulatum»
550 2254 606 2313 olm,
626 2250 711 2302 dicitur
725 2266 732 2301 :
747 2251 831 2304 «Con-

45 2317 104 2367 tritio
113 2321 186 2370 oordis
198 2317 385 2380 ostsacriioium,
400 2319 425 2368 im
439 2331 485 2382 qao
497 2324 591 2383 pomata
600 2321 727 2372 solvuntur.
743 2336 757 2369 o

75 2387 196 2452 Pratorea,
214 2388 287 2439 virtus
300 2393 324 2439 ot
334 2387 416 2438 vitium
432 2389 518 2440 eisdem
531 2389 606 2440 musis
618 2394 792 2454 mnnmpnntor
806 2397 831 2443 ot

46 2464 184 2522 generantur,
207 2462 233 2509 ut
245 2459 327 2510 dicitnr
345 2459 370 2508 in
387 2459 406 2509 ll
422 2459 507 2510 Etiam
525 2460 584 2524 (cap.
598 2459 634 2523 t).
648 2460 694 2512 Sed
709 2474 750 2526 por
764 2463 831 2514 inor-

46 2526 142 2578 dinatum
154 2541 254 2580 amorem
268 2528 340 2580 cordis
345 2564 355 2592 ,
366 2533 484 2592 peccalum
495 2530 653 2581 committitur.
662 2531 721 2594 Ergo
734 2544 775 2596 por
788 2532 831 2582 do·

47 2604 113 2647 rorem
130 2612 159 2650 ar
172 2612 247 2651 amora
259 2599 375 2650 charitatis
393 2599 498 2652 ordinato
510 2605 626 2651 causatum
639 2600 749 2665 molnitum
763 2606 788 2652 ot
798 2604 833 2653 sio

48 2667 149 2720 coronio
160 2673 278 2734 pomarum
291 2670 358 2722 dolet.

78 2737 236 2801 (Conclusio.
243 2765 275 2779 -
284 2740 394 2794 contritio
406 2740 501 2791 virtutis
512 2744 550 2790 est
561 2744 633 2804 actm,
645 2741 789 2806 dispositiri,
805 2747 833 2792 nt

48 2811 119 2858 aulem
126 2822 179 2873 pars
187 2810 322 2860 sacramenti
333 2808 445 2872 effectivi,
458 2810 667 2874 instrumentaliter,
675 2811 833 2862 romissionem

50 2881 189 2936 peccatoram
200 2881 303 2942 causat.)
