1942 3284
119 167 163 212 tis
277 180 475 228 sunrnuuenrun,
492 179 585 222 opusc.
601 177 633 225 n,
649 177 705 213 cnr.
719 177 754 213 rs.

119 255 293 322 Ergocontritio
302 257 373 320 magis
382 257 451 307 estde
458 251 654 318 peccatissimis,
665 251 732 315 qutm
742 250 916 314 depreteritis.

149 333 173 378 e.
187 328 310 390 Protercu,
320 329 437 391 peccatum
455 327 589 388 aggravatur
607 333 796 384 exconsequens
814 320 914 386 etiectn;

116 401 178 450 unde
195 399 346 463 Hieronymus
358 397 430 456 dicit,
443 395 504 458 quod
518 406 585 458 poena
599 392 648 444 trii
660 391 762 462 nondum
780 396 817 442 cst
832 393 916 444 deter-

117 469 218 530 minata,
228 467 281 531 quic
288 469 363 518 adhuc
371 470 407 517 est
415 463 523 529 possibile
532 464 620 526 aliquos
629 474 670 527 per
678 461 730 525 ejrrs
738 461 847 512 heresim
862 475 916 513 cor-

115 550 190 600 ruere,
199 538 281 603 quibus
293 537 449 588 corruentibus
459 537 510 598 ejus
519 545 586 598 poena
602 535 710 596 augetur3
723 537 747 582 et
760 532 871 584 similiter
879 539 915 584 est

116 609 145 660 do
157 609 196 660 iilo
207 608 247 672 qui
256 608 372 671 judicatur
385 605 508 668 homicida,
516 606 537 654 si
548 605 662 656 lethaliter
675 603 832 667 percusserit,
844 605 915 656 wem

115 687 236 743 antequam
253 691 372 742 percussus
389 677 506 728 moriatur.
529 675 575 725 Sed
593 674 618 723 in
640 673 679 722 iiio
697 673 914 726 interualiomedio

115 750 183 801 dehet
198 754 302 812 peccator
310 749 396 799 conteri
410 749 438 798 de
451 749 553 810 peccato.
564 745 624 806 Ergo
637 756 684 794 nou
699 743 775 794 sotum
786 745 914 796 secundini

115 821 174 883 quod
185 819 254 869 habet
262 818 412 882 quantitatem
425 829 454 868 ex
463 816 577 880 praeterito
585 817 647 876 actu,
656 813 777 864 sedetiam
785 817 913 866 secundum

115 890 176 954 quou
195 889 270 940 hahet·
283 890 433 953 quantitatem
451 901 480 938 er
492 887 582 949 futm03
596 889 621 935 et
638 885 674 935 sic
690 884 802 937 contritio
819 889 914 951 respicit

115 961 224 1010 futurum.

146 1031 190 1082 Sed
203 1035 297 1091 contra,
314 1028 419 1080 contritio
438 1032 474 1081 est
485 1036 540 1091 pars
551 1024 698 1092 poenitentiae.
715 1027 762 1078 Sed
780 1028 912 1091 punitentia

115 1113 205 1166 semper
215 1100 309 1165 respicit
318 1100 441 1164 praeterita.
456 1100 516 1163 Ergo
529 1103 553 1150 et
563 1098 683 1160 contritio,
692 1103 718 1148 et
731 1097 768 1148 sic
778 1109 827 1150 nou
840 1104 875 1150 est
883 1100 911 1149 rte

114 1176 210 1236 peccato
223 1171 308 1222 tuturo.

149 1239 542 1306 (Coronos10.-Contritio,ci1m
559 1239 591 1290 sit
605 1238 738 1303 precipuus
750 1243 817 1291 actes
833 1240 909 1304 poeni·

84 1312 208 1375 olentiae,
226 1313 292 1376 cujus
302 1312 418 1377 proprium
429 1311 543 1375 objectum
557 1314 593 1361 est
608 1314 726 1374 peccatum
740 1315 795 1362 ante
803 1311 906 1360 commis·

114 1395 164 1434 sum
175 1421 183 1444 ‚
196 1392 244 1434 uon
254 1382 298 1432 nisi
310 1382 424 1446 preterita
436 1386 530 1446 peccata
541 1380 633 1447 pmprit
644 1380 754 1445 respicit;
767 1381 838 1432 nun
850 1379 904 1430 rem

113 1456 242 1516 pracavet,
257 1457 369 1516 quatenus
382 1453 416 1503 illi
430 1451 550 1516 pmdentia
561 1449 710 1514 adiungitur.)
908 1485 912 1492 .

144 1523 278 1588 Respondes
291 1524 420 1586 dicendum,
432 1522 493 1586 quod
502 1523 528 1572 in
541 1523 649 1574 omnious
661 1521 791 1572 motoriins
800 1525 824 1574 et
834 1520 903 1572 nou·

105 1593 174 1646 'libus
187 1594 295 1646 ordinatis
307 1595 338 1644 ite
356 1599 401 1657 est,
411 1594 472 1658 quoti
484 1596 559 1645 motor
570 1592 743 1644 interiorirebet
755 1598 842 1644 motum
854 1605 910 1656 pro·

112 1662 188 1728 priu'm
194 1665 238 1728 ,et
248 1669 330 1729 prater
339 1666 383 1716 hoc
391 1663 494 1728 sequitur
501 1665 526 1714 iu
534 1663 611 1727 aliquo
621 1666 709 1714 notum
721 1664 848 1726 superioris
857 1673 901 1712 mo

111 1737 182 1800 toris;
194 1735 254 1787 sicut
273 1738 336 1802 petet
350 1736 373 1785 in
387 1741 449 1786 motu
460 1735 612 1798 planetarum,
628 1732 668 1797 qui
676 1736 762 1796 preter
773 1738 902 1798 motuspro

107 1807 188 1869 prius,
201 1810 326 1870 sequuntur
339 1809 425 1856 motum
438 1805 506 1869 primi
514 1805 584 1855 oriris.
600 1804 625 1854 in
634 1803 740 1854 omnihus
751 1809 829 1854 autem
838 1805 903 1854 uirtu-

112 1876 173 1926 tibus
185 1875 307 1927 moralibus
320 1877 377 1939 prim
382 1888 408 1924 us
421 1878 494 1926 motor
505 1878 543 1924 est
555 1874 607 1938 ipsa
616 1874 751 1938 prudentia,
762 1887 816 1938 quan
826 1875 904 1924 dicitu

112 1949 206 2012 euripo
219 1950 347 1996 virtutum
360 1952 401 1998 :et
412 1947 463 1997 ideo
476 1947 582 2010 quatioet
590 1946 665 1996 virtus
676 1945 770 1997 moralis
778 1960 832 1997 cum
843 1951 904 1997 motu

111 2018 205 2082 proprio
217 2017 286 2067 habet
299 2015 382 2078 aliquid
392 2017 420 2066 de
434 2020 497 2067 motu
507 2015 646 2080 prudentiae3
662 2019 687 2066 et
698 2016 752 2068 ideo
764 2016 817 2067 cum
828 2018 903 2080 peni-

111 2087 184 2138 tentia
201 2086 232 2136 sit
249 2086 352 2150 quedam
366 2087 438 2138 virtus
448 2086 539 2138 moratis
549 2087 613 2151 (quia
629 2087 840 2151 estparsjnstitia)
852 2099 904 2137 eum

113 2161 164 2208 actu
183 2157 275 2222 proprio
294 2157 439 2222 consequitur
453 2159 579 2222 prudentie
596 2161 693 2211 motum.
707 2159 816 2223 Proprius
826 2162 903 2210 autem

114 2230 178 2278 uetus
191 2227 243 2290 ejus
254 2231 290 2278 est
302 2227 326 2277 iu
338 2228 453 2291 objectum
465 2228 704 2293 propriumquooest
714 2234 834 2293 peccatum
843 2243 904 2284 eom-

114 2297 207 2347 missum
223 2301 266 2349 :et
282 2297 410 2349 incoactus
432 2299 482 2363 ejus
497 2298 641 2364 proprisset
657 2298 804 2364 principalis,
819 2300 904 2350 emtioet

115 2366 234 2430 conuitio,
248 2368 371 2418 secundum
382 2381 447 2418 suam
460 2369 559 2432 speciem
579 2367 672 2433 respicit
684 2373 774 2419 tantum
787 2373 903 2434 peomtum

116 2439 264 2504 preteritum
277 2441 317 2490 sed
330 2452 359 2489 ex
371 2441 520 2502 consequenti
531 2439 626 2504 respicit
638 2443 726 2491 tantum
736 2446 855 2504 peecatum
867 2440 903 2490 tn·

112 2512 203 2571 turum,
218 2509 342 2560 secuudum
356 2511 415 2573 quod
432 2509 503 2559 habet
515 2509 601 2574 aliquid
617 2509 646 2560 de
655 2514 708 2561 actu
725 2511 850 2574 prudente
865 2511 904 2561 ne»

107 2581 227 2643 junctum,
241 2583 264 2629 et
275 2583 351 2630 tamen
364 2580 389 2629 in
402 2579 458 2630 iliud
471 2579 573 2629 futurum
590 2579 715 2631 secundum
731 2582 841 2632 mtioneur
852 2593 912 2645 pro,

111 2649 165 2714 prisc
176 2649 261 2715 speciei
274 2663 320 2701 non
333 2654 445 2701 moretur.
458 2651 489 2700 ot
497 2656 590 2714 propter
602 2653 648 2702 troc
660 2651 701 2702 iiie
720 2652 760 2715 qni
771 2652 900 2714 conteritur,
956 2650 961 2719 Ι

110 2721 171 2772 dolet
181 2721 209 2770 de
224 2725 319 2784 peccato
332 2720 494 2785 praeteritos
508 2726 574 2772 cavet
585 2722 698 2785 iuturum3
710 2722 751 2772 seri
764 2735 812 2774 uon
821 2723 901 2773 dicitnr

101 2803 161 2841 esse
180 2791 285 2841 contritio
301 2791 329 2842 de
346 2794 443 2854 peccato
455 2791 545 2855 futuro3
560 2791 853 2857 oecumenicumque
865 2796 901 2843 est
950 2764 959 2873 Ι

103 2860 303 2925 punpruuemie,
320 2860 449 2913 contritioni
465 2861 581 2925 adjuncta.

944 3070 956 3118 t
