1942 3284
128 198 158 235 nn
171 197 211 234 ars
225 195 280 241 enm
294 198 355 238 suan
368 199 463 240 essm
477 200 636 240 semusto
648 201 753 240 osnmns.
794 195 839 242 t'tt

321 410 485 480 tinctio
504 413 568 478 XL.

53 554 92 600 De
106 552 145 598 lto'c
158 564 210 610 poce
222 556 280 599 root
292 565 391 598 maeno
404 557 553 602 sacramento
566 554 681 606 oratoria,
694 558 724 602 lor
736 561 823 618 copton»

325 625 444 670 articulos
456 625 549 673 olm.

71 773 159 824 Deinde
170 772 357 824 considerandum
371 774 407 824 est
422 774 451 824 de
465 773 503 824 his
521 787 572 838 qna
590 778 645 826 sunt
657 787 746 826 annexa
760 789 838 828 sacm-

30 848 119 895 mento
130 842 223 916 prdinis.

72 915 139 966 circa
157 915 217 978 qnod
233 916 364 978 quaerantur
381 917 485 978 septem:
502 918 529 963 te
540 915 618 966 Utrim
632 917 729 968 ordinati
741 917 839 969 debeant

29 986 125 1038 habere
135 998 223 1036 corone
231 997 331 1035 rasuram
340 988 363 1035 et
372 988 499 1036 tonsuram.
511 989 539 1034 2⁰
550 985 629 1036 Utrim
640 999 723 1038 corona
733 989 763 1038 sit
771 989 835 1039 ordo.

33 1061 68 1108 3⁰
81 1054 163 1106 Utrim
171 1068 212 1120 per
226 1055 384 1118 acceptionem
398 1068 488 1107 corone
499 1055 582 1120 aliquis
592 1057 707 1109 renuntiet
724 1061 840 1122 tempora·

29 1128 102 1180 libus
114 1126 391 1190 bonist⁰Utrt1msnpra
405 1127 565 1178 sacerdotalem
578 1127 681 1179 ordinem
695 1129 776 1179 debeat
786 1141 837 1180 esse

31 1197 118 1262 aliqua
132 1200 235 1261 potestas
248 1197 393 1262 episcopalis.
418 1201 444 1246 tt⁰
459 1197 541 1249 Utrim
564 1198 711 1263 episcopatus
726 1199 756 1250 sit
773 1200 838 1250 orio.

33 1275 69 1318 6⁰
84 1267 165 1318 Utrim
181 1281 250 1332 supra
264 1268 382 1332 episcopos
395 1268 469 1332 possit
485 1281 536 1319 esse
556 1268 632 1334 eliqua
645 1273 748 1334 potestas
766 1282 840 1334 snpe-

31 1338 123 1392 riorin
142 1339 251 1390 Ecclesia,
272 1345 300 1389 ‘1⁰
312 1337 393 1390 titrim
413 1343 489 1392 restes
506 1340 663 1393 ministrorum
676 1341 840 1392 convenienter

39 1411 92 1463 sint
105 1409 129 1460 in
142 1411 243 1462 Ecclesia
256 1411 376 1462 institute.

344 1589 503 1643 temenitis
519 1592 537 1641 1.

161 1714 247 1758 Utricm
256 1712 364 1758 ordinati
372 1713 473 1759 ‹leoeoot
483 1717 608 1760 morsuram
617 1714 718 1769 deserte.

72 1839 108 1888 td
124 1839 223 1902 primum
236 1842 270 1888 sic
281 1838 420 1902 proceditur.
435 1838 530 1889 Videtur
546 1837 606 1902 qnid
620 1837 719 1889 ordinati
731 1850 777 1888 non
797 1839 840 1889 de-

37 1913 113 1963 beant
125 1923 213 1962 coronae
227 1922 328 1960 rasuram
337 1910 430 1960 habere.
438 1910 496 1968 Quia
506 1909 615 1962 cominus
626 1909 777 1961 comminatur
788 1923 840 1974 cap

36 1980 154 2032 tivitatem
170 1984 193 2030 et
209 1979 371 2044 dispersionem
391 1979 428 2030 tris
445 1979 485 2044 qui
506 1981 540 2030 sic
557 1981 717 2042 attondentur,
731 1983 757 2030 nt
776 1984 840 2044 patet

39 2051 158 2106 Denter„
168 2051 248 2102 XXXII
259 2066 287 2100 :a
297 2052 329 2101 lte
341 2051 471 2114 captivitate
482 2051 563 2102 nudati
573 2050 718 2101 inimicorum
725 2050 838 2116 capitis»

36 2127 65 2174 et
78 2122 181 2178 terena,
192 2123 261 2172 XLlX
272 2137 279 2171 ι
291 2121 443 2186 «Dispergam
451 2134 490 2172 eos
498 2122 524 2172 in
533 2135 624 2173 omnem
631 2125 724 2171 rentum
735 2122 841 2185 quisunt

38 2194 127 2247 attonsi
143 2193 167 2244 in
176 2207 272 2244 comam.
292 2210 306 2242 n
322 2195 368 2246 Sed
380 2195 492 2245 ministris
504 2194 592 2244 Christi
604 2207 650 2244 non
663 2194 756 2244 debetur
770 2194 840 2259 capti·

38 2267 121 2326 vitae,
137 2265 177 2316 sed
196 2265 297 2316 libertas.
312 2266 372 2328 Ergo
395 2277 482 2317 corone
504 2277 582 2315 rasura
598 2268 622 2314 et
634 2267 728 2315 tonsam
746 2264 780 2315 eis
791 2277 839 2314 non

41 2337 164 2401 competit.

73 2413 99 2458 2.
113 2409 244 2470 Praeterea,
256 2407 340 2459 veritas
361 2407 429 2458 debet
443 2406 580 2470 respondere
598 2407 685 2470 figure.
704 2406 748 2456 Sed
768 2405 840 2466 ligura

39 2491 135 2531 comme
143 2479 261 2542 precessit
271 2479 296 2529 in
306 2478 379 2530 reteri
391 2479 442 2542 lege
451 2477 477 2528 in
487 2481 579 2528 tonsura
589 2479 763 2535 Nazarsomm,
778 2475 837 2525 sicut

38 2553 66 2603 in
85 2551 161 2601 littera
175 2551 255 2602 dicitnr
269 2553 327 2613 llil.
336 2552 404 2602 Seat.
414 2550 435 2614 i.
445 2549 504 2601 Cim
520 2562 574 2612 ergo
587 2547 689 2599 Nazarcei
698 2559 744 2597 non
761 2548 840 2596 essent

40 2621 141 2676 ordinati
151 2623 178 2672 ad
188 2623 338 2674 ministerium
346 2622 460 2682 tisinum,
472 2621 562 2671 videtur
569 2619 629 2684 qnid
639 2615 750 2669 ministris
760 2616 839 2666 Eccle-

40 2695 82 2746 siae
99 2705 146 2743 non
164 2693 270 2744 debeatur
286 2698 378 2744 tonsura
396 2693 434 2742 vel
449 2704 528 2742 rasura
545 2703 642 2742 coronae.
663 2689 693 2737 Et
710 2688 754 2737 lnoc
770 2685 840 2736 etiam

38 2764 134 2814 videtur
150 2776 195 2825 per
209 2763 253 2814 troc
268 2766 329 2828 quid
343 2763 457 2827 conversi,
472 2762 512 2826 qni
527 2774 573 2812 non
583 2764 636 2812 snnt
649 2756 747 2808 ministri
760 2756 840 2806 Eccle-

41 2836 93 2897 sire,
107 2835 231 2884 tondentur
244 2835 435 2900 inreligiositas.

77 2911 102 2958 θ,
117 2907 243 2969 Preterea,
257 2919 299 2970 per
312 2907 405 2971 capillos
426 2906 541 2970 superflua
553 2902 724 2968 significantur,
738 2898 791 2963 quia
804 2909 841 2948 ca·
