1942 3284
255 251 403 292 unumne
419 251 642 296 sumnum.
712 263 716 274 ¹
817 250 848 300 ιι

65 335 118 399 pull,
131 332 291 398 egritudinem
308 329 347 382 vel
357 330 437 395 nliqmd
447 331 586 396 hujusmodi.
601 335 643 385 Per
655 345 681 386 sc
694 337 770 388 nutem
786 351 846 403 pnr-

63 409 122 458 tuitnr
133 405 257 471 corporalis
271 403 323 454 situ
339 403 462 468 tripliciter.
479 402 556 456 Primd
571 405 676 470 quidem,
696 419 738 474 per
750 423 847 474 genera·

61 479 141 538 ιεἐεεεε,
152 493 194 543 per
208 489 279 542 quum
293 475 362 526 homo
375 475 550 540 tropiensem
562 477 647 529 vivom.
660 479 690 530 lit
702 481 752 531 loco
765 483 845 548 hujus,

59 551 192 616 inspirituali
207 550 276 612 nitu,
291 551 329 599 est
343 547 498 612 captorum,
511 549 598 612 quiesi
612 549 737 614 spiritualis
746 565 844 618 negene-

59 624 112 687 rnt'o,
126 621 250 675 secundini
259 621 318 671 illud
333 619 370 670 od
382 621 440 679 liu,
450 622 482 671 lll
497 635 504 672 ε
521 622 589 672 «Per
602 621 715 674 lavacrum
725 639 846 690 regenera-

60 697 127 760 llonis,
137 699 206 746 rote.
220 691 337 754 secundo,
351 705 393 757 por
404 697 552 757 unguentum
563 707 608 758 quo
622 693 703 760 uliquis
713 699 845 762 perducitur

62 767 207 831 adperlectnm
220 764 373 832 quantitatem
382 768 406 815 et
415 765 532 816 uirtutem.
547 767 576 816 Et
588 766 639 817 loco
652 768 730 833 hujus,
738 769 763 820 in
778 771 845 836 spiri·

59 840 104 890 uel
112 841 165 901 ritu,
180 842 217 890 est
229 837 404 902 confirmatio,
419 837 445 887 iu
456 851 501 902 quc
514 839 580 888 detur
593 837 691 902 Spiritus
710 846 802 894 sanctus
816 845 845 895 nd
947 869 948 872 ¹

56 911 126 975 rotun
136 912 199 962 unde
209 909 296 960 dicitnr
304 908 422 972 discipulis
429 910 477 972 jem
489 908 620 974 baptizatis,
631 911 699 971 Luc,
710 913 751 963 nlt⁴
766 915 845 966 :use-

55 982 127 1032 dctcin
135 983 238 1043 ciuitate,
249 980 396 1045 quoadusque
404 979 531 1030 induamini
538 981 622 1032 uirtute
630 993 659 1032 ox
668 983 723 1034 nlto.
733 1001 746 1032 u
755 985 842 1050 Tertio,

54 1067 90 1118 per
101 1054 258 1116 nutritionem,
270 1065 316 1116 qun
326 1055 472 1103 conseruntur
486 1051 510 1102 iu
521 1051 613 1104 lromine
626 1054 672 1104 vitu
685 1058 708 1105 et
717 1057 798 1108 virtus.
815 1059 844 1108 lit

53 1126 97 1176 loco
107 1128 191 1191 liujus,
205 1124 231 1174 in
243 1124 292 1174 nitu
304 1123 430 1188 spirituali,
443 1127 480 1175 est
492 1123 666 1188 coctorictn'c;
683 1129 744 1178 nude
762 1128 845 1180 dicitnr

53 1201 126 1258 loom,
136 1199 187 1248 Vl:
204 1195 282 1246 «Nisi
299 1195 490 1246 manducaveritis
507 1208 599 1246 curnem
619 1195 673 1246 Filii
690 1197 805 1263 hominis,
821 1203 845 1250 cl

53 1270 143 1320 lnlresitls
158 1270 210 1334 ejus
230 1267 381 1330 sauguinem,
395 1279 441 1318 non
455 1267 568 1318 habebitis
583 1267 651 1318 nilum
663 1267 688 1319 in
704 1270 844 1321 veniundi

53 1341 91 1390 loc
101 1342 188 1404 quidem
202 1339 319 1391 sufficeret
328 1340 426 1402 homini,
438 1339 458 1390 ni
466 1339 562 1390 haberet
575 1343 599 1390 et
612 1340 757 1405 mrpornlitcn
765 1343 844 1409 clepi-

56 1411 153 1464 rilunlitor
164 1409 328 1476 impassibilem
342 1410 422 1460 uitam.
437 1411 499 1474 Sed,
517 1409 570 1474 quia
584 1411 653 1462 homo
666 1411 761 1462 incurrit
771 1412 843 1464 inter-

57 1481 100 1533 diu
111 1487 134 1534 et
148 1483 291 1547 corporalem
302 1481 454 1532 infirmitatem
464 1518 471 1541 ‚
482 1485 507 1532 ct
520 1480 675 1546 spiritualem,
687 1483 774 1535 scilicet
787 1497 843 1548 pcc-

62 1558 132 1619 mlum,
146 1555 199 1607 ided
212 1553 342 1604 uccessnniu
352 1557 389 1604 est
397 1554 486 1604 homini
498 1553 584 1604 emutio
595 1553 622 1603 nh
636 1553 842 1619 inimicumque

62 1625 132 1686 nuncu
152 1629 191 1678 est
206 1626 292 1690 duplex
307 1639 314 1672 ε
328 1625 378 1675 Una
395 1625 487 1689 quidem
506 1628 541 1676 cst
554 1625 642 1674 sanctio
657 1639 707 1688 quae
721 1627 844 1678 sanitatem

58 1696 147 1754 reduit.
158 1700 189 1748 ut
200 1698 251 1748 loco
260 1695 343 1761 liujus,
355 1697 380 1746 in
392 1695 504 1761 spirituali
514 1696 575 1758 uite,
586 1699 620 1747 esi
632 1698 793 1761 punitentia,
808 1711 845 1750 no-

56 1770 204 1820 nmddmillud
215 1768 311 1820 Prolm.
323 1769 362 1818 lli.
374 1783 403 1817 :c
413 1769 474 1818 Sena
484 1767 584 1818 animam
593 1779 675 1829 meam,
687 1767 739 1832 quin
749 1769 843 1834 peccavi

55 1838 116 1888 tiri.»
127 1840 179 1890 liin
197 1842 274 1890 untcm
284 1841 321 1888 eet
334 1838 448 1890 restitutio
463 1837 604 1889 valetudinis
620 1837 723 1903 pristinu
735 1851 775 1904 per
788 1851 844 1891 oon-

54 1911 171 1963 tmieutem
188 1911 280 1962 dicun
291 1909 327 1976 (li
339 1913 363 1960 et
383 1910 528 1961 exercitium.
543 1910 572 1960 Et
582 1912 634 1964 loro
650 1910 717 1975 ejus,
729 1911 755 1961 iu
775 1911 843 1976 epiri-

52 1983 98 2032 tnnli
107 1984 164 2044 nitu,
175 1987 212 2034 ost
225 1984 343 2032 extrema
356 1983 449 2039 cruolio,
460 1993 512 2046 qum
521 1985 622 2032 removet
632 1985 776 2047 pcccatorum
789 1982 844 2034 reli·

52 2054 121 2118 prins,
132 2061 159 2107 et
176 2053 294 2105 hominem
309 2057 413 2118 peratum
427 2053 502 2104 reddit
513 2054 542 2103 nd
554 2053 646 2107 finalem
660 2053 768 2118 glorinmp
781 2054 844 2106 undo

51 2125 122 2178 dicitur
138 2126 236 2180 Jacob„
252 2126 272 2174 V
291 2141 298 2175 :
317 2125 372 2176 ulit
390 2124 411 2175 si
424 2125 449 2175 iu
462 2124 562 2190 peccetis
574 2125 619 2190 sit,
631 2125 771 2176 dimittentur
783 2125 815 2176 ci.
828 2141 843 2174 n

52 2197 162 2260 Porticitur
174 2201 252 2249 nutem
265 2197 334 2248 homo
345 2197 369 2247 in
382 2197 460 2258 prdinc
474 2197 503 2248 ed
519 2200 590 2254 toturn
607 2197 791 2249 communitatem
802 2199 844 2249 du·

51 2269 148 2331 pliciter:
165 2271 217 2321 Uno
227 2270 304 2332 modo,
316 2283 357 2334 per
369 2271 413 2320 lroc
429 2268 492 2333 qnid
506 2269 587 2334 accipit
599 2271 735 2332 potestatem
749 2269 843 2333 regendi

52 2343 211 2394 multitudinem
226 2346 250 2393 ct
268 2341 390 2392 exercendi
402 2345 467 2392 actus
479 2341 591 2406 publicos.
605 2342 635 2392 Et
648 2342 698 2392 loco
716 2340 799 2405 hujus,
819 2342 844 2391 iu

52 2415 153 2476 plurumi
173 2415 236 2475 nita,
248 2417 285 2464 est
301 2417 487 2464 sacromentum
509 2413 623 2474 ordinis,
641 2411 768 2464 secuudum
787 2412 844 2464 illud

50 2486 125 2547 llsdr„
137 2487 189 2548 vll,
200 2484 262 2550 qnod
278 2485 430 2535 «sacerdotes
439 2484 526 2536 hostius
540 2484 650 2549 oderunt,
662 2496 708 2535 uon
717 2483 790 2534 solim
800 2497 843 2548 pro

50 2569 76 2619 nc,
89 2560 129 2610 scd
142 2557 214 2608 mum
224 2569 267 2622 pro
278 2557 371 2621 populo.
387 2571 402 2602 s
415 2557 536 2617 monnio,
553 2556 662 2620 quantum
675 2555 705 2606 cd
718 2557 843 2606 naturalem

24 2680 25 2683 ,
51 2629 241 2694 propemodum,
253 2628 315 2692 qnod
325 2627 351 2676 ut
360 2641 402 2692 per
410 2627 625 2684 matrimonium,
637 2626 684 2678 tim
693 2627 717 2676 in
731 2627 843 2690 corporali

51 2700 106 2761 enlm
123 2702 150 2751 in
164 2699 278 2765 spirituali
291 2699 349 2763 vitu,
362 2698 458 2762 eoquod
469 2701 504 2749 est
517 2711 562 2750 non
575 2697 649 2750 colion
664 2701 838 2759 sacramentnm,

75 2852 107 2918 (l)
124 2859 248 2914 Exgrmoo
261 2850 358 2922 dicitu,
372 2853 396 2899 ld
417 2858 455 2900 cst
473 2857 539 2900 ocntn
558 2849 721 2910 vintiundo,
739 2859 791 2908 qum
814 2847 844 2894 nd

53 2927 225 2974 mnscnnudnm
242 2927 280 2971 nel
300 2927 455 2982 repetundum
473 2925 597 2974 suuitctcm
617 2925 767 2978 observatum
783 2919 845 2978 quod

54 2991 122 3044 nnlllm
131 2991 228 3051 sepiens
240 2999 362 3038 nocemus.
