1942 3284
273 217 305 254 nn
321 216 627 257 rulnssunsnanrrnrronn.
808 212 852 259 sol

47 293 211 357 prejacentem
225 292 355 343 materiam.
364 292 473 343 Similiter
483 294 553 345 eliam
563 308 609 345 non
622 297 658 345 est
666 294 719 345 dare
731 294 791 347 unde
799 296 852 347 talis

45 363 158 415 resolutio
178 364 215 413 rel
236 363 369 416 annihilatio
390 365 415 413 in
439 366 483 417 hoc
508 368 649 417 sacramento
669 368 782 430 causetur,
801 366 854 417 cium

46 434 139 486 edectns
155 434 293 485 sacramenti
309 434 449 499 significetur
462 450 503 501 per
524 437 629 487 sormam.
647 436 758 487 Neutrum
771 440 849 489 autom

46 505 127 555 homm
145 505 288 567 significatur
303 519 343 570 per
357 507 405 557 hec
424 508 493 557 rerba
507 507 585 557 forma
601 522 607 557 :
625 524 638 555 u
657 507 705 557 Hoc
719 509 754 556 εει
767 520 852 572 corpus

49 589 133 629 meum.
147 592 162 625 n
185 577 248 627 Unde
262 580 325 642 patet
343 577 474 641 predictam
488 576 625 643 positionem
640 591 691 629 esse
701 577 791 628 falsam.

76 650 113 698 nd
122 648 224 714 primum
234 662 288 712 ergo
302 649 432 710 dicendum,
441 648 504 713 quod
517 649 642 700 substantia
653 649 720 714 panis
734 650 770 700 vel
787 650 845 714 uini,

47 716 106 769 lacta
117 720 309 783 consecratione,
322 732 398 784 neque
413 720 456 770 suh
473 720 592 785 speciebus
605 721 740 771 sacramenti
755 725 849 783 manet,

48 791 192 854 nequealihi.
203 792 255 842 Non
268 797 345 843 tamen
357 792 459 856 sequitur
472 792 532 857 quid
545 792 693 857 annihiletur3
707 793 846 845 conuertitur

47 862 105 911 enim
120 863 144 912 iu
158 876 243 927 corpus
254 862 336 915 Christi
345 876 353 923 ;
363 864 422 914 sicut
434 877 481 914 non
496 864 609 927 sequitur,
621 864 641 913 si
655 877 694 915 aer
703 878 732 914 ex
749 878 793 929 quio
805 876 846 929 ge·

47 937 137 983 neratus
152 938 189 985 est
199 934 260 998 ignis
275 947 322 986 nou
336 934 366 985 sit
380 934 413 985 ihi
431 936 469 985 rel
482 934 536 985 alihi
544 971 553 998 ,
567 934 627 999 quudd
646 934 675 985 sit
696 935 846 987 annihilatus.

74 1006 108 1055 lu
124 1006 252 1055 secuudum
273 1006 410 1069 dicendum,
425 1006 485 1071 qudd
499 1008 572 1057 iorma
587 1020 637 1071 quon
659 1010 692 1058 est
708 1006 846 1057 terminasti

47 1091 105 1139 quo,
120 1090 168 1128 nou
182 1078 321 1128 convertitur
340 1078 365 1127 in
380 1078 447 1127 aliam
462 1077 570 1139 formam,
591 1079 691 1129 seduna
707 1079 780 1130 forma
793 1091 847 1151 suc3

49 1149 105 1199 cedit
117 1148 185 1199 alteri
194 1149 220 1199 in
230 1149 346 1213 subject03
358 1152 382 1200 et
398 1149 449 1200 ideo
462 1149 535 1220 prima
548 1149 619 1201 torma
634 1163 678 1211 non
690 1153 792 1201 remanet
801 1150 847 1199 uisa

46 1218 184 1283 inpotentia
200 1220 309 1271 materie.
324 1220 421 1271 sedhic
439 1221 566 1271 substantia
584 1221 650 1285 panis
667 1222 805 1272 convertitur
821 1220 846 1271 in

47 1303 123 1355 corpus
137 1292 235 1354 Christi,
246 1295 273 1341 ut
288 1292 356 1356 suprl
370 1292 454 1342 dictum
468 1297 512 1342 εει.
529 1292 592 1343 Unde
606 1292 663 1343 ratio
678 1306 723 1344 uon
734 1292 845 1356 sequitur.

74 1364 106 1412 ld
118 1363 212 1413 tertium
223 1362 359 1426 dicendum,
375 1363 436 1427 quod
451 1362 505 1415 licet
519 1368 572 1429 post
583 1364 777 1415 consecrationem
793 1364 844 1413 hnc

48 1433 75 1482 sit
88 1435 145 1485 laisa
157 1451 163 1483 :
181 1434 335 1483 «Substantia
346 1434 413 1499 panis
432 1438 469 1485 est
482 1434 581 1498 aliquid,
596 1451 609 1482 n
624 1434 647 1485 id
662 1434 774 1485 tamenin
786 1432 847 1497 quod

48 1506 167 1557 substantia
185 1506 252 1569 panis
266 1509 303 1556 εει
315 1520 435 1570 munerea,
448 1511 485 1557 est
499 1506 594 1571 aliquid.
609 1507 637 1557 Et
650 1507 702 1558 ideo
717 1505 847 1557 substantia

48 1577 110 1638 panis
125 1591 173 1629 uon
187 1581 223 1628 est
237 1576 371 1627 annihilata.
861 1576 865 1584 '

338 1755 501 1807 numenius
517 1755 555 1805 lv,

134 1881 222 1927 tttrtim
229 1882 301 1939 pamm
314 1882 388 1937 possit
403 1880 510 1925 converti
519 1881 546 1925 io
555 1891 640 1935 corpm
656 1878 756 1925 Christi.

78 2007 110 2057 ld
128 2011 233 2071 quartum
255 2006 289 2058 sio
311 2007 440 2071 proceditur
450 2006 498 2071 (l).
516 2006 610 2057 Videtur
627 2005 688 2071 quod
710 2004 776 2070 prinis
799 2017 847 2057 non

50 2078 114 2140 possit
131 2078 232 2129 conserti
249 2076 274 2127 in
297 2092 379 2142 corpus
398 2077 495 2128 Christi.
510 2075 634 2128 Conversio
658 2076 719 2127 enim
743 2075 846 2140 quedam

52 2149 138 2200 mutatio
153 2153 199 2201 est.
214 2149 259 2200 Sed
272 2149 296 2199 in
309 2149 373 2200 omni
386 2149 513 2200 mutatione
525 2152 613 2213 oportet
628 2162 678 2200 esse
690 2148 781 2212 aliquod
792 2146 848 2197 suh-

49 2217 146 2283 jectum,
162 2222 225 2284 quod
243 2219 307 2285 prihs
325 2224 362 2271 est
381 2220 404 2269 in
426 2220 543 2284 potentia,
559 2223 582 2271 ει
599 2218 679 2283 posted
696 2218 720 2268 in
736 2222 803 2281 aclu;
822 2219 848 2265 ut

52 2289 105 2339 enim
118 2291 202 2342 dicitur
213 2293 254 2343 lll.
268 2292 369 2357 physic.
387 2293 459 2357 (tent.
476 2297 490 2341 6
508 2291 528 2357 ),
543 2308 557 2340 u
567 2296 641 2341 motus
658 2293 694 2341 est
709 2294 773 2340 actus
785 2286 847 2338 exis·

53 2362 114 2411 tentis
130 2363 154 2412 in
172 2362 284 2426 potentia.
300 2380 314 2411 u
326 2364 377 2413 Non
391 2367 426 2413 est
440 2366 516 2413 autom
537 2363 589 2413 dare
609 2362 700 2426 aliquod
721 2361 849 2424 subjectum

54 2434 179 2485 substantie
188 2435 254 2499 panis
264 2439 287 2484 et
295 2434 395 2499 corporis
405 2434 504 2499 Christi;
515 2434 606 2498 quiade
618 2433 704 2483 ratione
713 2430 849 2482 substantiae

54 2507 96 2567 εει,
108 2504 168 2570 quod
185 2505 215 2556 sit
230 2519 276 2556 nou
292 2506 318 2557 in
336 2506 452 2570 subiecto,
466 2510 492 2555 ut
506 2505 587 2556 dicitnr
600 2503 624 2553 in
635 2502 848 2554 Prodicumcntts

82 2618 112 2682 (ι)
125 2626 159 2669 lic
170 2623 285 2669 bisetium
299 2623 373 2680 iatri,
389 2630 433 2669 art.
446 2624 471 2680 o,
485 2625 510 2668 in
520 2636 597 2680 corp„
610 2628 633 2669 el
646 2627 690 2668 art.
702 2620 730 2677 8,
746 2622 770 2665 iu
780 2630 845 2675 corp.

54 2686 110 2730 etad
120 2685 150 2739 ὃς
167 2693 193 2732 et
201 2688 245 2742 IV,
258 2688 337 2737 Seue..
347 2687 401 2733 dist.
413 2685 456 2743 ιι,
470 2697 512 2742 qu.
524 2686 549 2742 l,
563 2692 607 2731 art.
622 2684 651 2740 ι,
665 2684 803 2741 quicelinus.
816 2682 840 2738 ⁹,

54 2747 79 2791 ad
89 2747 116 2809 l,
129 2754 155 2794 et
165 2750 304 2805 questione.
315 2750 340 2807 ³,
351 2750 380 2795 ad
396 2752 421 2808 3,
432 2754 457 2794 ct
470 2754 517 2795 art.
530 2748 553 2808 3,
569 2749 705 2805 quoestiuno.
719 2745 742 2803 1,
757 2756 798 2801 per
810 2747 846 2788 to·

53 2812 109 2863 tnm;
123 2816 147 2856 ει
165 2810 257 2857 Contra
274 2812 355 2863 Geni„
371 2813 415 2859 lih.
432 2812 476 2869 IV,
488 2824 542 2868 cap.
563 2810 609 2863 63;
625 2815 650 2855 ει
672 2806 799 2865 οεωάιιὸ..
811 2807 844 2862 V,

54 2876 94 2916 ιιι*
105 2872 176 2926 1¹tet
189 2874 331 2936 Opusml,
341 2888 394 2934 cap.
404 2874 430 2930 8;
447 2874 501 2920 etl.
515 2874 583 2926 Cor..
597 2874 641 2935 xl,
654 2872 710 2918 lect.
721 2868 745 2931 t,
761 2868 808 2916 col.
817 2865 842 2925 ti,

55 2939 75 2979 et
86 2934 138 2983 leet.
151 2934 177 2998 5,
192 2936 238 2983 col.
259 2936 283 2983 3.
