1942 3284
114 199 162 247 nsi
258 210 461 259 snrrnrrrnrur,
475 210 569 256 onmsr.
586 210 650 262 xxn,
667 211 724 248 arr.
740 210 774 247 iv.

147 287 182 337 Ad
202 287 326 338 secundnm
347 285 485 349 dicendum,
500 285 559 349 qnod
573 286 693 351 conficere
710 286 858 349 consequitur
875 299 922 351 po·

114 363 221 409 scrutor
235 358 379 419 characteris,
393 357 433 421 qni
446 356 575 409 indelebilis
583 360 637 418 esi;
653 362 677 409 ei
687 358 739 409 ideo
751 360 822 409 nomo
835 371 869 409 ex
878 371 923 423 qun

115 432 269 483 characterem
279 429 365 479 ordinis
378 430 458 493 habet,
471 442 560 495 semper
576 434 654 495 potest
668 430 797 492 conficere,
810 429 869 481 ficet
879 441 926 479 non

117 516 208 567 semper
224 501 247 551 ei
266 501 340 551 liccat.
363 501 435 553 Secns
454 506 531 551 antem
551 503 580 553 dc
600 502 861 565 excommunicatione,
876 512 925 565 muz

117 573 299 638 jurisdictionem
312 572 423 637 sequitur,
436 585 488 637 qum
502 571 586 623 ameni
599 575 677 636 potest
689 576 714 623 ei
726 573 805 635 ligari.

411 750 572 803 numenius
586 751 626 801 lV.

122 876 208 923 Utricm
218 876 307 934 uliquis
319 876 395 933 poerit
409 876 519 931 reipsum,
530 876 567 920 vel
582 874 710 933 aqualem,
727 876 767 921 vel
778 881 925 935 superum
962 900 963 911 ι

412 937 623 983 excommunicare.

151 1071 185 1121 Ad
194 1073 301 1135 quartum
311 1069 345 1120 sic
353 1068 491 1133 proceditur.
505 1067 669 1132 Videtnrqnod
681 1069 769 1133 aliquis
785 1070 866 1134 possit
875 1070 926 1134 scip

120 1154 181 1207 sum,
192 1141 361 1205 velaeqnalem,
376 1139 413 1190 vei
427 1140 564 1203 superiorem
582 1141 797 1193 excommunicare.
820 1142 882 1203 Quia
893 1154 926 1193 au·

121 1216 187 1280 gelus
201 1215 241 1265 lici
259 1214 332 1278 major
346 1215 396 1263 erat
410 1212 497 1275 Panlo,
512 1213 614 1269 Morti„
636 1213 666 1263 Xl
682 1228 688 1263 :
704 1231 719 1261 «
735 1214 782 1273 Qui
802 1216 882 1266 minor
897 1220 925 1265 esi

119 1284 145 1335 in
158 1298 228 1346 regno
240 1284 364 1346 caelorum,
378 1285 450 1348 major
465 1289 502 1335 cst
515 1284 595 1348 ilio‚n
611 1297 656 1348 qno
670 1302 685 1331 r
699 1297 773 1335 nemo
791 1285 857 1337 inter
870 1290 926 1337 naus

120 1356 240 1405 mulierum
253 1355 362 1418 major.»
383 1356 429 1405 Sed
446 1356 530 1406 Paulus
547 1355 759 1406 excommunicarit
778 1358 926 1421 angelornm

122 1427 192 1487 ateio,
213 1430 241 1476 ni
259 1429 324 1490 patet
344 1424 442 1484 Galat„
465 1427 485 1477 1.
507 1426 567 1491 Ergo
589 1427 657 1477 homo
679 1430 760 1493 potest
786 1429 927 1493 superiorem
963 1448 964 1471 ³

121 1498 325 1550 excommunicare.

153 1573 178 1619 r.
193 1570 323 1632 Praeterea,
339 1570 445 1620 sacerdos
454 1570 576 1634 aliqnando
587 1569 774 1620 excommunicat
789 1571 816 1620 in
833 1572 926 1635 generali

123 1654 166 1707 pro
185 1640 263 1702 furio,
277 1642 313 1691 vel
325 1655 367 1706 pro
384 1642 460 1705 aliquo
474 1640 615 1705 hujusmodi.
632 1639 677 1691 Sed
696 1643 776 1704 potest
795 1643 924 1707 contingere

123 1712 183 1777 qnod
197 1712 295 1778 ipsemet
308 1713 380 1778 iecit,
394 1713 432 1763 sel
445 1712 561 1776 superior,
580 1715 619 1762 ant
639 1710 744 1774 equalis.
766 1713 833 1777 Ergo
854 1714 926 1779 aliquis

120 1788 199 1848 poert
210 1798 251 1849 se,
264 1785 302 1835 rel
316 1783 442 1847 aqualem,
461 1783 500 1833 vel
519 1782 659 1847 superiorem
682 1786 900 1836 excommunicare.

155 1860 179 1907 ο.
193 1858 321 1920 Praeterea,
337 1854 419 1918 aliquis
439 1858 516 1919 potest
536 1854 677 1919 superiorem
691 1853 818 1905 absoluere
839 1856 863 1906 in
886 1857 926 1907 inm

122 1925 290 1991 poenitentiali,
308 1925 345 1976 rel
365 1925 490 1989 aeqnalem,
502 1924 561 1975 sicui
581 1923 632 1974 cim
645 1924 749 1989 episcopi
769 1926 823 1977 suis
837 1928 926 1978 saudim

122 1998 269 2059 couniantur,
286 2001 309 2047 ci
323 1998 375 2046 enm
395 2011 456 2047 nnus
471 1998 578 2047 sacerdos
595 1995 660 2045 alieri
681 1995 783 2047 venialia
800 1999 926 2050 confltetur,

123 2068 183 2129 Ergo
195 2067 286 2117 sinetur
306 2067 366 2132 quod
382 2068 452 2118 eiiam
468 2066 663 2119 excommunicare
682 2066 768 2131 aliquis
786 2068 927 2132 superiorem

122 2139 160 2188 vei
170 2138 279 2201 equalem
291 2139 374 2203 possit.

154 2208 314 2260 moranno:
333 2210 540 2261 excommunicatio
557 2213 592 2260 cst
611 2212 675 2260 actus
690 2208 874 2273 jurisdictionis.
890 2212 927 2263 Sed

124 2279 209 2343 aliquis
221 2292 269 2329 non
281 2281 352 2332 habai
364 2280 389 2331 in
403 2294 428 2330 se
439 2280 638 2344 jurisdictionem,
652 2279 707 2343 qnia
721 2280 747 2329 in
765 2282 850 2332 eadem
864 2296 926 2333 nans
964 2342 965 2349 ἵ

124 2362 171 2401 non
187 2354 263 2415 pnicst
276 2352 327 2415 qnis
340 2365 390 2402 esse
402 2350 475 2416 juncr
489 2355 513 2401 et
524 2364 590 2415 rons3
601 2362 643 2401 nec
656 2350 739 2401 iterum
751 2350 778 2399 in
788 2354 926 2417 superiorem

123 2424 164 2474 aut
175 2421 294 2485 aqualem.
311 2424 371 2487 Ergo
383 2434 430 2473 non
446 2426 523 2486 potest
535 2422 616 2487 aliquis
633 2420 791 2485 superiorem,
807 2424 927 2488 velaequ-

122 2494 183 2557 lem,
197 2498 237 2545 ani
250 2508 277 2545 sc
290 2493 494 2545 excommunicare.

155 2567 308 2631 (Cnrmnsro.
322 2593 355 2605 -
367 2565 424 2617 cnm
443 2578 485 2629 per
498 2563 695 2629 jurisdictionem,
710 2564 781 2627 cnjns
805 2570 874 2617 acius
896 2572 927 2619 esi

122 2637 337 2699 excommunicatio,
345 2650 374 2689 eo
386 2635 483 2701 quisque
497 2636 602 2699 superior
614 2634 654 2686 flat
663 2635 688 2686 in
702 2648 773 2701 quem
785 2634 852 2686 iiiam
866 2652 927 2689 erer-

123 2713 177 2769 cei,
191 2711 267 2761 nullus
288 2714 365 2775 potest
385 2708 501 2773 seipsum,
518 2707 557 2759 nel
579 2708 704 2771 mqnalem,
725 2707 762 2757 nel
787 2708 926 2773 superiorem

119 2780 342 2845 excommunicare.)

154 2850 292 2916 nemorales
305 2850 444 2912 dicendum,
458 2850 519 2915 qnod
532 2848 584 2901 cim
595 2862 637 2915 per
647 2848 836 2914 jurisdictionem
848 2850 927 2917 aliquis

124 2923 277 2974 conmitnatnr
296 2924 320 2974 in
338 2926 408 2988 grado
426 2923 594 2989 superioritaiis
615 2928 722 2989 respectu
747 2923 800 2988 ejus
817 2924 843 2974 in
861 2936 926 2988 quen
