1942 3284
123 223 168 268 eta
277 226 338 263 eras
354 227 394 272 ιιι,
412 225 505 270 onmsr.
523 224 625 271 uxxtx,
640 224 696 261 tur.
715 225 752 260 ιιι.

120 300 189 364 elium
204 299 275 351 adulti
286 302 456 362 consequuntur
467 298 577 362 maiorem
591 298 630 352 rel
641 297 755 351 minorem
762 299 868 364 gutum,
875 313 910 352 sc·

119 369 216 423 cundim
229 370 289 434 onii
300 369 452 421 diversimode
465 381 491 420 se
501 369 631 432 imponent

960 70 963 277 l

150 443 184 493 bd
196 440 290 492 tertium
297 441 428 504 dicendum,
435 440 496 504 quod
507 439 642 492 assimilatio
654 439 694 490 illa
705 439 825 504 uniusque
832 444 909 505 gretie
962 440 963 445 ’

118 513 148 564 ud
160 512 234 562 lucem
247 511 402 575 vespertinam
413 515 437 562 et
447 510 589 571 matutinam,
597 510 623 560 tit
635 515 728 574 propter
737 511 910 566 similitudinem

120 581 416 646 ordinis,quiepostlncem
424 580 577 644 vespertinum
586 583 819 644 seqnmturtancbra
827 585 908 646 motis,

118 655 172 716 post
189 652 263 702 lucem
278 655 353 703 autern
369 651 504 702 matutinam
517 652 620 715 sequitur
635 651 675 701 lux
691 651 754 714 diei;
769 665 817 704 non
834 659 909 706 autem

118 727 210 786 propter
228 720 397 774 similitudinem
412 721 506 785 maioris
522 721 558 772 ool
579 721 674 773 minoris
693 723 838 785 quantitatis.
852 724 909 774 illud

118 792 186 844 etiam
200 793 295 844 verbum
308 793 409 858 Apostoli
422 793 554 855 intelligitur
568 793 596 843 dc
608 792 680 855 gretie
692 792 795 855 Christi,
810 808 861 857 qum
873 809 911 846 su·

118 867 183 927 perri
190 875 280 914 omnem
287 863 448 914 abunduntiam
457 865 606 913 bumanorum
612 866 767 925 peccatorum.
775 864 825 914 lion
835 869 910 916 antem

118 937 154 984 est
168 945 246 984 verum
264 933 289 984 in
307 933 426 996 omuibus,
445 933 505 996 quod
521 933 607 997 quanti
625 933 777 984 abundantiis
794 941 906 997 peccant,

117 1003 180 1055 tenti
199 1003 384 1055 abundantiorem
403 1003 499 1066 gratiam
515 1006 695 1066 consequantur,
710 1003 805 1067 pensati
821 1008 911 1068 qimi
965 1004 966 1011 ’

116 1079 164 1128 tate
182 1075 303 1126 habitualis
318 1075 409 1137 gratiae3
421 1078 545 1124 esttamen
561 1074 748 1137 superabundans
758 1075 830 1138 gratia
839 1089 911 1139 quam

117 1148 206 1197 turned
221 1145 294 1210 ipsam
305 1145 382 1207 gratim
403 1145 514 1196 rationem
521 1179 531 1207 ,
541 1144 595 1207 quir
608 1144 680 1208 magia
690 1146 762 1207 gratis
775 1147 909 1197 beneficium
966 1186 967 1205 p

117 1216 257 1267 remissionis
278 1215 350 1278 magis
366 1215 481 1278 peccatori
504 1214 626 1265 conlector.
648 1215 758 1272 Quamvis
774 1217 909 1281 quaudoque
966 1258 967 1261 ,

117 1285 386 1350 abundanterpeocantes
398 1282 548 1335 abundantiis
565 1284 669 1347 doleant3
683 1289 708 1334 et
718 1284 753 1336 sio
762 1285 909 1338 abundantio-

117 1355 279 1488 ffidlffirirtam
293 1355 371 1418 gratier
384 1359 408 1405 et
422 1353 532 1406 muitum
546 1358 725 1418 conuincitur,
738 1355 800 1406 siout
811 1358 908 1421 palatia

149 1496 183 1547 td
194 1495 218 1546 id
237 1494 293 1546 uero
305 1495 366 1560 quod
384 1495 560 1547 incontrarimn
577 1494 683 1557 obiicitur
700 1495 836 1561 doemunt,
849 1498 908 1562 prid
967 1454 968 1465 ἵ

119 1577 165 1617 nna
177 1568 290 1618 eteoclem
302 1567 375 1630 gretia
389 1570 506 1629 majorcst
515 1566 637 1630 pmicieus
645 1565 714 1630 quim
727 1567 854 1632 incipiena3
868 1571 907 1620 aed

118 1637 143 1686 in
153 1635 248 1688 diversis
259 1639 303 1690 boc
315 1648 361 1687 non
379 1641 414 1686 est
427 1647 520 1686 necesse
526 1671 536 1697 ,
554 1649 614 1686 unus
626 1637 689 1686 enim
702 1635 787 1701 incipit
803 1639 817 1688 d
830 1640 908 1702 mabri
968 1632 969 1685 i

117 1709 203 1773 graie,
219 1707 286 1772 quim
299 1709 358 1759 alius
371 1708 453 1758 babeat
465 1707 492 1758 in
506 1711 566 1758 statu
580 1707 711 1771 protectis,
722 1708 784 1760 sicut
790 1711 908 1774 Gregorius

116 1779 173 1831 dicit
186 1780 212 1830 in
231 1781 250 1830 ll
267 1779 367 1842 Dialog.
384 1778 451 1843 (cap.
468 1777 501 1841 t)
521 1777 687 1836 :duramnus
703 1782 729 1830 et
743 1786 870 1842 pressum
884 1787 908 1832 at

118 1850 218 1900 secuturi
235 1862 315 1900 omnes
328 1852 495 1912 agnoscerent,
508 1848 642 1898 benedictus
660 1860 719 1912 puer
729 1851 907 1903 mereatoris

118 1918 212 1982 galim
224 1918 237 1970 i
248 1924 332 1984 quanta
346 1919 486 1984 perfectione
497 1918 637 1983 caepisset.»

396 2094 556 2146 inlicitos
570 2094 610 2144 tlt.

161 2222 247 2270 ocrim
255 2233 298 2278 per
305 2222 467 2327 poentcenttaga
474 2221 620 2326 resitittreactaar
629 2219 698 2266 bomo
704 2223 733 2267 iar
742 2225 872 2280 prium

459 2295 536 2340 epora
560 2295 591 2327 m.

147 2415 183 2464 ild
203 2412 295 2462 unium
308 2413 342 2462 sic
357 2410 496 2476 proceditur.
509 2410 605 2461 Videtur
623 2410 683 2474 qnod
699 2425 741 2475 per
754 2413 908 2476 promarum

116 2497 164 2536 nou
179 2481 311 2534 restituetur
320 2482 388 2532 bomo
397 2481 421 2530 in
431 2480 549 2543 pristinum
558 2481 700 2543 dignitatem.
710 2481 907 2548 Quiaaaperiltad

116 2553 244 2614 Amani:
260 2570 274 2601 ιι
288 2552 355 2616 Virgo
367 2551 435 2601 lsrael
449 2550 539 2613 cecidit,
550 2568 564 2599 n
577 2551 631 2601 dicit
640 2551 721 2602 Glossa
735 2568 741 2601 :
754 2554 830 2606 «bon
843 2563 909 2618 regri

117 2637 184 2690 posse
206 2634 342 2686 resurgere,
355 2622 393 2672 sed
412 2633 458 2672 non
471 2625 576 2685 resurget
591 2621 654 2685 virgo
674 2622 758 2684 tunel,
772 2624 826 2686 onia
839 2625 908 2676 semel

116 2694 299 2757 eternoacum,
320 2691 362 2743 etsi
380 2695 507 2756 reportetur
522 2692 625 2744 bumaria
645 2693 756 2757 pistorie,
776 2707 823 2747 noa
842 2697 909 2748 briei

114 2770 204 2816 tuntum
217 2765 311 2827 gloriam
327 2766 433 2826 quinum
451 2775 503 2826 qum
517 2775 634 2826 nunqnam
653 2765 745 2816 emit
761 2781 777 2812 ιι
790 2767 852 2830 Ergo
868 2780 908 2832 μ

116 2835 272 2898 poenitentiam
286 2844 331 2883 uon
344 2835 464 2895 recuperat
475 2832 544 2882 bomo
556 2833 676 2896 pristinam
686 2833 830 2895 dignitatem.

146 2907 171 2958 i.
183 2905 293 2954 Preterea
301 2939 310 2966 ,
325 2902 477 2952 ilioronamua
490 2902 546 2952 dicit
563 2916 569 2951 ι
585 2918 600 2951 a
617 2896 758 2969 chumguo
771 2906 903 2970 dignita&
