1942 3284
130 112 179 166 ttt’
284 128 485 175 suernsuenrur,
503 128 597 171 eumer.
615 126 672 175 nv,
689 126 742 163 tar.
761 128 776 160 r.

438 310 602 361 atticotos
620 312 639 358 1.

178 443 265 487 tttrdm
275 454 317 498 per
324 442 501 497 indotpcntiom
504 440 580 497 possit
588 440 684 497 aliquid
693 438 785 483 remitti
793 438 825 483 rte
836 451 907 494 ponar

431 504 605 558 satisfactoria.

165 637 199 686 td
216 635 314 698 pnmnm
331 634 365 684 sic
375 634 514 699 proceditur.
526 633 622 683 Videtur
635 633 696 696 qndd
714 647 759 696 per
773 632 938 696 indulgentiam

134 720 181 757 nou
195 707 269 769 possit
278 706 366 770 aliquid
380 704 468 758 remitti
486 705 514 755 de
532 716 602 769 poena
617 703 787 755 satisfactoria.
802 704 869 763 Quia
883 715 938 767 super

134 778 190 827 illud
214 777 244 827 lt.
266 777 340 835 Tim„
361 778 402 827 lt:
426 777 541 839 «Negare
559 776 660 839 seipsum
677 788 726 825 nou
746 780 852 839 potest,
867 792 882 823 n
894 775 937 824 dirit

135 848 215 898 Glossa
230 847 369 912 (interlin.)
382 863 389 897 :
407 863 421 893 n
435 846 500 906 Quod
513 846 614 905 faceret,
629 846 650 895 si
664 846 727 895 dictu
743 860 791 895 sua
804 860 859 897 non
871 844 938 910 inple

135 924 180 969 ret.
190 937 205 968 n
216 920 317 985 Sedipse
327 920 394 982 dixit,
405 922 492 975 Dent..
502 918 563 969 XXV
574 932 581 967 t
593 918 660 968 «Pro
674 932 789 969 mensura
802 920 935 983 peoeadmr

136 994 161 1039 et
174 991 292 1055 plagarum
302 992 390 1042 modus.
402 1007 417 1038 a
427 991 488 1052 Ergo
494 1002 540 1041 non
551 993 627 1054 potest
639 988 729 1053 aliquid
740 989 839 1040 remitti
848 992 878 1041 de
886 1002 937 1054 pma

136 1062 312 1124 satisfactionis,
323 1067 399 1112 taxata
412 1060 540 1113 secundirm
552 1061 705 1125 quantitatem
717 1061 811 1124 culpae.

168 1137 194 1183 Ξ.
207 1136 334 1195 Praeterea,
348 1132 444 1183 inferior
456 1144 504 1183 nou
521 1136 597 1195 potest
612 1130 733 1181 absolvere
754 1134 789 1183 al)
806 1146 839 1184 eo
852 1134 880 1183 ad
893 1134 937 1195 pne*

138 1205 241 1268 superior
251 1204 368 1267 obligarit.
384 1204 429 1254 sed
442 1206 502 1255 lteue
515 1204 540 1253 in
553 1202 692 1253 absolvendo
706 1202 817 1269 iculpa,
833 1204 936 1267 obtima

138 1288 229 1338 ponam
242 1276 406 1339 temporalem,
420 1279 447 1324 ut
464 1274 519 1325 dicit
532 1276 596 1339 nugo
614 1276 641 1324 de
658 1275 684 1323 S.
702 1274 806 1325 Victore
821 1277 903 1341 (tram
913 1280 937 1330 t,

138 1348 261 1409 Summo,
273 1360 324 1411 cap.
335 1346 385 1411 lt).
397 1348 458 1411 Ergo
468 1347 543 1397 nullus
556 1349 624 1397 homo
635 1350 712 1410 potest
723 1347 878 1400 absolveret
887 1362 937 1413 potr

140 1416 194 1479 itia,
206 1418 293 1481 aliquid
309 1418 363 1469 inde
376 1418 522 1469 dimittendo.

173 1492 196 1539 3.
211 1490 336 1553 Preterea,
352 1492 397 1541 troc
418 1490 447 1540 ad
464 1493 600 1555 potestatem
617 1488 767 1541 excellentiae
796 1494 909 1555 pertinet,
920 1496 937 1540 rt

139 1561 190 1612 sinc
201 1562 349 1613 sacramentis
362 1562 457 1613 eftectus
471 1564 663 1613 sacramentorum
680 1562 802 1613 tradatur.
818 1566 867 1616 Sed
880 1566 936 1614 nulrn

143 1634 213 1684 habet
227 1639 365 1700 potestatem
384 1634 526 1685 excellentia
543 1634 567 1683 in
583 1632 745 1695 sacramentis,
768 1636 823 1685 nisi
845 1638 936 1688 Ctrietm

144 1704 202 1754 Cium
215 1720 269 1769 ergo
280 1705 405 1757 satisfactio
418 1706 448 1755 sit
460 1718 513 1769 pars
527 1704 662 1755 sacramenti
673 1704 847 1770 paenitentiae,
861 1720 936 1772 oprnrs

145 1775 175 1825 ad
183 1776 337 1829 dimissionem
349 1790 424 1841 poene
433 1776 528 1839 debite,
540 1776 628 1827 ridetur
636 1774 697 1838 quod
711 1775 798 1827 nullus
807 1778 937 1844 homopuns

145 1848 218 1911 possit
226 1850 339 1900 dimittere
350 1849 451 1899 debitum
461 1862 536 1913 poenae
547 1846 598 1898 sine
607 1844 777 1897 satisfactione.

178 1924 202 1970 t.
217 1923 346 1981 Praeterea,
358 1922 459 1983 potestas
467 1918 578 1969 ministris
588 1916 696 1968 Ecclesia
712 1930 764 1967 non
782 1924 825 1969 est
839 1921 937 1971 traditu

145 1992 330 2053 destructionem,
341 1991 415 2041 sedin
424 1990 606 2042 aedificationem.
616 1988 714 2039 Sedhoo
728 1988 761 2039 ad
770 1990 937 2043 destructionem

145 2061 285 2125 pertineret,
300 2060 321 2110 si
334 2061 475 2123 satisfactio,
493 2074 544 2125 quae
558 2061 586 2111 ad
599 2059 718 2109 utilitatem
733 2066 848 2112 nostram
865 2064 937 2113 induor

146 2135 193 2196 est,
208 2133 234 2181 in
252 2135 364 2196 quantum
379 2133 505 2183 remedium
519 2132 616 2197 prabet,
630 2130 762 2181 tolleretur.
774 2132 842 2197 Ergo
856 2140 937 2201 potesta

145 2202 299 2253 ministrorum
312 2203 419 2254 Ecclesiae
432 2204 461 2253 ed
473 2204 520 2253 hoc
532 2214 558 2254 se
571 2216 617 2253 non
629 2202 741 2254 extendit.

176 2273 221 2323 Sed
234 2279 329 2335 contra,
343 2276 368 2324 in
379 2276 410 2325 ll.
428 2275 501 2335 Gor„
513 2274 554 2325 ll:
572 2291 585 2322 o
595 2274 653 2325 Nam
665 2277 689 2324 et
704 2286 749 2337 ego
767 2278 834 2337 quod
853 2278 934 2329 donant

144 2344 229 2409 siquid
243 2346 344 2409 donari,
357 2349 451 2410 propter
466 2360 509 2396 ros
524 2346 547 2395 ia
566 2357 662 2409 persona
675 2344 778 2406 Christi,
791 2363 808 2394 ιι
824 2348 903 2401 Glossa
914 2352 934 2399 d·

144 2418 176 2467 cit
187 2433 193 2467 :
204 2417 252 2466 old
264 2419 308 2475 est,
323 2430 349 2467 ac
361 2416 383 2467 si
400 2415 506 2467 consus
517 2417 632 2467 donasset.
644 2432 659 2465 u
673 2416 718 2467 Sed
733 2417 848 2470 Christum
860 2426 935 2485 poten

142 2489 243 2539 relaxare
259 2488 344 2549 absque
357 2487 422 2537 omui
435 2488 592 2539 satisfactione
607 2499 702 2551 poenam'
711 2489 821 2553 peccati,
832 2495 858 2541 ut
876 2497 934 2557 patet.

142 2562 227 2620 tono,
235 2558 298 2619 thl,
309 2558 338 2607 de
351 2558 445 2608 mutere
455 2559 565 2609 adultera.
577 2560 636 2622 Ergo
649 2562 673 2609 et
686 2559 775 2609 Paulus
786 2563 872 2623 potuit
888 2566 935 2627 ltrp

142 2635 166 2680 et
183 2632 245 2695 Papa
256 2633 350 2694 potest,
364 2631 405 2693 qui
421 2633 519 2681 nonest
538 2630 633 2681 minoris
650 2629 773 2694 potestatis
790 2630 818 2682 in
832 2633 934 2695 Eodesit

142 2702 210 2765 quim
226 2702 309 2750 Paulos
320 2700 372 2751 luit.

178 2773 289 2821 Praeterea
298 2771 415 2828 ‚Ecclesia
428 2771 564 2823 universalis
579 2784 625 2822 non
643 2775 720 2835 potest
733 2785 826 2840 errare,
840 2780 892 2843 qrn'a
903 2780 933 2829 ide

142 2843 180 2902 qui
194 2842 218 2890 iu
230 2840 336 2890 omnibns
352 2841 469 2892 exauditus
483 2847 520 2892 est
534 2857 576 2908 pro
587 2856 628 2893 aua
640 2844 768 2895 reuerentia
780 2847 851 2907 ,dixit
864 2854 932 2904 retra
