1942 3284
121 163 166 210 tao
262 167 457 214 surrentinorum,
475 167 568 212 Qnmsr.
587 167 654 214 nux,
671 165 727 202 ann.
745 167 779 202 vr.

108 243 194 300 ¹sotum
207 247 262 296 iliud
276 247 443 296 mommentum
461 240 566 292 comistit
583 240 608 290 in
622 240 801 293 consecratione
815 243 922 294 materie.
961 302 962 307 ἵ

151 321 180 370 iit
192 319 244 370 ideo
257 316 392 376 dicendum,
405 312 466 377 qnod
476 314 522 362 troc
535 315 703 362 sacramentnm
717 313 831 363 consistit
841 313 869 362 in
879 313 924 376 ipsa
961 320 962 377 j

120 393 241 453 unctione,
253 389 313 440 sicut
324 385 451 451 baptismus
463 385 489 435 in
504 384 553 448 ipsa
563 382 679 434 ablutione
690 399 696 432 ε
706 387 732 433 et
742 384 846 434 materia
858 387 924 450 injus
961 380 962 419 t

121 461 256 516 sacramenti
270 465 306 511 est
319 459 395 510 oienm
407 457 671 508 sanctificatum.Potest
680 460 759 505 antem
773 457 866 520 triplex
873 459 925 507 ratio

121 531 234 598 assignari
252 543 322 596 quare
341 529 439 592 exigitur
456 526 558 578 materia
578 525 727 577 sanctificatio
744 526 768 576 in
787 529 839 578 hoc
855 539 926 579 sacra·

122 612 199 658 mento
207 644 213 668 ,
222 608 245 656 et
257 604 282 653 in
294 601 429 666 quibusdam
444 600 504 651 aliis.
514 600 590 650 Prima
601 602 650 662 est,
664 598 717 664 qnia
736 599 817 650 omnis
826 600 927 650 efficacii

122 679 314 729 sacramentorum
327 672 341 724 i
355 673 445 724 Christo
464 671 584 723 descendit
598 686 604 720 ι
621 674 646 721 et
664 669 717 721 ideo
731 677 883 722 sacramenta
894 671 929 721 iiia

122 749 205 814 onibus
214 748 264 810 ipse
278 748 314 796 est
326 757 396 806 usus,
405 741 622 794 habentefficaciam
631 755 660 792 ex
674 742 727 805 ipso
739 755 786 792 usn
803 756 850 794 sno
857 744 930 806 ‚siunt

123 823 185 872 tactu
198 831 246 869 sum
260 815 337 868 carnis
350 815 396 865 um
408 813 564 878 generativam
577 813 674 863 eontulit
684 813 761 876 aquis.
772 815 823 865 Sed
836 816 884 866 troc
897 829 929 864 sa·

123 893 239 942 eramento
259 901 306 940 non
323 892 358 940 est
374 901 446 950 usus,
464 899 509 936 ncc
525 885 602 948 aliqua
620 883 733 948 corporat
752 885 870 936 unctione
888 893 929 935 :ct

124 963 177 1013 idco
190 961 214 1010 in
229 959 335 1011 omnibns
351 956 497 1009 unctionibus
509 955 629 1019 requiritur
649 954 809 1006 sanctificatio
822 957 926 1007 materie.

124 1033 227 1085 Secunda
239 1033 352 1082 causaest
364 1031 457 1094 propter
468 1025 633 1092 plenitudinem
646 1024 725 1088 gratie
741 1041 799 1090 qnae
813 1028 928 1078 confertur
961 1064 962 1081 r

126 1117 173 1156 non
188 1102 261 1154 solium
275 1106 300 1151 nt
313 1101 376 1152 toilat
388 1100 492 1163 cuipam,
501 1097 541 1148 sed
553 1097 623 1146 etiam
634 1095 745 1160 reliquias
756 1097 847 1162 cntpac,
861 1105 886 1148 et
897 1098 929 1146 in-

127 1175 257 1226 firmitatem
270 1171 379 1236 corporis.
393 1170 469 1221 'tertia
484 1172 560 1219 estex
573 1169 616 1218 troc
626 1165 688 1230 qnod
700 1167 801 1219 eticctrrs
817 1173 873 1232 eins
884 1182 929 1219 cor·

127 1247 225 1312 puratis,
239 1244 326 1296 scilicet
335 1241 424 1293 sanatio
437 1239 576 1306 corporatis,
590 1251 637 1288 non
655 1242 767 1289 causatur
780 1253 814 1290 ex
835 1239 929 1290 materie

127 1317 225 1369 maturati
238 1314 376 1380 proprietate
387 1329 394 1362 ι
405 1315 428 1363 et
436 1314 490 1364 ideo
502 1314 590 1376 oportet
600 1309 662 1374 quon
674 1310 727 1360 icc
740 1309 852 1362 eiiioecia
864 1309 886 1362 ei
896 1323 932 1374 pu
961 1342 962 1365 1

126 1386 329 1440 sanctificationem
344 1385 419 1436 detur.

159 1461 192 1510 nd
207 1458 306 1522 primurn
323 1469 377 1520 ergo
398 1455 539 1516 dicendum,
556 1452 617 1518 quon
635 1451 712 1517 prima
731 1453 890 1505 sanctiticuio
903 1459 932 1502 cst

127 1530 222 1582 materia
241 1527 365 1580 secundnm
384 1539 424 1588 ee,
440 1527 480 1578 sed
500 1525 598 1575 secunda
616 1523 690 1588 magis
705 1525 814 1588 pertinet
828 1528 859 1577 ad
875 1539 931 1576 usum

129 1603 213 1669 ipsios,
230 1598 356 1651 sccundim
375 1597 435 1662 quod
447 1601 483 1648 est
501 1600 567 1647 actus
585 1597 708 1646 conterens
721 1597 839 1648 effectum
855 1609 932 1654 ennon

129 1681 153 1727 et
170 1675 225 1726 ideo
245 1675 326 1724 neutra
344 1670 476 1735 superfluit,
490 1669 544 1734 qnia
557 1669 626 1721 eiiam
642 1668 804 1720 instrumenta
817 1669 931 1721 efficium

128 1745 244 1811 accipiunt
254 1744 282 1794 ab
300 1741 402 1804 artiiiee,
418 1747 442 1792 et
458 1742 512 1791 dnm
527 1740 597 1802 iiunt,
616 1743 640 1790 ei
654 1741 710 1790 dnm
725 1740 756 1791 ad
776 1745 858 1792 aetum
871 1740 930 1806 appii

55 1838 58 1845 ·
129 1821 219 1869 cantur.

162 1889 196 1939 nd
208 1886 335 1938 secundum
347 1885 484 1946 dicendum,
497 1883 557 1947 qnid
572 1883 610 1932 iila
624 1882 730 1932 efficacia
746 1898 803 1948 qnae
815 1890 855 1936 ast
868 1899 895 1935 cr
905 1883 933 1932 ir-

130 1959 249 2040 stitutione
261 1957 410 2020 sacramenti,
426 1956 552 2022 appiicatnr
566 1953 622 2005 huic
635 1954 742 2006 materiae
756 1971 802 2021 per
812 1955 933 2008 sancino

131 2034 305 2150 nnmerum
325 2103 386 2164 patet
400 2099 484 2150 solutio
498 2098 614 2148 ardictio.

425 2277 583 2330 anticanus
601 2277 638 2325 Vi.

137 2412 220 2458 tirum
230 2414 336 2468 oporteat
348 2411 473 2454 rainiariam
482 2409 554 2463 heptat
563 2410 711 2451 soa-romeon·
718 2421 774 2452 csse
784 2419 936 2455 carnaccrutont

434 2486 479 2530 per
488 2473 629 2528 episcopum.

168 2607 199 2656 ed
219 2607 309 2656 sextum
325 2603 358 2654 sic
372 2601 510 2668 proceditur.
522 2600 617 2651 Videtur
627 2597 689 2662 uuio
711 2612 762 2651 non
779 2606 889 2667 oporteat
903 2613 938 2649 mr·

133 2677 215 2728 teriam
237 2676 307 2737 hujus
325 2673 462 2726 sacramenti
476 2685 527 2723 csse
546 2674 711 2722 consecratam
732 2685 781 2734 per
802 2673 937 2737 episcopum.
959 2672 960 2677 ’

134 2745 191 2804 Quia
201 2746 290 2809 dignior
299 2748 334 2796 est
345 2745 490 2794 consecratio
504 2742 604 2792 matema
620 2740 645 2790 in
656 2746 812 2794 sacramento
829 2743 937 2794 eucharis-

135 2815 186 2876 tiae,
201 2815 270 2878 quam
286 2815 310 2864 in
324 2817 368 2866 hoc
385 2818 538 2865 sacramento.
558 2813 603 2863 Sed
621 2811 645 2860 in
663 2813 813 2864 eucharistia
832 2812 931 2864 matrem

136 2885 240 2936 sacerdon
256 2889 332 2949 potest
347 2898 488 2936 consecrare.
505 2885 564 2947 Ergo
579 2887 602 2934 et
616 2883 641 2932 in
651 2883 697 2933 troo
711 2889 870 2935 sacramento.
