1942 3284
132 205 176 253 188
196 243 199 250 .
318 217 376 252 nans
392 217 433 264 ru,
449 217 541 260 punse.
559 217 624 265 ιιιι,
640 217 696 253 ann.
716 219 740 254 x.

164 292 196 341 bd
205 291 297 341 tertium
309 290 437 354 dicendum,
450 291 511 353 quta
525 291 591 342 fictus
601 292 685 342 dicitnr
694 294 777 356 abnuis
789 307 822 344 ex
836 307 866 345 ee
879 295 929 358 quaa
950 330 951 353 a

133 363 273 413 marcuerat
285 375 310 413 se
324 362 410 426 abquid
422 363 481 414 velte
494 365 554 426 quud
567 377 614 414 nen
624 365 683 414 nuit.
698 365 849 429 Quicumque
864 370 929 416 auten
950 386 951 395 ι

134 433 223 483 accedit
235 433 264 482 ad
277 434 431 497 baptismum,
447 447 476 484 ex
490 436 534 485 boc
544 434 597 499 ipse
608 436 709 487 ostendit
728 450 753 487 ss
768 442 860 488 rectem
872 438 930 486 iden

134 502 219 554 Christi
232 503 331 566 habere,
346 509 368 555 et
382 509 549 556 sacramentnm
565 506 685 568 venerari,
699 510 724 557 et
735 507 797 558 nctle
809 521 838 558 se
851 510 931 558 cursu

135 573 286 637 confermari,
307 579 331 625 et
343 576 402 626 velte
420 576 549 641 b-peceate
571 579 686 628 recedere.
711 579 777 630 Unde
800 579 930 643 cuicumque

136 653 230 712 peccate
246 650 295 698 vult
309 649 377 699 benc
390 647 517 711 inhaerere,
532 647 556 698 si
565 648 594 698 ad
605 650 744 712 baptismum
755 651 866 714 accedit,
876 651 931 700 ficu

137 720 235 780 accedit,
248 720 308 783 quod
323 724 357 770 cst
375 719 481 772 indevote
496 721 613 771 accedere.
631 721 675 772 Sed
697 722 742 770 boe
761 721 931 785 inteiligendnn

136 795 173 841 est
188 791 316 855 depcccata
329 790 431 854 mortali,
446 792 507 855 qued
518 791 597 854 gratie
613 792 776 855 contrariatur,
799 807 852 844 non
866 797 930 842 anun

137 862 166 912 dc
178 865 272 925 peceato
282 862 374 913 veniali.
389 863 453 914 Unde
463 862 572 912 fictiobtc
586 864 752 927 quedammodo
761 863 865 915 inclumt
875 875 931 914 enne
951 872 952 877 ’

137 935 264 995 peceatum.
488 962 493 974 ι

438 1041 595 1092 ARTlCULUS
608 1041 636 1091 X.

195 1165 291 1219 tlt-raim,
302 1167 399 1222 fictione
413 1167 546 1219 recedente,
559 1166 690 1222 baptismus
703 1177 774 1210 suum
788 1166 899 1223 effectum
951 1188 952 1225 3

451 1233 618 1286 consequatur.

170 1358 204 1407 bd
221 1357 332 1408 decimum
349 1359 382 1409 sic
392 1359 522 1422 proceditur
529 1360 575 1424 (1).
587 1358 758 1424 videmussed,
770 1359 867 1410 fictione
879 1371 929 1408 rece·

138 1431 220 1492 (lente,
232 1429 358 1493 baptismus
372 1443 438 1480 suum
455 1431 561 1480 effectum
574 1444 620 1481 ncn
629 1434 789 1493 enumeratur.
798 1433 868 1496 Opus
882 1429 927 1480 erm

139 1505 260 1561 mertuum,
281 1503 340 1563 quad
357 1502 454 1552 estsine
469 1502 594 1563 charitate,
608 1515 655 1553 nou
672 1505 749 1566 potest
767 1515 874 1565 unquam
887 1497 930 1548 visi-

138 1572 210 1622 tieani.
223 1573 267 1623 Sed
281 1573 319 1623 ilic
334 1575 374 1636 qui
388 1574 455 1623 fictus
468 1574 555 1624 accedit
564 1576 593 1624 ad
603 1574 756 1637 baptismum,
767 1574 854 1638 recipit
865 1583 928 1623 saen-

139 1650 240 1694 mentum
261 1646 311 1697 sine
324 1647 443 1696 charitate.
457 1647 518 1710 Ergo
537 1657 654 1710 nunqnam
666 1648 745 1708 petest
762 1644 879 1696 viviticeri
896 1644 931 1691 bne

138 1717 205 1767 modo
226 1721 251 1766 ut
271 1717 365 1780 gratiam
380 1717 490 1767 conserat.

170 1791 194 1835 Ξ.
208 1789 328 1852 Praeterea,
339 1788 399 1838 ictio
408 1788 498 1838 uidetur
507 1800 558 1838 esse
566 1786 720 1852 ferierunt·
733 1788 880 1852 baptismus,
888 1784 931 1834 ein

138 1857 247 1920 impediet
265 1859 316 1921 ejus
340 1860 454 1908 effectum.
467 1859 512 1909 Sed
531 1859 611 1908 tomus
629 1873 675 1909 non
693 1858 809 1910 teltituri
826 1855 931 1910 debitioni-

139 1931 198 1993 Ergo
212 1936 328 1994 peccatum
343 1931 441 1982 fictionis
454 1945 499 1982 nnn
514 1936 591 1996 petest
603 1933 653 1984 tcili
665 1946 708 1997 per
720 1933 866 1997 baptismum
878 1931 891 1980 t
901 1929 941 2000 iit·¹

137 2001 200 2051 tiene
222 2001 371 2066 impeditum3
392 2007 415 2052 et
432 2004 466 2053 sic
483 2004 611 2068 baptismus
631 2018 678 2055 non
699 2009 854 2069 consequetur
875 2011 931 2054 sunu

137 2073 253 2135 effectum,
268 2071 307 2136 qui
326 2078 362 2124 est
377 2074 483 2126 remissie
501 2075 603 2126 omnium
616 2080 772 2140 peccatorum,

170 2147 193 2192 a.
209 2146 331 2206 preterea,
347 2146 459 2210 contingit
469 2147 530 2210 qubd
543 2147 625 2210 aliquis
639 2147 691 2198 tietb
701 2149 796 2198 accedat
809 2149 839 2198 ad
848 2145 929 2212 baptis-

139 2227 213 2274 mum,
225 2220 248 2266 ct
261 2220 312 2279 post
321 2217 460 2280 baptismum
468 2219 540 2268 multa
550 2223 642 2283 peccata
652 2218 793 2281 committet,
802 2225 930 2283 queunte

138 2299 178 2350 per
193 2287 331 2350 baptismum
345 2301 391 2340 non
407 2289 529 2352 tolluntur,
545 2290 599 2353 quia
619 2291 744 2355 baptismus
764 2292 826 2342 tellit
846 2291 931 2356 peccate

137 2357 263 2421 praeterita,
285 2371 329 2410 non
343 2359 425 2410 futura.
441 2362 500 2425 Ergo
514 2361 642 2425 baptismus
663 2364 715 2413 talis
728 2375 846 2426 nusquam
860 2371 930 2412 conse·

139 2432 219 2490 quetur
241 2441 308 2480 suum
328 2429 450 2494 effectum,
471 2432 511 2495 qui
530 2437 567 2482 est
586 2432 690 2484 remissie
711 2432 816 2485 emnium
834 2436 930 2498 peccate

139 2511 199 2547 rum.

170 2569 212 2620 Sed
227 2575 304 2621 centra
315 2577 359 2638 est,
370 2574 430 2638 quod
444 2575 583 2638 Augustinus
594 2576 649 2626 dicit
661 2577 684 2625 in
696 2576 737 2626 lib.
754 2577 791 2626 De
805 2578 929 2641 baptismo

138 2637 187 2702 (lib.
197 2641 216 2700 1,
231 2655 281 2705 cap.
293 2644 330 2704 ti)
343 2659 349 2693 :
367 2662 380 2692 a
390 2646 453 2704 Tune
467 2647 543 2697 valere
557 2647 637 2711 incipit
649 2649 677 2697 aci
690 2648 787 2698 saluum
800 2649 930 2712 baptismus

137 2709 188 2761 cium
205 2713 233 2762 ab
249 2713 288 2764 illo
304 2716 366 2767 iictin
379 2717 456 2767 veraci
472 2719 617 2770 consessione
634 2718 770 2783 recesserit,
789 2733 857 2783 quac,
874 2714 929 2769 mede

172 2872 204 2936 (i)
220 2878 252 2921 De
262 2876 374 2924 bisetium
389 2882 431 2937 IV,
444 2880 522 2931 Sent..
536 2883 591 2927 dist.
607 2881 638 2938 t,
655 2879 734 2942 qudi,
748 2889 793 2928 art.
810 2885 839 2943 2,
852 2893 918 2940 ques·

140 2937 211 2984 tiunc.
223 2939 253 2991 ὃς
269 2947 293 2984 et
305 2941 358 2986 dist.
372 2940 413 2998 1⁷,
428 2953 469 2996 qn.
481 2942 507 2998 3,
519 2949 562 2989 art.
573 2943 597 2999 t,
611 2945 747 2999 questiunc.
759 2943 783 2990 1.
