1942 3284
256 187 286 223 nr
303 186 425 226 xmrsrrus
439 187 557 229 maurum
762 176 810 227 als

22 255 196 323 inpedimentum
214 261 319 312 introitus
336 262 360 311 in
373 275 468 325 regnum
483 263 607 325 coelorum,
627 263 738 327 competit
754 262 809 315 solis

22 331 163 382 assentitus
171 347 179 393 3
194 332 265 382 clavis
273 332 327 383 vero
333 333 540 396 jurisdictionis,
548 347 598 399 quae
611 347 656 384 non
670 333 807 395 claviscoeli‚

22 401 53 451 ted
70 404 170 464 quedam
183 403 302 469 dispositio
315 405 344 455 ad
359 404 432 471 ipsam
446 405 536 469 dicitur,
556 406 624 457 etiam
639 405 690 457 aliis
698 405 810 457 ministris

22 472 119 524 lcclesiae
131 475 265 541 competit.)
326 520 332 527 ,

41 545 174 607 despondeo
187 546 315 611 dicendum,
335 547 395 611 qudd
408 548 481 599 elaris
498 552 534 599 est
550 550 643 613 duplex.
654 550 705 599 Una
718 560 769 613 quae
783 559 808 599 so

22 616 112 665 utendit
123 618 151 667 ad
163 616 239 681 ipsum
248 619 331 669 coelum
344 619 484 681 immediate,
496 622 631 671 removendo
645 620 809 685 impedimenta

22 685 117 737 utroitds
132 685 157 736 iu
173 689 255 739 coelum
267 704 310 755 per
323 690 480 741 remissionem
494 692 597 755 peceati3
612 695 635 743 et
651 693 700 743 haec
714 694 809 743 vocatur

22 756 88 806 louis
101 759 211 820 ordinis,
224 764 248 810 et
260 762 319 812 banc
329 762 371 812 soli
385 763 515 812 sacerdotes
533 762 631 827 habent,
643 762 696 827 quia
709 762 754 826 ipsi
767 760 809 813 soli

22 830 142 880 udiuautur
158 833 243 896 populo
263 832 287 882 iu
305 833 341 883 his
362 847 413 898 qua
430 832 516 885 directe
538 837 592 885 sunt
613 835 642 885 ad
659 836 739 885 Deum.
759 834 809 884 Alia

22 900 84 952 :laris
93 905 143 966 est,-
156 917 208 966 quae
220 916 266 955 nou
278 903 363 954 directe
376 918 401 955 se
410 904 514 955 exlendit
526 905 554 955 ad
568 904 645 968 ipsum
658 906 739 955 coelum
749 941 756 966 ‚
768 904 808 955 sed

22 973 123 1024 nediante
133 974 245 1026 militante
254 974 368 1038 Ecclesia,
379 988 496 1040 perquam
511 976 592 1040 aliquis
603 978 630 1027 ad
639 976 724 1027 coelum
737 974 808 1038 radit,

22 1042 65 1093 lum
77 1058 117 1109 per
129 1057 181 1095 cam
195 1046 276 1110 aliquis
290 1048 416 1100 excluditur
431 1049 470 1097 rel
488 1048 615 1097 admittitur
628 1048 657 1099 ad
674 1046 810 1098 consortium

22 1114 117 1166 tcclesiae
131 1116 249 1167 militantis
263 1131 304 1182 per
318 1118 575 1169 excommunicationem
590 1122 614 1168 et
631 1117 808 1179 ahsolutionem,

22 1189 36 1235 et
48 1188 98 1237 haec
114 1192 208 1239 vocatur
228 1188 307 1238 clavis
320 1190 517 1251 jurisdictionis
529 1190 553 1239 iu
569 1190 617 1240 loro
637 1203 772 1251 causarum3
787 1191 810 1237 ct

22 1257 64 1309 deo
76 1260 135 1308 lrauc
149 1258 217 1308 etiam
235 1273 282 1310 nou
295 1262 423 1312 sacerdotes
439 1261 524 1311 hahere
539 1264 649 1325 possunt,
664 1260 723 1325 sicut
736 1257 811 1309 arehi-

22 1328 99 1379 iaooni
108 1334 133 1380 ct
142 1329 208 1380 electi
217 1369 223 1392 ‚
232 1334 256 1381 el
269 1332 308 1381 alii
319 1332 358 1396 qui
372 1332 570 1384 excommunicare
583 1337 689 1397 possunt.
705 1332 750 1383 Sed
764 1342 811 1381 uon

22 1400 101 1466 roprid
115 1400 199 1451 dicitur
211 1402 290 1453 clavis
305 1403 375 1460 curli,
387 1405 427 1455 sed
437 1404 541 1469 quaedam
560 1404 678 1469 dispositio
690 1405 718 1453 ad
727 1404 809 1467 ipsam.

40 1474 75 1523 td
93 1473 191 1537 primum
210 1487 264 1538 ergo
281 1476 417 1538 dicendum,
432 1476 493 1540 qudd
507 1475 595 1525 ostiarii
615 1476 702 1525 habeut
722 1476 810 1525 clavem

23 1544 155 1596 ustodieudi
164 1557 192 1595 ea
204 1559 255 1609 qua
263 1546 288 1595 in
297 1547 383 1610 templo
393 1544 504 1597 materiali
514 1546 674 1607 continentur,
687 1550 712 1595 et
726 1546 812 1595 habent

21 1617 123 1667 udicium
139 1616 203 1668 atali
216 1617 300 1681 templo
313 1618 450 1669 excludendi
463 1622 488 1668 et
499 1618 646 1681 admittendi,
660 1630 706 1667 uon
720 1616 812 1680 quidem

22 1688 51 1738 ud
67 1688 203 1740 auctoritate
212 1688 343 1753 judicantes
357 1691 399 1753 qui
411 1690 458 1740 sint
473 1690 535 1753 digni
547 1690 583 1739 uel
597 1688 701 1753 indigni,
717 1689 758 1739 scd
773 1689 812 1751 ju·

21 1759 93 1810 icium
105 1762 247 1812 sacerdotum
258 1765 448 1825 exequentes‚ut
457 1761 492 1811 sic
502 1762 667 1824 quodammodo
680 1763 812 1811 executores

21 1830 133 1884 otestatis
152 1834 296 1883 sacerdotalis
308 1834 434 1884 videantur.

39 1905 76 1955 Ad
89 1903 217 1954 secundum
236 1904 371 1968 dicendum,
387 1904 449 1968 quod
468 1918 534 1968 reges
548 1916 594 1954 nou
608 1902 695 1953 habeut
713 1903 814 1966 aliquam

21 1978 151 2028 otestatem
163 1976 187 2025 in
205 1974 376 2041 spiritualibus,
389 1982 412 2027 el
424 1978 476 2027 idco
486 1978 575 2027 clavem
583 1974 648 2039 regui
659 1975 757 2027 eoelestis
766 1988 813 2025 non

22 2048 144 2111 cupiunt,
161 2048 201 2097 sed
216 2046 290 2097 solium
300 2048 325 2097 iu
342 2048 521 2111 temporalibus3
537 2061 587 2110 que
600 2047 670 2097 etiam
685 2061 731 2098 non
741 2044 814 2097 nisia

21 2129 57 2171 teo
67 2130 123 2171 esse
138 2123 226 2180 potest,
240 2122 267 2169 ut
278 2124 341 2183 patet
357 2122 438 2178 llum„
450 2122 509 2171 lllll.
523 2121 571 2173 Nec
585 2133 626 2183 per
646 2119 776 2170 unctionem
789 2116 814 2167 iu

22 2193 89 2256 liquo
114 2203 178 2240 sacro
197 2189 275 2241 ordine
293 2196 463 2253 consecrantur,
478 2192 519 2241 sed
539 2191 674 2241 excellentia
693 2189 816 2254 potestatis

21 2275 117 2328 psorum
136 2262 149 2312 a
170 2263 260 2313 Christo
283 2263 421 2314 descendere
445 2263 600 2327 significatur,
618 2265 644 2311 ut
663 2269 687 2312 ct
707 2262 753 2326 ipsi
773 2260 817 2311 sul)

21 2335 104 2387 :irrisio
119 2333 143 2382 in
154 2335 238 2398 populo
256 2334 382 2384 christiano
399 2338 505 2399 regnent.

41 2408 77 2457 lld
96 2405 189 2455 tertium
209 2404 342 2466 dicendum,
362 2404 423 2468 quod
445 2404 505 2455 sieut
525 2403 550 2453 in
571 2402 670 2466 politicis
683 2401 819 2465 quandoque

21 2480 82 2531 udex
92 2477 165 2527 hahet
176 2481 325 2541 potestatem,
337 2474 397 2546 sicut
409 2480 445 2527 est
454 2476 478 2525 iu
492 2488 577 2538 regno,
590 2474 726 2537 quandoque
739 2476 818 2523 autem

21 2548 80 2600 nulli
95 2548 121 2597 in
135 2548 232 2599 diversis
241 2548 326 2600 oliiciis
335 2546 462 2609 constituti,
473 2546 544 2598 etiam
559 2558 670 2609 exaequo,
681 2548 707 2593 ut
719 2545 782 2605 patet
792 2541 818 2591 in

21 2621 68 2672 tlt.
86 2619 187 2680 stoice
202 2620 234 2671 ita
243 2621 313 2671 etiarn
328 2618 453 2683 spiritualis
462 2616 592 2683 jurisdictio
605 2620 681 2679 potest
696 2612 775 2665 lralteri
789 2610 817 2661 ab

22 2706 58 2743 ,no
69 2689 138 2751 solo,
153 2690 213 2740 sicut
226 2692 253 2742 ab
268 2692 392 2755 episcopo,
406 2694 430 2741 ct
442 2689 545 2755 pluribus
564 2684 646 2745 simul,
664 2686 724 2736 sicut
733 2684 746 2733 'a
755 2682 819 2747 capi-

21 2765 77 2826 ulo;
89 2764 116 2813 et
125 2761 160 2831 sic
171 2762 256 2814 hahent
264 2763 357 2814 clavem
364 2760 572 2827 jwdsdictr'onis,
581 2771 627 2810 nou
637 2761 712 2807 tamen
723 2756 816 2807 clavem

22 2834 129 2891 rdim's,
144 2846 224 2884 omues
237 2836 315 2885 simul.

40 2907 78 2957 Ad
99 2907 207 2968 quartum
217 2905 336 2958 dicendum
343 2944 353 2972 ,
367 2905 427 2971 quod
442 2904 531 2967 mulier,
543 2900 669 2955 secundum
683 2898 816 2964 Apostolum
