1942 3284
110 176 155 222 tto
275 187 333 224 rans
349 186 388 236 nr,
405 185 688 235 numerumnunerum.
706 189 739 226 vv.

401 369 560 421 lallctlhus
572 371 611 420 IV.

179 493 264 538 Utvdm
281 494 445 539 conuenienter
455 495 599 540 ordinentur
607 509 636 540 ec
654 498 781 553 paccione
799 498 841 543 boc

353 562 532 602 sacromentum
541 559 661 604 dicuntur.

141 684 174 733 hd
187 687 292 747 quartum
306 683 339 734 sic
347 683 475 747 proceditur
486 683 531 747 (l).
546 684 639 734 Videtur
648 686 709 750 qnbd
718 687 899 740 inconvenienter
940 584 942 731 ν

109 755 241 806 ordinentur
250 768 286 817 ea,
294 769 344 818 quae
354 755 412 804 circa
427 755 471 805 hoc
483 759 647 806 sacramentum
659 757 775 808 dicuntur.
791 760 838 808 lloc
846 759 900 808 enin

109 829 275 877 sacramentum
288 826 364 876 verbis
373 826 459 876 Christi
472 830 625 888 consecretur,
635 830 661 877 ut
675 829 807 880 Ambrosius
820 830 901 880 dieitiu

110 897 151 948 lib.
161 899 198 947 De
206 899 372 947 sacramentis
382 897 439 962 (lib.
449 898 486 961 IV,
498 912 547 962 cap.
560 900 599 960 t).
616 901 666 950 Non
676 913 731 963 ergo
742 901 825 953 debent
835 902 901 965 aliqua

110 970 154 1020 alia
164 971 189 1020 in
199 971 242 1020 hoc
257 974 397 1021 sacramento
406 969 459 1033 dici,
474 968 542 1032 quim
558 971 628 1021 verba
640 971 732 1021 Christi.

143 1047 166 1092 2.
179 1044 306 1102 Praeterea,
321 1042 390 1092 verba
404 1045 427 1093 et
440 1041 499 1090 iacta
520 1041 606 1091 Christi
622 1042 687 1092 nohis
704 1056 747 1106 per
762 1043 901 1107 Evangelium

111 1114 265 1165 innotescunt.
279 1114 321 1164 Sed
333 1113 435 1176 quaedam
449 1111 554 1162 dicuntur
567 1113 625 1163 circa
638 1115 830 1166 consecrationem
842 1115 903 1178 hujus

112 1184 262 1244 sacramenti,
282 1197 332 1247 quae
347 1184 373 1232 in
387 1181 516 1246 Evangeliis
531 1197 577 1234 non
593 1189 723 1249 ponuntur3
737 1199 785 1236 non
800 1186 859 1235 enirn
874 1185 902 1234 le

111 1257 172 1322 gitur
182 1257 207 1306 in
225 1255 350 1319 Evangelio
370 1253 430 1318 qubd
443 1255 547 1306 Christus
563 1255 587 1304 in
606 1256 778 1308 consecratione
791 1257 859 1321 hujus
868 1269 902 1306 sa·

112 1329 223 1380 crementi
234 1329 312 1379 oculos
326 1329 353 1377 ad
367 1327 449 1376 coelum
464 1327 588 1392 levaverit;
602 1327 706 1379 simibter
717 1330 787 1379 etiarn
798 1329 822 1378 in
834 1330 901 1378 Evam

112 1401 177 1464 gellis
191 1400 290 1461 dicitur:
310 1416 324 1447 rr
338 1397 448 1461 Accipite,
466 1403 491 1448 et
503 1400 624 1461 comedite,
638 1416 652 1447 u
666 1413 708 1450 uec
721 1400 813 1464 ponitur
829 1417 844 1448 u
856 1413 901 1450 om·

111 1485 162 1534 nes3
173 1489 186 1518 n
197 1471 249 1524 clun
259 1471 281 1521 in
289 1469 439 1522 celebratione
446 1470 517 1534 hujus
526 1471 663 1521 sacramenti
674 1471 780 1520 dicatur:
793 1469 903 1522 «Elevatis

113 1544 184 1597 oculis
197 1545 222 1594 in
234 1543 329 1605 caelum5
347 1557 361 1588 ι)
379 1545 402 1592 ei
420 1541 503 1591 iterium
525 1556 531 1590 ι
550 1542 680 1606 «Accipite
693 1545 717 1592 et
733 1545 864 1594 manducate
878 1554 902 1590 er
943 1604 944 1611 ἵ

114 1617 280 1669 boemones.»
292 1613 477 1665 inconvenienter
486 1626 540 1676 ergo
550 1613 759 1678 hujusmodiverha
771 1613 902 1665 dicuntnrin

115 1688 264 1739 celebratione
279 1685 348 1750 hujus
362 1683 505 1736 sacramenti.
571 1687 578 1698 '

146 1764 169 1809 a.
189 1761 315 1821 Praeterea,
331 1755 407 1808 omnia
417 1759 557 1806 sacramenta
567 1755 701 1807 ordinantur
713 1758 742 1808 ad
753 1759 847 1809 salutern
860 1768 900 1807 orn·

114 1832 177 1882 nium
196 1832 306 1881 bdelium.
326 1831 367 1880 Sed
387 1829 411 1878 in
429 1828 582 1878 celebratione
605 1828 699 1879 aliorum
722 1834 901 1881 sacramentorum
944 1836 945 1843 ’

115 1917 161 1954 non
174 1905 198 1952 nt
212 1902 338 1953 communis
351 1900 422 1950 oratio
431 1913 472 1963 pro
482 1901 554 1950 salute
565 1900 663 1950 fidelium
676 1901 844 1953 defunctorum.
852 1901 901 1962 Ergo

115 1974 301 2024 inconvenienter
315 1972 340 2021 nt
350 1971 373 2020 in
385 1973 429 2022 hoc
438 1976 588 2022 sacramento.

147 2049 169 2093 t.
192 2045 318 2106 Praeterea,
337 2042 463 2106 baptismus
485 2043 570 2094 dicitur
589 2043 717 2107 specialiter
737 2045 792 2096 fidei
807 2063 820 2092 rr
835 2057 900 2094 sacru·

115 2118 226 2166 menium.
235 2132 248 2162 o
258 2116 290 2164 Ea
300 2127 353 2177 ergo
364 2127 414 2178 que
425 2115 542 2179 pertinent
551 2116 578 2165 ad
589 2115 764 2167 instructionem
773 2118 833 2180 tldci,
842 2112 901 2177 napis

115 2187 198 2238 debent
212 2185 268 2236 cirea
279 2186 418 2249 baptismum
436 2188 504 2250 tradi,
518 2202 586 2251 qruam
600 2187 658 2237 circa
669 2189 713 2238 hoc
728 2192 897 2244 sacramentum,

115 2257 174 2309 sicut
190 2259 291 2309 doctrina
305 2259 428 2322 apostolica
441 2263 465 2308 et
475 2259 617 2324 evangelica.

147 2335 169 2380 b.
186 2332 314 2394 Praeterea,
326 2331 351 2380 in
363 2330 425 2381 ornni
436 2336 575 2383 sacramento
586 2331 686 2396 exigitur
700 2333 793 2384 devotio
805 2330 897 2382 bdelium

116 2401 166 2451 Non
177 2413 230 2464 ergo
242 2402 313 2464 magis
325 2401 349 2450 in
362 2402 405 2450 hoc
417 2406 559 2452 sacramento
570 2402 636 2464 quini
650 2401 675 2451 in
684 2401 737 2451 aliis
746 2402 838 2453 deberet
850 2397 899 2450 enci

116 2471 158 2522 tari
174 2471 264 2522 devotio
278 2471 377 2522 bdelium
390 2484 430 2535 per
444 2472 523 2521 laudes
535 2472 638 2533 divinas,
653 2477 676 2521 et
687 2486 727 2536 per
740 2472 898 2528 admonitiones

117 2544 179 2608 puta,
190 2543 242 2594 chm
258 2543 339 2594 dicitur
354 2561 366 2590 u
378 2544 471 2594 Sursum
482 2544 560 2594 corda.
573 2561 587 2592 n

149 2621 172 2664 6.
186 2616 311 2679 Praeterea,
331 2615 434 2667 minister
458 2616 527 2677 hujus
548 2615 685 2668 sacramenti
704 2620 739 2668 cst
757 2611 898 2675 sacerdocii

150 2731 182 2795 (l)
196 2736 228 2780 lle
242 2733 278 2778 his
294 2734 363 2779 etiam
376 2737 419 2793 lv,
440 2735 518 2784 Seni..
531 2735 586 2780 dist.
607 2734 630 2792 1,
643 2748 684 2791 qu.
704 2734 728 2793 1,
744 2742 789 2780 art.
803 2734 825 2791 5,
836 2741 896 2788 quw

117 2797 189 2842 tiunc.
202 2796 225 2858 1,
238 2798 266 2842 ad
277 2797 308 2849 ἲς
323 2803 347 2841 et
365 2798 418 2842 dist.
431 2797 454 2853 Β,
467 2799 492 2842 in
506 2799 607 2856 exposit.
621 2799 719 2852 litteram
735 2803 759 2843 et
773 2799 824 2843 dist.
837 2794 869 2844 ¹3.
880 2792 898 2835 5¹

119 2859 218 2918 exposit.
231 2861 301 2906 etiarn
315 2860 363 2912 lir.;
379 2866 403 2905 et
415 2861 469 2906 diet.
485 2860 526 2918 15,
538 2874 579 2916 qu.
592 2860 623 2916 i,
637 2867 682 2907 nrt.
692 2859 722 2921 3,
736 2862 867 2916 questiuno.
876 2854 895 2905 ¹.

118 2921 142 2966 iu
153 2933 229 2978 corp.;
243 2925 290 2968 etl
306 2921 420 2974 Timotb„
433 2925 470 2983 11,
484 2924 540 2970 lect.
553 2923 578 2982 t,
592 2924 638 2970 col.
649 2924 673 2984 Ξ,
687 2923 712 2970 in
723 2924 821 2982 princip.
