1942 3284
55 1 58 3 .
164 1 269 20 Ἴ,-

225 174 257 212 ns
272 173 428 216 mosomo
443 177 651 218 corrrrnuarrorre.
793 173 841 222 att

48 248 140 301 mtcrids
153 249 210 300 nihii
220 250 368 316 eihciehant3
385 258 409 304 et
421 253 475 305 ideo
492 255 517 304 in
534 255 707 308 circumcisione
726 258 841 324 imprime·

46 319 107 370 batur
119 322 235 372 character
243 321 316 374 sotdm
327 323 352 374 in
364 337 467 390 corpore,
475 339 522 377 non
535 330 612 378 antem
622 329 647 379 in
662 329 746 381 anima.
759 331 803 382 Sed
818 331 843 382 in
946 333 947 346 ¹

45 392 225 456 confirmatione,
247 409 300 446 cnm
319 399 448 448 charactere
471 399 582 462 corporali
609 400 746 464 imprimitur
773 401 842 454 simul
946 455 947 458 ,

44 463 158 515 character
168 464 307 532 spiritualis,
318 481 346 519 eo
360 468 421 530 quod
432 471 470 520 est
482 474 649 522 sacramentum
662 485 727 525 nora
741 473 807 538 legis.

333 647 490 699 sauchitis
507 647 544 698 Vl.

65 770 146 816 Utra'rm
157 774 284 818 character
292 773 657 880 eorptrngatioar'cpraeappoaat
667 777 828 824 characterem

391 848 422 892 ap
433 849 496 881 asma

70 961 102 1010 hd
116 964 210 1012 sextum
224 962 258 1012 sic
271 963 401 1026 proceditur
410 963 454 1026 (1).
470 963 566 1014 Videtur
577 964 638 1028 quod
653 966 769 1018 character
784 980 839 1018 con-

42 1033 173 1086 hrmationis
187 1048 234 1086 non
248 1038 408 1100 praesupponat
422 1049 451 1086 ex
463 1036 599 1087 necessitate
614 1039 766 1089 characterem
778 1039 839 1104 hap-

41 1105 158 1158 tismaiem.
167 1108 337 1158 Sacramcmnm
351 1107 413 1156 enim
426 1107 604 1158 confirmationis
617 1108 732 1159 ordinatur
745 1111 772 1160 ad
782 1124 840 1161 con·

37 1177 142 1229 hteudum
153 1177 243 1244 publice
252 1178 319 1228 tidem
327 1178 469 1230 emistised
479 1178 545 1229 multi
554 1179 622 1230 etiam
631 1184 683 1231 aute
692 1179 832 1244 baptismum

42 1253 88 1299 sunt
98 1251 167 1301 iidem
180 1249 263 1300 Christi
275 1249 366 1314 publice
384 1250 498 1314 confessi,
509 1251 643 1314 sanguinem
658 1252 778 1303 fundentes
796 1265 837 1317 pro

41 1319 87 1372 tide.
102 1323 164 1386 Ergo
178 1323 295 1372 character
306 1321 486 1373 confirmationis
507 1335 553 1372 non
572 1323 729 1387 praesupponit
747 1325 839 1376 charac-

40 1395 105 1443 terem
114 1394 285 1458 baptismalem.

67 1468 89 1514 2.
104 1467 233 1527 Praeterea,
250 1467 278 1517 de
296 1466 406 1530 apostolis
423 1478 470 1515 uon
486 1466 569 1528 legitur
583 1466 644 1530 quod
660 1465 746 1517 tuerint
763 1465 840 1532 bapti·

43 1535 91 1595 zati,
99 1538 228 1601 prasertim
239 1537 292 1587 oium
300 1538 389 1588 dicatur
397 1539 482 1592 rora,
493 1538 532 1600 iv,
545 1538 604 1600 quhd
614 1537 663 1602 ipse
676 1538 781 1588 Christus
794 1551 841 1589 non

42 1605 175 1671 baptizabat,
186 1610 227 1660 sed
237 1608 342 1674 discipuli
352 1610 418 1674 cjus3
433 1613 457 1660 et
476 1612 553 1660 tamen
565 1613 645 1674 postea
658 1609 749 1660 fuerunt
759 1610 841 1661 condr-

43 1681 92 1730 nrti
105 1695 148 1746 per
161 1681 285 1730 adventurn
299 1680 396 1746 Spiritus
412 1681 495 1732 sancti.
506 1681 565 1744 Ergo
578 1680 683 1731 similiter
697 1681 735 1730 alii
745 1684 840 1745 possunt

45 1753 167 1802 confirmari
180 1756 304 1814 autequam
314 1753 468 1818 baptizentur.

71 1827 92 1873 3.
107 1825 232 1884 Praeterea,
247 1825 312 1880 det„
324 1824 449 1884 x‚dicitur
459 1823 545 1888 quod«
557 1825 630 1874 adhuc
639 1822 747 1886 loquente
761 1825 841 1887 Petro,

48 1895 125 1945 cecidit
138 1895 239 1959 Spiritus
247 1899 339 1946 sanctus
349 1909 418 1960 snper
429 1909 470 1947 eos
478 1897 518 1960 qui
528 1895 650 1946 audiebant
658 1895 792 1958 verbumst
801 1910 842 1947 au·

49 1963 134 2016 dobant
146 1980 187 2018 eos
206 1967 326 2031 loquentes
339 1968 440 2031 linguis3
458 1984 472 2014 u
487 1972 511 2020 et
525 1971 603 2031 postea
621 1969 701 2018 Petrus
717 1967 787 2031 jussit
802 1981 841 2020 eos

47 2036 158 2102 baptizari.
171 2039 231 2102 Ergo
244 2039 293 2104 pari
302 2039 391 2090 ratione
401 2044 499 2104 possunt
510 2040 547 2090 atii
558 2039 621 2104 prihs
635 2039 762 2090 confirmari
774 2041 841 2105 quam

48 2107 191 2174 baptizentur.

73 2183 115 2233 Sed
129 2186 209 2233 contra
220 2186 271 2245 est,
290 2184 350 2246 quod
369 2183 476 2233 habacus
493 2183 547 2233 dicit
569 2182 593 2234 in
607 2183 649 2235 dih.
671 2184 708 2232 De
724 2185 839 2234 iactitat.

49 2253 189 2305 dericoram
209 2255 266 2320 (tib.
280 2256 304 2317 1,
323 2269 374 2319 cap.
387 2255 435 2319 31)
448 2271 453 2304 :
470 2254 622 2306 «Nouissime
636 2255 649 2306 h
664 2269 754 2306 summo
769 2269 842 2306 sacer·

50 2324 101 2390 dote,
110 2341 150 2391 per
158 2327 329 2392 impositionem
341 2328 435 2391 manis,
454 2327 583 2378 Paracletus
599 2327 695 2378 traditur
711 2327 841 2391 baptizato,

51 2401 71 2445 ut
81 2399 197 2450 roboretur
211 2412 252 2462 per
270 2397 380 2462 Spiritum
395 2402 500 2448 sendum
515 2400 542 2449 ad
558 2398 734 2462 predicandum.
752 2415 766 2445 u

74 2470 467 2532 (brennaio-Quemadmodum
480 2470 509 2520 ad
518 2470 643 2534 perfectam
660 2473 749 2520 etatem
759 2482 842 2533 perue-

52 2539 92 2591 nire
106 2555 174 2593 nemo
193 2544 284 2606 potest,
298 2540 343 2591 misi
358 2540 421 2605 prihs
433 2543 501 2592 natus
516 2541 598 2604 suerit,
616 2540 648 2592 ita
664 2540 843 2592 confirmationis

52 2617 204 2665 uramentum
223 2626 306 2677 nemo,
325 2613 371 2663 nisi
391 2616 460 2665 antea
478 2613 605 2678 baptizatus
622 2612 706 2676 tuerit,
728 2613 843 2676 suscipere

53 2684 145 2749 potest.)

51 2910 66 2956 ti
79 2845 108 2907 (l)
121 2851 153 2958 lig
171 2850 209 2898 his
223 2849 295 2897 etiam
308 2849 354 2909 lv,
368 2848 446 2899 sect„
459 2848 514 2895 dist.
524 2846 548 2906 7,
561 2859 601 2905 qu.
621 2847 652 2906 2,
667 2849 710 2892 art.
732 2845 755 2905 1,
768 2851 846 2902 quess-

67 2923 114 2958 nnc.
153 2945 160 2959 .
