1942 3284
240 226 269 261 us
285 226 474 263 sarrsracarours
491 226 673 264 rossrsrursara.
810 206 854 247 ⁸⁰⁹

359 407 517 461 dilflclldlls
532 409 551 457 l.

196 520 198 537 '
229 531 313 575 Utrum
321 533 394 587 possit
402 530 469 575 homo
479 532 528 576 Deo
541 532 685 587 tutmsacere,

85 656 122 707 ad
143 653 241 719 primam
258 656 290 705 sic
303 654 439 718 proceditur.
452 652 545 705 Videtur
556 654 616 719 qndd
632 657 700 708 homo
712 669 758 708 uon
775 658 849 722 possit

53 726 103 777 lieo
120 726 260 776 satisfacere.
274 725 403 776 satisfactio
416 724 476 775 enim
487 725 555 775 debet
566 726 652 789 equari
664 726 773 791 offense,
786 732 849 779 nter

52 796 127 847 dictis
138 799 210 859 patet.
220 794 265 847 Sed
278 796 364 846 offensa
375 795 400 844 in
417 795 488 845 Deum
501 796 621 847 commissa
636 798 673 847 est
681 797 769 848 infinita
778 836 785 860 ,
795 800 849 863 qnia

52 868 188 931 qualitatem
201 865 282 929 recipit
293 866 322 916 alt
335 879 363 917 eo
377 864 401 916 ia
412 879 480 930 quem
491 867 648 930 committitur,
656 867 708 917 edna
717 867 768 933 plius
776 870 849 921 olien-

53 939 95 987 dat
103 938 144 1001 qui
155 937 280 1001 principem
292 935 397 1000 percutit,
407 936 475 999 qnam
488 935 558 986 adnm
570 950 714 1001 quemquam.
726 939 784 990 Ciam
794 954 848 1003 ergo

53 1008 119 1057 actio
134 1006 235 1057 hominis
252 1019 298 1055 non
318 1006 392 1070 possit
409 1018 459 1056 esse
477 1006 583 1070 infinita,
598 1006 689 1058 uidetur
704 1008 765 1071 qndd
780 1010 849 1062 homo

52 1076 104 1127 lteo
117 1074 248 1127 satisfacere
260 1088 306 1126 nou
318 1075 400 1140 possit.

86 1151 112 1198 a.
123 1147 250 1207 Prateaea,
268 1159 363 1207 servus,
375 1144 428 1209 quia
443 1149 516 1197 lotum
529 1146 590 1209 quod
599 1146 685 1211 hahet,
695 1146 781 1199 domini
794 1154 846 1210 cst,

51 1228 102 1268 uon
119 1220 197 1281 potest
211 1230 252 1281 pro
268 1217 343 1282 aluno
359 1216 436 1267 dedito
455 1228 636 1281 recompensare.
657 1216 701 1269 Sed
724 1230 767 1270 nos
786 1221 846 1270 servi

52 1287 102 1338 Dei
114 1298 209 1348 sarnus,
222 1287 332 1351 quidquid
343 1287 397 1337 honi
410 1286 536 1347 habemus,
549 1287 579 1338 ab
596 1287 647 1351 ipsc
658 1288 775 1341 habenas.
788 1288 846 1339 Cim

53 1372 112 1423 ergo
124 1358 249 1410 satisfactio
264 1358 295 1409 sit
313 1357 491 1421 recompensatio
502 1356 596 1409 eliense
608 1359 848 1423 praedamnetur

52 1429 117 1494 quod
134 1430 181 1480 ileo
194 1427 323 1480 satisfacere
332 1440 378 1478 non
393 1428 513 1493 possimus.

85 1504 111 1550 s.
125 1500 251 1561 Prstema,
265 1499 305 1549 ille
323 1499 390 1563 cujus
401 1502 474 1551 mium
494 1500 554 1564 quod
572 1500 642 1551 habet
660 1514 707 1553 uon
720 1501 806 1552 sufficit
817 1506 847 1554 ad

52 1584 126 1622 unum
141 1570 240 1622 debitum
257 1570 421 1631 exolvendum,
436 1582 483 1621 non
498 1574 575 1633 potest
588 1584 630 1634 pro
642 1570 687 1623 alio
696 1572 772 1623 debito
781 1576 847 1623 satis·

53 1643 139 1693 facere.
148 1641 192 1693 Sed
201 1640 310 1705 quidquid
320 1642 388 1692 homo
401 1642 444 1702 est,
458 1644 533 1703 polest
543 1642 567 1690 et
576 1641 654 1702 halet,
664 1654 711 1692 nou
725 1643 810 1693 sufficit
818 1645 847 1693 ad

52 1712 206 1764 exolvendum
214 1712 313 1764 deditam
322 1724 364 1776 pro
373 1709 484 1761 beneficio
498 1709 619 1761 creationis
631 1726 638 1761 ι
650 1713 711 1762 uude
720 1713 845 1770 lcoi.,llL‚

53 1783 145 1846 dicitnr,
154 1781 214 1845 qudd
230 1782 318 1847 odona
333 1779 415 1832 libani
425 1793 472 1831 non
483 1778 602 1831 sufficiunt
610 1782 639 1831 ad
655 1782 820 1833 holocaustum.
832 1802 845 1829 o

53 1856 114 1917 Ergo
126 1855 190 1905 nullo
202 1853 268 1903 modo
287 1854 365 1917 potest
386 1849 515 1901 satisfacere
529 1864 571 1915 pro
585 1850 661 1903 debito
675 1851 775 1904 offensae
785 1866 847 1904 cona-

53 1937 138 1976 massae.

85 2000 109 2045 t.
122 1997 247 2056 praterea,
258 1997 327 2047 homo
343 1998 416 2046 totum
430 1999 522 2059 mmpns
542 2007 609 2044 snum
624 1994 691 2045 debet
706 1994 733 2044 in
745 1994 785 2045 liei
802 2008 847 2047 ser·

52 2068 134 2117 uitium
155 2066 292 2129 accudere.
306 2067 351 2117 Sed
363 2070 455 2129 tempus
470 2064 578 2115 amissum
595 2077 642 2115 nou
659 2068 734 2130 potest
751 2078 847 2130 acccipe-

53 2136 115 2197 rari‚
128 2136 289 2201 propterquod
300 2139 336 2187 est
347 2152 361 2183 u
378 2135 452 2198 gravis
462 2134 554 2198 jactura
563 2134 681 2198 temporis,
692 2150 707 2183 a
722 2139 748 2187 ut
759 2137 846 2187 Seneca

53 2208 117 2257 dicit.
135 2207 193 2271 drgo
208 2219 254 2257 uon
266 2210 344 2271 potest
362 2208 430 2257 domo
448 2205 680 2269 recompensationem
700 2207 746 2257 ileo
757 2207 845 2266 facere,

53 2281 77 2328 et
89 2278 122 2327 sic
134 2277 195 2327 idem
209 2277 270 2340 qaod
282 2276 354 2340 pride.

84 2353 107 2397 5.
121 2348 247 2410 Preietos,
261 2350 377 2411 peccatam
391 2346 478 2397 actuale
498 2347 593 2397 mmmle
610 2350 646 2397 est
667 2346 760 2409 guaiae
778 2347 846 2412 quim
953 2383 954 2388 κ

49 2418 169 2483 originde.
181 2419 225 2471 Sed
233 2431 275 2483 pro
283 2418 389 2482 originali
399 2430 466 2469 nemo
477 2416 553 2481 potuit
569 2416 717 2480 satisfacere,
733 2418 778 2469 nisi
787 2420 846 2469 deus

49 2494 74 2540 et
89 2492 158 2541 nomo
169 2492 239 2539 esset.
251 2489 311 2551 Ergo
321 2500 396 2551 neque
407 2500 450 2550 pro
458 2486 549 2537 actuali.

81 2560 128 2610 Sed
140 2563 232 2622 contra,
246 2559 306 2611 sicat
318 2559 471 2622 Hieronymus
482 2557 539 2607 dicit
553 2572 560 2607 z
575 2573 590 2606 a
602 2556 646 2616 Qui
658 2557 714 2609 dicit
723 2558 793 2609 licum
803 2555 845 2606 ali·

49 2629 104 2694 quid
116 2628 256 2693 impossihile
268 2628 355 2681 donini
365 2628 517 2693 precepisse,
526 2628 648 2677 anatliema
667 2627 706 2678 sit.
721 2643 735 2675 a
750 2626 796 2677 sed
808 2639 845 2677 sa·
951 2673 952 2676 ,

49 2698 150 2751 lislactio
168 2702 203 2749 est
214 2698 240 2749 ia
252 2705 378 2763 precepto,
394 2698 464 2755 duc„
474 2698 504 2747 lll
520 2712 526 2747 :
548 2697 651 2748 «Facite
667 2698 752 2747 fructu
764 2696 844 2759 dmum
950 2753 951 2782 ἦ

49 2769 201 2835 ooemtentiae.
220 2786 234 2818 a
253 2772 311 2834 lingo
328 2770 438 2835 possibile
460 2773 497 2820 est
514 2769 562 2819 lieo
578 2769 719 2820 satisfacere.

83 2844 209 2903 rieures,
226 2840 286 2891 Dans
299 2839 415 2904 estmagis
431 2840 574 2903 misericors,
588 2839 656 2904 quim
671 2838 752 2903 atiud·
764 2838 833 2873 rm.

51 2912 98 2967 Sed
110 2910 198 2964 donini
207 2916 243 2961 est
253 2910 359 2976 posaiiilc
373 2911 512 2966 satisfacere.
526 2911 585 2974 arao
596 2914 621 2962 et
632 2911 689 2961 ileo.

949 2821 952 2946 r'
