1942 3284
274 199 305 238 ne
320 197 468 238 ermenteus.
480 197 601 239 emim.
790 189 837 238 itu

35 275 149 339 ponentur,
165 274 314 339 perspicuum
334 280 369 327 est
383 276 512 341 baptizatos
527 275 626 340 'ecapite
637 288 679 326 sno
691 275 794 337 cbristo,
813 280 836 325 et

35 358 124 394 sensum
138 348 262 409 quemdam
275 346 430 410 spiritualem,
441 351 561 398 etinctum
576 347 678 410 accipere
691 362 697 396 ε
711 345 775 396 illum
786 347 837 410 qni·

36 419 92 479 dem,
103 418 159 468 dum
172 417 232 468 circa
246 417 349 470 veritatis
362 417 835 483 cognitionemilluminantur311nncverb,

36 488 99 551 clm,
117 501 161 552 per
179 489 258 553 gratim
279 489 430 552 infusionem,
444 490 557 541 bonorum
576 503 670 555 opernm
690 489 837 540 fecunditate

38 558 153 610 donantur.
167 559 176 621 )

64 632 352 696 nemorumnemorum,
368 633 428 696 qudd
443 647 485 698 ρετ
496 633 632 697 baptismum
646 634 729 697 aliquis
742 647 837 698 regene-

38 707 93 751 ratur
104 703 128 754 in
146 704 292 769 spiritualem
307 705 392 766 vitam,
407 717 457 768 qne
470 709 507 755 est
520 718 561 768 per
577 705 645 756 fldem
656 705 757 766 Christi,
777 707 837 756 sicut

41 775 154 838 Apostolus
164 777 239 836 dicit,
250 775 346 833 Galat„
358 777 379 826 ll
392 792 398 826 :
412 794 425 825 n
435 776 499 836 Quod
507 780 582 827 autem
593 790 655 826 nunc
664 778 716 827 rivo
726 777 749 827 in
760 790 835 840 carne,

39 845 61 894 in
77 846 118 898 fide
132 847 189 896 rino
201 847 255 916 llilii
268 847 316 898 Ilei.
331 864 345 895 u
360 847 412 898 Vita
425 852 561 898 autemnon
579 852 614 897 est
628 849 673 897 nisi
686 847 835 900 membrorum

36 917 97 980 capiti
110 919 246 981 unitorum,
261 918 274 968 l
288 931 332 982 quo
349 931 440 969 sensnm
455 924 479 968 et
493 923 578 969 motum
593 919 730 984 suscipiunt.
744 922 771 970 Et
784 919 836 970 ideo

36 1001 125 1040 necesse
140 1002 179 1040 est
193 989 255 1054 qnod
268 1005 308 1054 per
319 991 459 1054 baptismum
472 990 554 1054 aliquis
566 988 719 1054 incorporetur
732 991 833 1052 Christo,

35 1060 92 1120 quasi
112 1063 244 1112 membrum
262 1062 345 1124 ipsius.
364 1061 428 1112 Sicut
444 1065 519 1112 autem
541 1061 642 1126 doapite
659 1062 756 1112 naturali
776 1062 837 1113 deri-

34 1135 94 1180 vetur
104 1135 133 1182 ad
146 1134 252 1184 membra
266 1147 345 1184 sensns
360 1138 384 1184 et
396 1137 479 1196 moins,
488 1133 540 1183 ital
549 1133 623 1198 capite
634 1133 762 1199 spirituali,
776 1135 836 1197 quod

35 1208 64 1251 est
78 1205 202 1267 cbristus,
221 1205 335 1256 derivatur
357 1207 384 1256 cd
406 1207 506 1258 membra
524 1206 575 1270 ejus
594 1219 675 1256 sensns
696 1206 836 1270 spiritualis,

36 1274 69 1336 pii
81 1277 189 1329 consistit
199 1277 224 1327 in
239 1277 368 1341 cognitione
381 1279 501 1341 veritatis,
514 1282 538 1329 et
550 1283 624 1328 motus
643 1277 780 1342 spiritualis,
799 1277 837 1342 qui

36 1347 66 1393 est
81 1361 122 1410 per
139 1349 220 1412 gratia
236 1349 355 1402 initurum.
367 1349 432 1400 Unde
446 1353 531 1406 donn„
548 1351 570 1412 l,
585 1349 666 1400 dicitur
681 1366 687 1399 :
711 1366 725 1397 u
736 1349 838 1399 Vidimus

37 1428 84 1466 eum
104 1420 201 1482 plenum
224 1421 301 1485 gratiae
316 1423 507 1485 cistertienses
522 1422 549 1471 de
570 1420 711 1486 plenitudine
732 1422 782 1485 ejus
795 1433 838 1470 nos

38 1499 110 1541 omnes
130 1492 273 1556 accpiemns.
293 1509 307 1540 n
322 1493 351 1543 Et
368 1494 420 1544 ideo
438 1506 580 1557 consequens
601 1492 712 1556 estquod
731 1492 839 1556 baptizati

38 1557 192 1614 illnnrinentur
208 1563 222 1614 d
235 1563 325 1614 Christo
346 1565 405 1614 circa
423 1564 577 1628 cognitionem
590 1563 707 1623 veritatis,
717 1567 740 1613 et
751 1565 839 1614 foecun·

38 1629 114 1710 lentur
131 1637 161 1686 ab
180 1649 208 1687 en
222 1636 367 1687 fecunditate
381 1638 493 1688 bonorum
505 1649 615 1700 operum,
628 1649 668 1700 per
685 1635 761 1699 gratim
775 1635 837 1685 infn-

38 1713 130 1756 sionem.

67 1777 97 1826 ld
115 1780 219 1842 primum
236 1792 290 1842 ergo
310 1778 511 1844 dicendum,un
525 1778 594 1828 adulti
606 1777 669 1843 pribs
682 1776 800 1827 credentes
813 1776 837 1826 in

41 1843 166 1914 Christum,
184 1855 238 1902 sunt
255 1851 277 1902 ei
299 1851 436 1918 incorporati
455 1851 597 1913 mentaliter3
613 1849 652 1901 sed
675 1848 835 1914 postmodnm,

41 1917 85 1968 clm
103 1923 262 1988 baptizantur,
277 1925 448 1989 incorporantur
466 1924 489 1973 ci
509 1923 583 1986 aliquo
602 1923 669 1973 modo
683 1921 836 1986 corporaliter,

42 1991 121 2044 scilicet
143 2010 187 2059 ρετ
208 1996 299 2046 risibile
314 2001 494 2058 sacramentum,
509 1996 558 2046 sine
580 1995 644 2059 cnjus
663 1993 781 2058 proposito
795 2007 838 2043 nec

42 2067 167 2119 mentaliter
182 2067 477 2133 incorporaripotuissent.

69 2138 99 2186 ld
111 2140 241 2190 secundum
251 2142 379 2204 dicendum,
393 2140 454 2205 quiid
469 2141 548 2190 doctor
561 2139 673 2190 illuminat
684 2136 783 2189 euterius
797 2149 839 2200 per

44 2208 207 2271 ministerium,
227 2213 404 2276 catechizaud03
422 2212 462 2262 sed
475 2213 535 2262 lleus
547 2210 660 2261 illuminat
673 2208 769 2261 interibs
782 2208 839 2272 bap

44 2275 130 2343 matos,
152 2294 283 2346 preparans
302 2285 369 2333 corda
388 2295 466 2334 eorum
486 2283 515 2332 ad
536 2281 690 2344 recipiendam
714 2277 838 2331 doctrinam

46 2349 153 2414 reritatis,
166 2352 291 2402 secundinm
302 2354 357 2404 illud
371 2360 453 2410 fona..
472 2354 500 2403 tfl
516 2369 522 2404 c
540 2370 553 2401 n
567 2354 609 2403 list
621 2353 731 2416 scriptum
746 2349 769 2400 in
785 2351 840 2400 Pro·

46 2418 127 2479 pletis:
148 2423 223 2473 Erunt
238 2437 317 2475 ornnes
332 2425 441 2475 docibiles
454 2424 528 2475 liei.»

70 2494 205 2545 ldtertinm
217 2493 347 2558 dicendum,
357 2495 417 2560 qudd
429 2495 523 2546 efectus
534 2494 640 2559 baptismi
649 2494 741 2558 ponitur
753 2494 841 2542 foecun·

48 2561 95 2615 ditas
113 2581 159 2631 qua
178 2566 263 2630 uliquis
275 2569 378 2631 producit
391 2569 450 2618 bona
465 2581 542 2633 opera,
558 2580 605 2617 non
616 2571 692 2616 aulem
704 2563 840 2615 foecunditas

48 2645 83 2694 nnn
93 2637 174 2704 aliquis
186 2643 280 2702 generat
293 2638 350 2688 alios
366 2639 390 2688 in
404 2639 512 2701 Christo,
524 2639 584 2690 sicut
597 2638 719 2701 Apostolus
732 2635 804 2696 dicit,
819 2632 839 2683 f.

49 2707 76 2754 od
89 2709 159 2766 Cor„
178 2709 207 2760 ltl
223 2723 257 2759 :n
269 2710 293 2759 ln
307 2710 395 2762 cbristo
409 2711 463 2761 lesu
476 2723 518 2776 per
534 2708 685 2773 Euangelium
697 2721 740 2772 ego
749 2719 791 2758 ror
800 2718 840 2768 ge-

49 2779 88 2829 liti.
98 2798 110 2829 n
