1942 3284
216 190 247 227 it!
262 188 377 228 Ultimo
387 188 464 228 tantus
482 188 640 229 siculensi.
784 176 829 226 W!

28 264 102 315 irtute
115 265 258 327 verboram,
275 279 325 329 ane
337 270 391 316 sunt
400 266 474 316 torma
491 266 560 329 hujus
574 262 716 316 sacramenti.
731 264 776 315 Sed
792 264 831 316 itia

29 336 83 385 erha
97 349 147 387 nan
164 341 301 399 mutantur,
317 338 365 387 siae
379 337 484 388 dicantar
500 338 513 387 d
528 338 662 397 sacerdote,
677 336 727 387 sive
745 336 829 400 iquo-

29 420 115 470 umque
129 407 192 459 atio.
208 410 269 469 Ergo
280 408 371 458 videtur
379 407 438 473 qadd
450 422 496 459 non
506 409 568 459 satas
585 409 698 469 sacerdos,
708 407 748 459 sed
761 407 830 457 etiam

30 478 113 527 aitihet
132 480 200 529 atius
213 479 288 543 possit
301 480 344 529 hac
359 484 526 530 sacramentum
547 492 689 529 consecrare.

45 555 70 599 ι.
86 554 222 614 Praeterea,
234 552 341 603 sacerdos
356 552 400 602 hoc
414 554 579 601 sacramentum
590 549 682 601 conticit
695 549 718 599 ia
733 561 831 613 persona

28 623 112 673 {bristi
130 624 183 675 Sed
195 624 271 674 laicus
282 628 374 675 sanctus
386 627 422 673 cst
438 621 516 673 unitus
530 622 617 673 Christo
631 635 672 685 per
686 621 830 672 charitatem.

28 692 73 755 {rgo
87 695 189 745 videtur
202 694 263 758 qudd
275 696 344 745 etiam
357 694 430 745 laicos
440 694 512 757 possit
523 695 567 744 hoc
582 697 746 743 sacramentum
760 692 831 743 confl-

30 777 84 826 cre;
100 767 174 816 unde
195 770 220 817 et
236 767 411 830 chrysostomus
425 765 480 816 dicit
499 780 575 827 super
597 764 689 815 Marta.
706 764 755 828 (tt,
770 764 830 828 qudd

28 839 127 886 comnis
144 842 244 887 sanatas
259 842 294 889 est
313 839 426 889 sacerdos.
440 854 454 884 n
595 882 598 887 ,

50 911 73 955 3.
92 911 233 970 Praeterea,
245 910 303 959 sicut
318 910 445 974 baptismus
459 909 576 960 ordinatur
594 908 621 958 ad
636 906 756 957 hominum
769 907 830 957 salu-

29 991 80 1040 em,
96 981 134 1029 ita
160 985 187 1031 et
207 982 252 1031 hoc
268 984 449 1045 sacramentum,
465 981 524 1031 sicut
545 993 573 1029 ex
591 978 660 1043 suprd
682 978 748 1029 dictis
767 981 830 1042 patet

29 1049 68 1111 on.
91 1056 141 1115 79,
155 1056 203 1102 art.
219 1052 254 1115 1).
268 1052 313 1102 Sed
326 1052 394 1103 etiam
406 1052 478 1103 laicus
492 1056 566 1116 potest
580 1049 708 1115 baptizare,
723 1052 749 1099 ut
762 1048 831 1113 snpri

28 1120 105 1172 tictnm
122 1129 164 1175 εει
179 1126 237 1188 (qu.
259 1128 304 1185 tt,
319 1128 363 1174 art.
379 1124 421 1188 t).
437 1128 487 1175 hon
503 1136 557 1189 ergo
576 1126 612 1174 εει
625 1121 739 1187 pmprium
754 1134 832 1173 sacer-

28 1192 81 1244 totis
91 1197 212 1246 conficere
224 1197 269 1246 hoc
278 1200 452 1247 sacramentnm.

52 1269 74 1314 t.
90 1268 226 1331 Praeterea‚
241 1268 286 1317 hac
302 1272 472 1318 sacramentam
489 1268 605 1331 perficitur
619 1266 644 1317 in
665 1264 832 1317 consecratione

28 1339 139 1390 materiae.
157 1340 203 1391 Sed
226 1338 282 1389 atias
301 1338 409 1389 materias
426 1352 573 1403 consecrare,
587 1339 675 1391 scilicet
693 1338 790 1389 chrisma
809 1342 832 1389 et

28 1407 101 1458 oleum
114 1414 237 1470 sanctum,
249 1414 274 1461 ει
284 1410 359 1462 oleum
372 1410 528 1471 benedictum,
542 1411 642 1474 pertinet
658 1412 684 1461 ad
697 1410 768 1460 solum
783 1411 833 1473 epi-

28 1489 132 1544 scopum3
150 1494 246 1545 quarum
262 1484 339 1532 tamea
355 1482 495 1533 consecratio
506 1495 553 1533 non
574 1489 609 1533 est
622 1486 693 1533 tantae
708 1481 832 1545 dignitatis,

29 1548 88 1599 sicut
104 1554 252 1603 consecratio
264 1553 417 1616 eucharistia,
431 1555 456 1604 in
466 1568 511 1617 qua
521 1559 557 1607 εει
569 1558 630 1606 ιοιιιε
646 1554 756 1604 Christus.
773 1554 832 1617 Ergo

31 1627 124 1675 nonest
139 1624 259 1689 proprium
273 1625 410 1687 sacerdotis,
426 1627 466 1677 sed
486 1627 557 1677 soiius
579 1625 680 1689 episcopi
697 1626 740 1675 hoc
758 1636 833 1675 sacra·

30 1697 132 1746 mentum
146 1696 267 1747 conficere.

59 1765 105 1817 Sed
121 1773 205 1819 contra
219 1771 268 1832 cst,
285 1770 344 1833 quod
358 1771 458 1821 tsidoms
473 1771 528 1821 dicit
543 1770 567 1820 in
583 1771 678 1835 quadam
693 1768 832 1831 epistolant

33 1834 127 1889 imatus
137 1839 165 1889 in
175 1841 284 1899 Decrct„
295 1841 348 1891 dist.
359 1846 389 1891 ιι
399 1858 405 1892 :
414 1860 428 1890 «
439 1843 472 1893 Ad
481 1843 638 1907 presbyterum
649 1841 748 1905 pertinet
758 1852 832 1891 sacra-

34 1915 134 1961 mentum
151 1913 253 1975 corporis
263 1917 286 1963 et
294 1914 412 1976 sangoinis
424 1914 514 1965 homini
523 1914 548 1964 in
559 1915 623 1964 altari
636 1913 675 1964 tici
687 1912 830 1964 conicere.»

64 1983 226 2045 (Conmmm.
236 2011 269 2021 —
279 1984 337 2035 Ciam
348 1986 490 2037 eucharistie
501 1990 667 2037 sacramentum
682 1999 729 2037 non
745 1985 789 2037 nisi
808 1986 832 2035 in

35 2064 129 2113 persona
143 2057 229 2107 Christi
242 2057 388 2118 conficiatur,
403 2059 561 2121 sacerdotnm,
577 2057 658 2121 quihus
671 2059 721 2109 hac
732 2062 833 2121 potestas

36 2136 141 2177 concessa
150 2134 195 2192 εει,
210 2130 328 2193 proprium
343 2143 425 2179 munus
434 2132 471 2179 est
480 2129 536 2179 ittud
546 2128 684 2193 conticere.)

65 2198 200 2263 despondeo
215 2200 347 2261 dicendam,
361 2200 421 2264 quod
432 2202 492 2251 sicut
507 2200 576 2265 suprd
589 2200 673 2251 dictum
685 2204 720 2251 est
732 2201 781 2264 (qu.
793 2205 833 2263 78,

38 2272 74 2318 art.
87 2274 100 2318 t
113 2272 183 2336 ett)‚
195 2271 240 2321 hoa
254 2275 421 2321 sacramentnm
434 2276 471 2322 εει
484 2276 554 2323 tantae
567 2271 698 2335 dignitatis,
711 2272 771 2336 qudd
788 2285 834 2322 non

40 2340 156 2393 conficitur
173 2343 219 2393 nisi
234 2342 258 2391 in
271 2356 368 2406 persona
383 2343 479 2393 Christi.
497 2342 637 2406 Quicumque
654 2346 729 2393 autem
749 2341 835 2407 ailquid

40 2410 81 2472 agiu
93 2413 118 2463 in
131 2428 230 2477 persona
250 2414 343 2466 atterius
350 2452 359 2478 ,
376 2418 466 2479 oportet
478 2417 523 2466 hoc
537 2414 586 2465 heri
601 2428 642 2479 per
656 2418 792 2479 potestatem
805 2414 833 2464 ah

42 2600 46 2609 ι
70 2540 102 2604 (ι)
117 2544 160 2588 Vel
174 2544 218 2589 suh
231 2544 324 2589 nomine
338 2543 496 2600 chrysostomi
509 2549 589 2589 auctor
603 2544 680 2603 operis
693 2542 832 2600 imperfecti,

42 2614 60 2645 ιε
73 2607 164 2660 match,
186 2619 256 2665 super
273 2607 322 2651 haec
337 2608 422 2660 vcrha‚·
439 2608 528 2665 xxiii,
544 2608 558 2650 2
574 2624 580 2651 a
599 2607 680 2665 Super
694 2606 832 2651 cathedram

43 2665 126 2723 dicuat,
136 2675 191 2717 cte..
205 2670 246 2715 ubi
259 2670 292 2714 ait
307 2688 313 2714 r
329 2670 404 2715 Multi
412 2669 558 2717 sacerdotes,
569 2672 590 2714 ει
600 2670 677 2727 pauci
687 2666 830 2725 sacerdodos,

43 2732 108 2775 matti
116 2733 226 2781 nomiae,
238 2733 314 2790 pauci
327 2743 406 2789 apcrc.
419 2734 484 2789 Quia
496 2730 610 2777 cathedra
619 2746 669 2778 noo
679 2732 740 2791 facit
751 2742 831 2774 sacar-

43 2788 295 2844 demandanda
308 2794 456 2849 cathedram,
469 2806 521 2839 aaa
529 2795 595 2839 locas
605 2792 741 2853 sanctificat
754 2792 831 2837 hama·-

42 2863 100 2907 ocao,
110 2858 150 2903 aad
161 2857 230 2902 darno
241 2859 330 2902 tomos.
344 2858 401 2906 Noa
409 2859 489 2904 amasis
501 2856 611 2903 sacerdos
625 2852 723 2905 sanatas
732 2860 779 2905 cat,
790 2853 831 2900 aad

45 2922 112 2966 onata
124 2924 222 2968 sauctae
236 2919 356 2967 sacerdos.
