1942 3284
197 265 200 272 ⁴
228 225 259 262 nn
274 225 441 264 nrsrrrerromr
455 226 578 277 oannem,
595 227 649 276 me.
793 219 840 278 ⁸35

16 305 52 363 qt
68 297 151 353 idonm
170 297 215 350 sint
227 301 256 352 ad
274 303 410 364 potestatam
426 301 590 366 accipiendam
605 302 660 360 Ottae
673 302 767 366 quidem
778 317 837 368 prm-

20 370 123 438 paratio
137 371 163 421 in
171 370 242 421 trihus
253 371 370 434 consistit,
381 371 467 424 scilicet
478 373 652 436 benedictione,
667 374 750 436 manda
763 374 838 440 impos

18 443 118 502 sitione
132 442 283 494 attractione.
297 443 342 494 Por
356 443 541 496 benedictionem
550 445 635 496 divinia
648 445 764 509 ohsequiis
773 459 839 509 man·

15 514 153 580 cipantur;
168 517 191 562 et
209 513 260 567 ideo
274 514 404 570 benedictio
417 515 523 571 omnihus
539 516 615 566 datur.
634 517 678 568 Sed
695 529 738 580 per
750 518 838 578 mapula

13 584 199 648 impositionem
221 585 287 638 datur
307 585 425 650 plenitudo
444 586 540 648 gratiae,
557 600 599 650 por
614 600 683 651 quam
702 586 730 639 ad
750 602 833 653 magna

15 655 105 708 oliieia
127 656 174 712 rint
192 655 286 712 idonei;
302 659 326 708 et
346 656 397 708 ideo
411 656 466 708 solie
483 657 585 711 diaconis
599 661 623 709 et
643 659 797 712 cacerdotibus
810 660 837 721 m

17 726 114 783 mande
127 727 260 790 impositio,
274 727 328 792 qnia
348 727 382 777 eis
403 727 513 790 competit
527 727 666 792 dispensatio
683 734 836 782 sacramento·

17 815 98 862 rum,
113 799 220 864 quamvis
237 799 279 850 uni
292 800 351 852 sicut
365 799 505 864 principali,
524 804 548 858 et,
562 802 630 852 alteri
646 803 706 854 sicut
719 804 835 864 ministre.

17 869 74 923 Sed
89 871 199 922 unctione
213 872 239 928 ad
256 871 347 934 aliquod
358 874 525 922 sacramentum
542 873 682 927 tractandum
698 887 835 936 consecran-

20 948 82 1006 tur;
100 947 125 995 et
138 941 190 994 ideo
203 943 281 1000 unedo
295 942 351 993 solis
362 942 515 1003 sacerdotibus
525 943 560 1005 lit,
569 944 609 1006 qui
621 945 718 1009 propriis
731 945 836 1008 manitus

20 1027 116 1078 corpus
133 1013 219 1063 Christi
232 1016 338 1076 tangunt,
353 1014 411 1064 sicut
421 1014 491 1065 etiam
506 1015 567 1065 calix
582 1015 711 1079 inungitur,
724 1017 765 1081 qui
779 1031 835 1069 con-

20 1084 89 1144 tinet
103 1083 254 1147 sanguinem,
269 1087 292 1134 et
309 1087 403 1148 patena,
416 1098 466 1150 quae
481 1085 584 1139 continet
597 1099 687 1150 corpur.
701 1086 744 1137 Sed
758 1092 836 1150 potcs-

19 1155 84 1213 tatis
102 1154 195 1208 collatio
206 1155 231 1207 dt
241 1168 283 1220 per
303 1155 346 1208 troc
363 1151 424 1220 qudd
437 1156 502 1207 datur
516 1156 552 1206 eia
564 1155 649 1218 aliquid
664 1158 723 1221 quod
736 1157 765 1208 ad
780 1170 833 1222 pror

18 1226 107 1294 prium
123 1230 198 1276 actum
210 1226 318 1290 pertinet.
333 1227 361 1276 Et
378 1226 431 1290 quia
442 1227 575 1293 principalis
593 1230 656 1281 ador
666 1228 791 1280 sacerdotis
804 1227 837 1288 ait

20 1310 165 1352 consecrare
181 1311 262 1362 corpus
276 1303 299 1350 et
312 1299 445 1362 sanguinem
459 1298 562 1362 christi,
575 1299 627 1349 ideo
642 1298 727 1366 inipso
742 1299 833 1363 dadone

20 1368 109 1424 calicis
126 1369 168 1420 suh
187 1369 259 1422 lotura
274 1370 394 1421 verborum
412 1369 574 1435 determinata,
588 1372 705 1424 character
722 1371 832 1434 sacerdo*

22 1439 86 1491 talis
98 1439 246 1504 imprimitur.

62 1511 98 1561 hd
110 1511 210 1574 primum
219 1525 273 1577 ergo
285 1512 419 1576 dicendum,
429 1511 491 1578 qudd
500 1512 525 1562 in
534 1512 705 1564 confirmatione
714 1526 761 1564 non
770 1515 838 1565 datur

20 1582 133 1637 officium
143 1583 254 1646 operandi
264 1597 333 1648 super
342 1583 442 1648 aliquam
454 1583 571 1634 materiam
582 1583 730 1648 exteriorem3
743 1589 766 1635 et
779 1585 834 1636 ideo

22 1655 148 1706 character
160 1653 194 1703 ihi
205 1667 250 1704 noo
265 1654 437 1719 imprimiturin
449 1654 524 1718 ahqua
537 1655 677 1706 exhibitione
687 1655 783 1720 alicujus
792 1657 838 1718 rei,

24 1725 74 1778 sed
86 1725 112 1774 in
126 1725 174 1775 sola
191 1725 273 1776 mande
285 1725 431 1789 impositione
443 1729 467 1776 et
485 1725 601 1776 unctione.
615 1726 659 1776 Sed
672 1726 696 1775 in
707 1727 786 1778 ordine
799 1740 836 1779 sa·

22 1795 140 1849 cerdotali
154 1795 220 1846 aliter
238 1800 289 1860 est;
305 1798 328 1846 et
344 1795 397 1847 ideo
410 1809 457 1847 non
471 1800 508 1847 est
518 1795 602 1846 simile.

62 1867 100 1918 hd
109 1868 231 1918 secundum
247 1867 379 1930 dicendum,
395 1866 457 1932 qudd
471 1868 580 1919 hominm
594 1867 711 1933 discipulis
724 1866 786 1920 dedit
799 1881 837 1918 sa-

24 1938 169 1991 cerdotalem
186 1942 336 2002 potestatem,
352 1938 463 2001 quanthm
479 1939 508 1988 ad
523 1937 673 2002 principalem
686 1942 770 2001 actum,
780 1941 836 1990 ante

25 2008 165 2077 passionem
174 2009 198 2059 in
209 2023 283 2073 coena,
297 2011 389 2073 quando
401 2011 459 2060 dixit
472 2026 477 2059 :
493 2009 619 2073 «decipite
631 2015 654 2061 et
664 2011 835 2075 manducate;u

26 2081 96 2144 unde
108 2081 225 2146 homuncii
240 2098 247 2132 τ
264 2100 278 2132 «
291 2083 340 2134 lloc
352 2083 421 2133 lacite
432 2082 456 2132 in
472 2095 547 2133 meam
561 2082 833 2134 commemorationem.»

26 2152 78 2206 Sed
96 2155 147 2217 post
166 2154 355 2204 resurrectionem
379 2153 441 2205 dedit
454 2154 488 2205 eis
501 2157 639 2218 potestatem
659 2153 836 2219 sacerdotalem,

28 2222 145 2290 quantrlm
159 2225 188 2276 ad
203 2227 279 2278 actum
293 2225 468 2289 secundarium,
482 2225 523 2288 qni
538 2229 574 2276 eet
587 2224 659 2289 ligare
672 2229 695 2276 et
706 2226 805 2278 solvere.

68 2295 104 2346 hd
117 2296 206 2346 tertium
217 2296 351 2360 dicendum,
365 2296 423 2360 qudd
437 2296 462 2346 in
476 2296 581 2348 vestibus
596 2310 643 2349 non
658 2297 780 2362 requiritur
792 2297 838 2349 alia

31 2368 193 2431 consecratio,
206 2366 251 2418 nisi
265 2368 325 2433 qudd
336 2367 415 2419 divino
426 2367 498 2418 cultui
507 2367 674 2432 mancipentur.
687 2371 716 2419 lit
725 2369 776 2420 ideo
787 2368 838 2419 sul-

34 2440 87 2492 ficit
103 2437 136 2488 eis
154 2452 195 2503 pre
211 2438 383 2490 consecratione
395 2437 539 2502 henedicti03
555 2440 595 2490 sed
609 2439 674 2492 aliter
684 2444 719 2491 est
730 2440 758 2490 de
775 2438 837 2490 ordi·

34 2511 116 2574 natis,
129 2514 155 2560 ut
168 2524 197 2561 er
214 2511 278 2562 dictis
291 2514 364 2575 patet.

70 2583 105 2633 td
117 2585 222 2646 quartum
242 2583 377 2645 dicendum,
391 2581 455 2644 qndd'
464 2581 540 2632 restis
551 2581 696 2632 sacerdotalis
708 2593 755 2630 non
764 2579 841 2644 signi·

33 2656 91 2707 dicat
104 2655 239 2718 potestatem
258 2653 370 2704 sacerdoti
386 2653 476 2716 datam,
490 2653 530 2703 ced
547 2652 695 2703 idoneitatem
708 2665 759 2715 quae
772 2650 796 2700 iu
810 2664 838 2702 eo

34 2722 160 2790 requiritur
171 2723 200 2774 ad
210 2729 284 2774 actum
297 2723 418 2789 potestatis
430 2724 599 2788 exequendum.
610 2723 699 2774 litideo
712 2734 755 2772 nec
766 2735 842 2772 sacer·

32 2797 103 2860 doti,
116 2808 158 2848 uec
173 2796 241 2846 alicui
254 2795 309 2862 alii,
325 2795 461 2860 imprimitur
475 2797 593 2846 character
611 2795 637 2846 in
655 2792 752 2857 alicujus
769 2791 840 2843 vestie

32 2868 140 2930 dolone·

70 2939 107 2995 td
116 2937 219 3004 quintum
227 2937 356 3004 dicendum,
365 2938 427 3004 qudd
438 2941 541 3004 potestas
550 2936 639 2999 diaconi
646 2939 684 2990 ert
696 2935 748 2990 mef'
