1942 3284
109 186 154 234 ⁶46
274 198 475 246 snruuunuurur,
489 195 584 241 pussr.
601 198 631 241 r,
645 197 699 234 nnn.
716 199 744 234 rr.

112 276 193 328 habuit
207 274 344 340 propositum
360 272 492 325 ooulitendi.
503 272 564 335 argu
577 271 665 322 tantum
679 272 753 322 naluit
771 272 851 336 sibi,
865 274 922 325 sient

112 348 223 400 siluisset
232 346 364 398 mulessus:
373 348 397 395 at
406 344 438 393 ita
447 342 737 409 parooniessiousmquam
751 349 850 407 poster
860 344 921 405 iarn

112 419 169 469 nihil
182 418 205 468 ei
217 419 246 468 de
257 428 325 481 poeua
337 415 468 467 dimittitur.

142 491 186 541 Sed
198 492 276 551 coptra
283 524 292 550 ,
299 486 413 539 uouiessio
422 499 514 550 ponam
523 485 600 537 habet.
609 485 654 536 Sed
664 497 707 548 per
718 487 807 537 omnia
819 488 925 552 poenl'n

112 562 216 626 expiatur
228 570 296 624 prena
308 561 401 623 peccam
414 558 499 609 debita.
512 558 572 619 Ergo
583 560 608 607 et
619 568 661 620 per
671 556 876 609 contessionem.

145 632 302 694 (Consumto.
320 656 352 669 -
364 628 484 680 Confessio
498 641 529 678 ex
548 628 573 676 ri
588 625 740 677 absolutionis
767 631 928 695 eonium.
969 628 970 633 ’

111 700 294 764 drusiacum,
308 700 340 751 ita
357 699 424 750 etium
438 697 452 748 i
466 711 533 762 poena
546 703 629 749 atrum
642 696 740 759 liberat;
761 702 929 765 temporalem

110 784 201 837 quoque
212 784 302 837 prauam
310 807 319 833 ,
328 768 379 821 edm
388 770 546 821 vererundium
557 767 677 831 quamdam
686 780 817 819 annexam
827 772 926 827 hubert,

111 842 236 895 seouudium
255 843 363 907 majurum
383 841 420 891 vel
440 840 551 891 minorem
571 837 699 890 confitentis
713 838 929 903 dispositionem,

111 912 199 964 rationo
212 912 274 963 illius
287 910 466 971 erubescentia,
479 922 546 973 quam
558 920 669 959 annexam
681 907 767 968 habet,
783 911 929 974 diminuit.)

142 984 278 1048 despondeo
299 982 432 1043 dicendum,
450 980 511 1045 qudd
527 978 641 1031 confessio
658 978 731 1028 simul
744 993 808 1031 uum
829 982 929 1033 almis-

111 1055 174 1107 tiooe
190 1056 261 1106 habet
277 1053 325 1103 rim
343 1051 477 1104 liberandid
491 1063 558 1114 puna
570 1048 706 1115 dupiuiter:
723 1062 779 1101 uuo
794 1054 893 1115 modo,
902 1068 928 1103 rx

111 1127 162 1190 ipsu
171 1126 195 1177 ui
207 1123 369 1186 absolutionis,
382 1123 454 1173 etsie
465 1121 558 1185 quidem
570 1122 658 1181 liberat,
669 1120 693 1169 iu
702 1126 762 1171 voto
773 1123 905 1185 existens,
916 1124 928 1172 'a
966 1120 967 1131 ¹

112 1210 181 1260 poeua
192 1200 285 1258 aterna,
294 1194 352 1245 sicut
361 1194 432 1245 etiam
440 1192 455 1243 a
462 1194 544 1255 uulpa;
554 1191 703 1255 quapridem
714 1204 796 1255 prena
808 1201 852 1245 est
861 1209 927 1259 poeru

112 1267 265 1317 condemnans
278 1268 302 1316 et
314 1276 344 1315 ex
361 1266 410 1317 tuto
423 1262 589 1325 exterminans,
609 1261 682 1326 apuu
698 1262 777 1314 bomo
796 1265 928 1325 lineatus,

112 1338 186 1387 adnuo
205 1339 281 1386 munet
300 1332 413 1399 obligatus
431 1334 459 1385 ad
484 1346 574 1396 punam
596 1332 765 1396 temporalem,
792 1338 929 1388 seeundum

111 1406 173 1470 quod
189 1417 256 1469 poena
269 1409 305 1457 est
321 1404 432 1456 medioiua
444 1416 546 1467 purgans
564 1408 588 1455 et
604 1416 763 1467 promotuum
777 1412 810 1456 et
824 1410 865 1458 sir
882 1410 929 1458 nm

113 1488 180 1539 prena
199 1478 271 1527 restat
292 1476 318 1526 iu
337 1475 466 1541 purgatorio
483 1475 592 1539 patienda
606 1475 675 1524 etiam
689 1475 741 1537 his,
763 1478 817 1540 qui
832 1480 849 1529 ir
862 1493 928 1544 poeun

112 1546 195 1598 interni
208 1547 297 1599 liburni
315 1549 384 1609 suut,
399 1559 450 1609 que
468 1546 561 1611 quidem
574 1558 641 1609 poeua
654 1548 690 1596 est
702 1545 929 1612 improportiumu

112 1618 199 1670 uiribus
215 1617 346 1683 paenitentis
364 1616 389 1667 iu
401 1618 446 1668 hou
465 1618 550 1668 mundo
564 1616 677 1677 uirentis,
690 1618 732 1666 sed
747 1631 798 1681 per
809 1622 868 1671 rim
885 1622 929 1672 ria·
967 1679 968 1684 ἵ

113 1689 177 1741 rium
195 1689 322 1741 intantum
342 1686 460 1750 minuitur,
472 1686 532 1751 qudd
546 1686 713 1750 proportionata
736 1688 840 1741 viribus
853 1691 929 1757 pmii

114 1761 313 1823 maturanensi,
327 1757 359 1809 ita
374 1756 435 1822 qudi
454 1756 629 1820 satisfaciendo,
644 1768 671 1807 sa
687 1757 712 1806 iu
726 1758 775 1807 nar
799 1761 858 1812 vita
874 1776 929 1827 pm·

114 1846 168 1896 gare
179 1834 263 1897 potest.
274 1831 324 1883 Allo
335 1830 417 1891 modo,
428 1828 535 1881 diminuit
546 1841 638 1892 poenaur
647 1840 676 1878 ux
688 1828 740 1891 ipsa
755 1833 851 1883 natura
863 1835 931 1884 urus

113 1902 258 1963 oouiitentis,
269 1900 309 1965 qui
321 1900 391 1951 habet
401 1912 492 1964 poeuam
501 1898 665 1950 embesoentim
673 1910 795 1949 annexam
807 1908 854 1953 :et
863 1904 927 1962 ideo.

113 1972 200 2035 quanti
222 1970 303 2035 aliquis
320 1970 407 2033 pluries
424 1971 453 2022 de
471 1970 557 2021 endem
574 1969 673 2033 protam
691 1971 838 2034 muitetur,
862 1978 932 2025 tauto

114 2041 185 2105 magis
201 2052 269 2105 poeua
285 2038 404 2091 minuitur.
725 2096 730 2110 ι
949 2075 956 2104 ,

144 2113 173 2163 Et
186 2122 226 2173 par
239 2110 282 2161 hoo
292 2113 353 2174 patu
365 2109 483 2174 responsio
494 2111 522 2161 ad
535 2108 643 2173 primum.

145 2183 178 2233 ud
195 2180 468 2245 souuudumuioeuuum,
482 2180 662 2245 quidmiraris
682 2193 724 2243 pro
737 2180 805 2232 nem
821 2198 877 2235 nou
894 2202 933 2238 re·

113 2255 205 2317 putatur
217 2253 243 2305 iu
258 2252 295 2303 his
307 2265 358 2317 quae
379 2252 474 2301 suntab
488 2252 547 2313 alio,
562 2250 621 2301 sicut
631 2254 669 2301 est
679 2252 707 2301 de
722 2252 869 2313 baptismo:
883 2272 931 2308 nou

113 2323 174 2375 euim
195 2320 284 2372 tautum
303 2324 364 2371 valet
386 2322 490 2373 voluutas
509 2320 648 2384 suscipiendi
673 2318 842 2386 baptismum,
860 2328 929 2377 §cur

103 2392 186 2458 *ipsius
199 2392 323 2458 susceptio.
336 2392 380 2443 Sed
391 2396 508 2457 reputatur
520 2392 627 2443 voluutas
640 2402 681 2454 pru
698 2390 761 2441 lauto
771 2392 799 2441 iu
816 2396 860 2445 iris
873 2412 929 2461 qur:

114 2469 168 2515 surii
191 2462 283 2513 omnlino
302 2462 330 2513 alr
352 2462 456 2523 hominm
476 2466 501 2511 et
516 2462 599 2513 iterum
615 2459 723 2525 quantum
740 2461 771 2510 ad
791 2470 929 2525 premium

114 2534 249 2592 essentiale,
264 2545 309 2583 uon
322 2536 397 2582 autem
410 2532 521 2595 quasillum
532 2533 560 2582 ad
571 2544 644 2595 poeuau
656 2530 824 2597 remotionem,
838 2542 866 2585 et
879 2539 926 2587 rm.

113 2704 260 2760 judicamur,-
274 2715 325 2759 qum
344 2704 414 2748 verba
430 2708 483 2747 sunt
496 2701 640 2758 cassiodori,
656 2700 794 2758 explicantis
809 2702 860 2749 noe
873 2709 925 2751 1)...

118 2768 215 2811 vidicum
227 2765 331 2821 verbum,
343 2766 431 2809 Psulm.
444 2765 530 2808 xxxi:
542 2764 621 2809 Dixi:
633 2762 769 2820 Confitetur·
781 2765 928 2813 odwsdnr

116 2824 321 2943 ἴπὶᾜιιῶιθιξίαηι
339 2838 414 2871 meam
429 2827 546 2875 Domino,
559 2831 581 2871 st
592 2832 621 2870 tu
636 2826 930 2883 semicintiarum„
