<?xml version="1.0" encoding="UTF-8"?>
<!DOCTYPE html PUBLIC "-//W3C//DTD XHTML 1.0 Transitional//EN"
    "http://www.w3.org/TR/xhtml1/DTD/xhtml1-transitional.dtd">
<html xmlns="http://www.w3.org/1999/xhtml" xml:lang="en" lang="en">
 <head>
  <title>
</title>
<meta http-equiv="Content-Type" content="text/html;charset=utf-8" />
  <meta name='ocr-system' content='tesseract 3.04.00' />
  <meta name='ocr-capabilities' content='ocr_page ocr_carea ocr_par ocr_line ocrx_word'/>
</head>
<body>
  <div class='ocr_page' id='page_1' title='image "./summatheologica01nicogoog_0444.png"; bbox 0 0 1942 3284; ppageno 0'>
   <div class='ocr_carea' id='block_1_1' title="bbox 128 180 951 283">
    <p class='ocr_par' dir='ltr' id='par_1_1' title="bbox 128 180 951 283">
     <span class='ocr_line' id='line_1_1' title="bbox 128 180 951 283; baseline 0.001 -13"><span class='ocrx_word' id='word_1_1' title='bbox 128 224 173 271; x_wconf 76' lang='grc' dir='ltr'><strong>ιιι</strong></span> <span class='ocrx_word' id='word_1_2' title='bbox 302 236 364 273; x_wconf 82' lang='lat' dir='ltr'><strong>aser</strong></span> <span class='ocrx_word' id='word_1_3' title='bbox 377 236 417 283; x_wconf 89' lang='lat' dir='ltr'><strong>ru,</strong></span> <span class='ocrx_word' id='word_1_4' title='bbox 431 235 526 279; x_wconf 75' lang='lat' dir='ltr'><strong>oumsr.</strong></span> <span class='ocrx_word' id='word_1_5' title='bbox 541 233 648 281; x_wconf 77' lang='lat' dir='ltr'><strong>imru,</strong></span> <span class='ocrx_word' id='word_1_6' title='bbox 662 233 717 271; x_wconf 77' lang='lat' dir='ltr'><strong>aar.</strong></span> <span class='ocrx_word' id='word_1_7' title='bbox 732 235 750 271; x_wconf 91' lang='grc' dir='ltr'><strong>ι.</strong></span> <span class='ocrx_word' id='word_1_8' title='bbox 950 180 951 271; x_wconf 59' lang='lat' dir='ltr'><strong>l</strong></span> 
     </span>
    </p>
   </div>
   <div class='ocr_carea' id='block_1_2' title="bbox 126 309 951 734">
    <p class='ocr_par' dir='ltr' id='par_1_2' title="bbox 127 309 951 592">
     <span class='ocr_line' id='line_1_2' title="bbox 156 309 918 374; baseline 0 -14"><span class='ocrx_word' id='word_1_9' title='bbox 156 316 180 361; x_wconf 73' lang='lat'><strong>2.</strong></span> <span class='ocrx_word' id='word_1_10' title='bbox 196 313 324 374; x_wconf 77' lang='lat' dir='ltr'><strong>Phalerea,</strong></span> <span class='ocrx_word' id='word_1_11' title='bbox 339 310 464 361; x_wconf 77' lang='lat' dir='ltr'><strong>immolatio</strong></span> <span class='ocrx_word' id='word_1_12' title='bbox 477 309 564 360; x_wconf 89' lang='lat' dir='ltr'><strong>Christi</strong></span> <span class='ocrx_word' id='word_1_13' title='bbox 577 310 639 359; x_wconf 88' lang='lat' dir='ltr'><strong>facta</strong></span> <span class='ocrx_word' id='word_1_14' title='bbox 653 314 688 360; x_wconf 85' lang='lat' dir='ltr'><strong>est</strong></span> <span class='ocrx_word' id='word_1_15' title='bbox 701 310 726 361; x_wconf 92' lang='lat' dir='ltr'><strong>in</strong></span> <span class='ocrx_word' id='word_1_16' title='bbox 743 322 826 373; x_wconf 84' lang='lat' dir='ltr'><strong>cruoe,</strong></span> <span class='ocrx_word' id='word_1_17' title='bbox 839 310 862 360; x_wconf 88' lang='lat' dir='ltr'><strong>in</strong></span> <span class='ocrx_word' id='word_1_18' title='bbox 875 324 918 374; x_wconf 79' lang='lat' dir='ltr'><strong>qna</strong></span> 
     </span>
     <span class='ocr_line' id='line_1_3' title="bbox 128 381 920 446; baseline 0.001 -16"><span class='ocrx_word' id='word_1_19' title='bbox 128 382 242 434; x_wconf 82' lang='lat' dir='ltr'><strong>«tradidit</strong></span> <span class='ocrx_word' id='word_1_20' title='bbox 261 382 409 446; x_wconf 87' lang='lat' dir='ltr'><strong>semetipsum</strong></span> <span class='ocrx_word' id='word_1_21' title='bbox 425 383 561 432; x_wconf 89' lang='lat' dir='ltr'><strong>oblationem</strong></span> <span class='ocrx_word' id='word_1_22' title='bbox 579 385 602 430; x_wconf 90' lang='lat' dir='ltr'><strong>et</strong></span> <span class='ocrx_word' id='word_1_23' title='bbox 619 381 718 432; x_wconf 76' lang='lat' dir='ltr'><strong>hostiam</strong></span> <span class='ocrx_word' id='word_1_24' title='bbox 733 383 779 432; x_wconf 86' lang='lat' dir='ltr'><strong>beo</strong></span> <span class='ocrx_word' id='word_1_25' title='bbox 793 383 819 432; x_wconf 88' lang='lat' dir='ltr'><strong>iu</strong></span> <span class='ocrx_word' id='word_1_26' title='bbox 834 384 920 433; x_wconf 87' lang='lat' dir='ltr'><strong>odorem</strong></span> 
     </span>
     <span class='ocr_line' id='line_1_4' title="bbox 128 398 951 529; baseline -0.001 -25"><span class='ocrx_word' id='word_1_27' title='bbox 128 454 281 516; x_wconf 83' lang='lat' dir='ltr'><strong>suauitatis,u</strong></span> <span class='ocrx_word' id='word_1_28' title='bbox 299 458 323 504; x_wconf 89' lang='lat' dir='ltr'><strong>ut</strong></span> <span class='ocrx_word' id='word_1_29' title='bbox 341 455 422 504; x_wconf 89' lang='lat' dir='ltr'><strong>dicitur</strong></span> <span class='ocrx_word' id='word_1_30' title='bbox 439 453 540 518; x_wconf 71' lang='lat' dir='ltr'><strong>aphec,</strong></span> <span class='ocrx_word' id='word_1_31' title='bbox 559 453 588 501; x_wconf 86' lang='lat' dir='ltr'><strong>ll.</strong></span> <span class='ocrx_word' id='word_1_32' title='bbox 602 451 647 502; x_wconf 85' lang='lat' dir='ltr'><strong>Sed</strong></span> <span class='ocrx_word' id='word_1_33' title='bbox 659 453 684 501; x_wconf 95' lang='lat' dir='ltr'><strong>in</strong></span> <span class='ocrx_word' id='word_1_34' title='bbox 703 453 919 517; x_wconf 81' lang='lat' dir='ltr'><strong>celebationeltojns</strong></span> <span class='ocrx_word' id='word_1_35' title='bbox 949 398 951 529; x_wconf 29' lang='grc' dir='ltr'>ι</span> 
     </span>
     <span class='ocr_line' id='line_1_5' title="bbox 127 525 951 592; baseline -0.001 -16"><span class='ocrx_word' id='word_1_36' title='bbox 127 527 229 592; x_wconf 79' lang='lat' dir='ltr'><strong>mysterii</strong></span> <span class='ocrx_word' id='word_1_37' title='bbox 246 527 354 577; x_wconf 87' lang='lat' dir='ltr'><strong>Christus</strong></span> <span class='ocrx_word' id='word_1_38' title='bbox 367 540 412 576; x_wconf 93' lang='lat' dir='ltr'><strong>non</strong></span> <span class='ocrx_word' id='word_1_39' title='bbox 432 525 582 588; x_wconf 85' lang='lat' dir='ltr'><strong>crucifigitur.</strong></span> <span class='ocrx_word' id='word_1_40' title='bbox 597 525 655 586; x_wconf 85' lang='lat' dir='ltr'><strong>Ergo</strong></span> <span class='ocrx_word' id='word_1_41' title='bbox 670 538 713 575; x_wconf 89' lang='lat' dir='ltr'><strong>uec</strong></span> <span class='ocrx_word' id='word_1_42' title='bbox 724 525 861 575; x_wconf 89' lang='lat' dir='ltr'><strong>immolatur.</strong></span> <span class='ocrx_word' id='word_1_43' title='bbox 950 532 951 539; x_wconf 77' lang='grc'>’</span> 
     </span>
    </p>

    <p class='ocr_par' dir='ltr' id='par_1_3' title="bbox 126 595 922 734">
     <span class='ocr_line' id='line_1_6' title="bbox 158 595 922 662; baseline -0.001 -17"><span class='ocrx_word' id='word_1_44' title='bbox 158 601 181 647; x_wconf 78' lang='grc'><strong>3.</strong></span> <span class='ocrx_word' id='word_1_45' title='bbox 193 602 314 662; x_wconf 83' lang='lat' dir='ltr'><strong>Praeterea,</strong></span> <span class='ocrx_word' id='word_1_46' title='bbox 325 599 384 649; x_wconf 89' lang='lat' dir='ltr'><strong>sicut</strong></span> <span class='ocrx_word' id='word_1_47' title='bbox 400 597 541 662; x_wconf 79' lang='lat' dir='ltr'><strong>Augustinus</strong></span> <span class='ocrx_word' id='word_1_48' title='bbox 559 595 615 645; x_wconf 88' lang='lat' dir='ltr'><strong>dicit</strong></span> <span class='ocrx_word' id='word_1_49' title='bbox 631 595 655 644; x_wconf 93' lang='lat' dir='ltr'><strong>in</strong></span> <span class='ocrx_word' id='word_1_50' title='bbox 671 597 712 648; x_wconf 89' lang='lat' dir='ltr'><strong>lll.</strong></span> <span class='ocrx_word' id='word_1_51' title='bbox 730 597 772 646; x_wconf 70' lang='lat' dir='ltr'><strong>tib,</strong></span> <span class='ocrx_word' id='word_1_52' title='bbox 784 599 821 646; x_wconf 83' lang='lat' dir='ltr'><strong>De</strong></span> <span class='ocrx_word' id='word_1_53' title='bbox 838 597 922 647; x_wconf 63' lang='lat' dir='ltr'><strong>amatr.</strong></span> 
     </span>
     <span class='ocr_line' id='line_1_7' title="bbox 126 667 921 734; baseline -0.004 -13"><span class='ocrx_word' id='word_1_54' title='bbox 126 671 185 734; x_wconf 82' lang='lat' dir='ltr'><strong>(cap.</strong></span> <span class='ocrx_word' id='word_1_55' title='bbox 200 671 234 733; x_wconf 79' lang='lat' dir='ltr'><strong>t),</strong></span> <span class='ocrx_word' id='word_1_56' title='bbox 253 688 267 720; x_wconf 84' lang='grc' dir='ltr'><strong>ι</strong></span> <span class='ocrx_word' id='word_1_57' title='bbox 278 672 302 721; x_wconf 91' lang='lat' dir='ltr'><strong>in</strong></span> <span class='ocrx_word' id='word_1_58' title='bbox 315 669 468 721; x_wconf 76' lang='lat' dir='ltr'><strong>immolatione</strong></span> <span class='ocrx_word' id='word_1_59' title='bbox 481 668 567 718; x_wconf 85' lang='lat' dir='ltr'><strong>Christi</strong></span> <span class='ocrx_word' id='word_1_60' title='bbox 581 667 642 717; x_wconf 90' lang='lat' dir='ltr'><strong>idem</strong></span> <span class='ocrx_word' id='word_1_61' title='bbox 661 672 698 717; x_wconf 84' lang='lat' dir='ltr'><strong>est</strong></span> <span class='ocrx_word' id='word_1_62' title='bbox 710 670 817 720; x_wconf 81' lang='lat' dir='ltr'><strong>sacerdos</strong></span> <span class='ocrx_word' id='word_1_63' title='bbox 830 673 854 719; x_wconf 88' lang='lat' dir='ltr'><strong>el</strong></span> <span class='ocrx_word' id='word_1_64' title='bbox 867 671 921 718; x_wconf 93' lang='lat' dir='ltr'><strong>bos-</strong></span> 
     </span>
    </p>
   </div>
   <div class='ocr_carea' id='block_1_3' title="bbox 126 741 951 3020">
    <p class='ocr_par' dir='ltr' id='par_1_4' title="bbox 127 741 951 937">
     <span class='ocr_line' id='line_1_8' title="bbox 128 741 921 804; baseline -0.001 -13"><span class='ocrx_word' id='word_1_65' title='bbox 128 743 168 792; x_wconf 90' lang='lat' dir='ltr'><strong>tia.</strong></span> <span class='ocrx_word' id='word_1_66' title='bbox 183 759 197 789; x_wconf 87' lang='grc'>»</span> <span class='ocrx_word' id='word_1_67' title='bbox 212 743 256 793; x_wconf 87' lang='lat' dir='ltr'><strong>Sed</strong></span> <span class='ocrx_word' id='word_1_68' title='bbox 271 744 295 793; x_wconf 93' lang='lat' dir='ltr'><strong>in</strong></span> <span class='ocrx_word' id='word_1_69' title='bbox 306 743 457 794; x_wconf 83' lang='lat' dir='ltr'><strong>celebratione</strong></span> <span class='ocrx_word' id='word_1_70' title='bbox 473 742 542 804; x_wconf 89' lang='lat' dir='ltr'><strong>hujus</strong></span> <span class='ocrx_word' id='word_1_71' title='bbox 555 741 692 790; x_wconf 76' lang='lat' dir='ltr'><strong>sacramenti</strong></span> <span class='ocrx_word' id='word_1_72' title='bbox 705 753 753 791; x_wconf 93' lang='lat' dir='ltr'><strong>non</strong></span> <span class='ocrx_word' id='word_1_73' title='bbox 766 745 803 790; x_wconf 88' lang='lat' dir='ltr'><strong>est</strong></span> <span class='ocrx_word' id='word_1_74' title='bbox 815 742 876 791; x_wconf 89' lang='lat' dir='ltr'><strong>idem</strong></span> <span class='ocrx_word' id='word_1_75' title='bbox 888 754 921 790; x_wconf 85' lang='lat' dir='ltr'><strong>sr-</strong></span> 
     </span>
     <span class='ocr_line' id='line_1_9' title="bbox 127 813 922 878; baseline -0.005 -14"><span class='ocrx_word' id='word_1_76' title='bbox 127 816 204 866; x_wconf 90' lang='lat' dir='ltr'><strong>cerdos</strong></span> <span class='ocrx_word' id='word_1_77' title='bbox 220 819 243 864; x_wconf 92' lang='lat' dir='ltr'><strong>et</strong></span> <span class='ocrx_word' id='word_1_78' title='bbox 261 815 345 866; x_wconf 89' lang='lat' dir='ltr'><strong>hostia.</strong></span> <span class='ocrx_word' id='word_1_79' title='bbox 363 816 421 878; x_wconf 86' lang='lat' dir='ltr'><strong>Ergo</strong></span> <span class='ocrx_word' id='word_1_80' title='bbox 440 813 560 864; x_wconf 88' lang='lat' dir='ltr'><strong>celebratio</strong></span> <span class='ocrx_word' id='word_1_81' title='bbox 579 813 649 876; x_wconf 75' lang='lat' dir='ltr'><strong>hujus</strong></span> <span class='ocrx_word' id='word_1_82' title='bbox 667 813 807 862; x_wconf 86' lang='lat' dir='ltr'><strong>sacramenti</strong></span> <span class='ocrx_word' id='word_1_83' title='bbox 829 815 922 865; x_wconf 88' lang='lat' dir='ltr'><strong>nonest</strong></span> 
     </span>
     <span class='ocr_line' id='line_1_10' title="bbox 127 886 951 937; baseline 0 -1"><span class='ocrx_word' id='word_1_84' title='bbox 127 886 211 936; x_wconf 82' lang='lat' dir='ltr'><strong>Christi</strong></span> <span class='ocrx_word' id='word_1_85' title='bbox 224 887 358 937; x_wconf 89' lang='lat' dir='ltr'><strong>immolatio.</strong></span> <span class='ocrx_word' id='word_1_86' title='bbox 950 894 951 897; x_wconf 78' lang='grc'>’</span> 
     </span>
    </p>

    <p class='ocr_par' dir='ltr' id='par_1_5' title="bbox 126 955 922 1166">
     <span class='ocr_line' id='line_1_11' title="bbox 159 955 922 1022; baseline -0.001 -14"><span class='ocrx_word' id='word_1_87' title='bbox 159 960 203 1010; x_wconf 88' lang='lat' dir='ltr'><strong>Sed</strong></span> <span class='ocrx_word' id='word_1_88' title='bbox 213 963 291 1010; x_wconf 88' lang='lat' dir='ltr'><strong>contra</strong></span> <span class='ocrx_word' id='word_1_89' title='bbox 302 963 346 1020; x_wconf 84' lang='lat' dir='ltr'><strong>ast,</strong></span> <span class='ocrx_word' id='word_1_90' title='bbox 357 960 416 1022; x_wconf 82' lang='lat' dir='ltr'><strong>quod</strong></span> <span class='ocrx_word' id='word_1_91' title='bbox 430 957 569 1022; x_wconf 73' lang='lat' dir='ltr'><strong>Augustinus</strong></span> <span class='ocrx_word' id='word_1_92' title='bbox 581 955 634 1008; x_wconf 91' lang='lat' dir='ltr'><strong>dicit</strong></span> <span class='ocrx_word' id='word_1_93' title='bbox 643 956 668 1006; x_wconf 96' lang='lat' dir='ltr'><strong>in</strong></span> <span class='ocrx_word' id='word_1_94' title='bbox 679 955 720 1006; x_wconf 88' lang='lat' dir='ltr'><strong>lib.</strong></span> <span class='ocrx_word' id='word_1_95' title='bbox 733 958 845 1007; x_wconf 80' lang='lat' dir='ltr'><strong>sentent.</strong></span> <span class='ocrx_word' id='word_1_96' title='bbox 857 961 922 1009; x_wconf 81' lang='lat' dir='ltr'><strong>Pros-</strong></span> 
     </span>
     <span class='ocr_line' id='line_1_12' title="bbox 126 1028 922 1095; baseline 0.001 -17"><span class='ocrx_word' id='word_1_97' title='bbox 126 1033 185 1095; x_wconf 82' lang='lat' dir='ltr'><strong>pera&#39;</strong></span> <span class='ocrx_word' id='word_1_98' title='bbox 200 1047 208 1080; x_wconf 94' lang='lat'><strong>.·</strong></span> <span class='ocrx_word' id='word_1_99' title='bbox 232 1048 245 1078; x_wconf 83' lang='grc' dir='ltr'><strong>ι</strong></span> <span class='ocrx_word' id='word_1_100' title='bbox 259 1031 335 1081; x_wconf 83' lang='lat' dir='ltr'><strong>Semel</strong></span> <span class='ocrx_word' id='word_1_101' title='bbox 351 1030 482 1080; x_wconf 89' lang='lat' dir='ltr'><strong>immolatus</strong></span> <span class='ocrx_word' id='word_1_102' title='bbox 498 1034 534 1080; x_wconf 89' lang='lat' dir='ltr'><strong>est</strong></span> <span class='ocrx_word' id='word_1_103' title='bbox 548 1030 573 1079; x_wconf 92' lang='lat' dir='ltr'><strong>in</strong></span> <span class='ocrx_word' id='word_1_104' title='bbox 587 1028 710 1093; x_wconf 88' lang='lat' dir='ltr'><strong>semetipso</strong></span> <span class='ocrx_word' id='word_1_105' title='bbox 724 1029 831 1080; x_wconf 88' lang='lat' dir='ltr'><strong>Christus</strong></span> <span class='ocrx_word' id='word_1_106' title='bbox 842 1069 849 1092; x_wconf 91' lang='lat'>,</span> <span class='ocrx_word' id='word_1_107' title='bbox 861 1035 922 1082; x_wconf 89' lang='lat' dir='ltr'><strong>etta-</strong></span> 
     </span>
     <span class='ocr_line' id='line_1_13' title="bbox 128 1101 662 1166; baseline -0.009 -14"><span class='ocrx_word' id='word_1_108' title='bbox 128 1116 182 1152; x_wconf 91' lang='lat' dir='ltr'><strong>men</strong></span> <span class='ocrx_word' id='word_1_109' title='bbox 195 1101 297 1166; x_wconf 87' lang='lat' dir='ltr'><strong>quotidie</strong></span> <span class='ocrx_word' id='word_1_110' title='bbox 310 1101 440 1152; x_wconf 89' lang='lat' dir='ltr'><strong>immolatur</strong></span> <span class='ocrx_word' id='word_1_111' title='bbox 453 1101 478 1150; x_wconf 92' lang='lat' dir='ltr'><strong>in</strong></span> <span class='ocrx_word' id='word_1_112' title='bbox 488 1104 662 1151; x_wconf 77' lang='lat' dir='ltr'><strong>sacramento.»</strong></span> 
     </span>
    </p>

    <p class='ocr_par' dir='ltr' id='par_1_6' title="bbox 127 1172 951 1448">
     <span class='ocr_line' id='line_1_14' title="bbox 162 1172 919 1237; baseline -0.004 -13"><span class='ocrx_word' id='word_1_113' title='bbox 162 1175 317 1237; x_wconf 84' lang='lat' dir='ltr'><strong>(Coretusro.</strong></span> <span class='ocrx_word' id='word_1_114' title='bbox 332 1201 363 1209; x_wconf 95' lang='lat'><em>-</em></span> <span class='ocrx_word' id='word_1_115' title='bbox 379 1172 436 1222; x_wconf 88' lang='lat' dir='ltr'><strong>Tdm</strong></span> <span class='ocrx_word' id='word_1_116' title='bbox 461 1173 514 1236; x_wconf 84' lang='lat' dir='ltr'><strong>quia</strong></span> <span class='ocrx_word' id='word_1_117' title='bbox 538 1173 609 1236; x_wconf 88' lang='lat' dir='ltr'><strong>hujus</strong></span> <span class='ocrx_word' id='word_1_118' title='bbox 631 1172 767 1221; x_wconf 86' lang='lat' dir='ltr'><strong>sacramenti</strong></span> <span class='ocrx_word' id='word_1_119' title='bbox 788 1172 919 1232; x_wconf 89' lang='lat' dir='ltr'><strong>celebratio,</strong></span> 
     </span>
     <span class='ocr_line' id='line_1_15' title="bbox 128 1241 951 1308; baseline -0.002 -15"><span class='ocrx_word' id='word_1_120' title='bbox 128 1243 204 1308; x_wconf 83' lang='lat' dir='ltr'><strong>imago</strong></span> <span class='ocrx_word' id='word_1_121' title='bbox 218 1245 319 1308; x_wconf 79' lang='lat' dir='ltr'><strong>quaedam</strong></span> <span class='ocrx_word' id='word_1_122' title='bbox 337 1247 372 1293; x_wconf 89' lang='lat' dir='ltr'><strong>est</strong></span> <span class='ocrx_word' id='word_1_123' title='bbox 385 1243 500 1307; x_wconf 91' lang='lat' dir='ltr'><strong>passionis</strong></span> <span class='ocrx_word' id='word_1_124' title='bbox 514 1244 609 1303; x_wconf 90' lang='lat' dir='ltr'><strong>Christi,</strong></span> <span class='ocrx_word' id='word_1_125' title='bbox 623 1241 672 1292; x_wconf 85' lang='lat' dir='ltr'><strong>llam</strong></span> <span class='ocrx_word' id='word_1_126' title='bbox 684 1241 754 1291; x_wconf 87' lang='lat' dir='ltr'><strong>etiam</strong></span> <span class='ocrx_word' id='word_1_127' title='bbox 766 1243 818 1306; x_wconf 83' lang='lat' dir='ltr'><strong>qnia</strong></span> <span class='ocrx_word' id='word_1_128' title='bbox 829 1256 872 1306; x_wconf 90' lang='lat' dir='ltr'><strong>per</strong></span> <span class='ocrx_word' id='word_1_129' title='bbox 882 1244 920 1292; x_wconf 83' lang='lat' dir='ltr'><strong>boc</strong></span> <span class='ocrx_word' id='word_1_130' title='bbox 950 1274 951 1297; x_wconf 57' lang='lat'><em>2</em></span> 
     </span>
     <span class='ocr_line' id='line_1_16' title="bbox 127 1312 919 1379; baseline -0.002 -15"><span class='ocrx_word' id='word_1_131' title='bbox 127 1319 292 1366; x_wconf 88' lang='lat' dir='ltr'><strong>sacramentum</strong></span> <span class='ocrx_word' id='word_1_132' title='bbox 308 1314 430 1379; x_wconf 83' lang='lat' dir='ltr'><strong>participes</strong></span> <span class='ocrx_word' id='word_1_133' title='bbox 440 1316 551 1365; x_wconf 88' lang='lat' dir='ltr'><strong>elllcimur</strong></span> <span class='ocrx_word' id='word_1_134' title='bbox 564 1315 651 1365; x_wconf 86' lang='lat' dir='ltr'><strong>fructus</strong></span> <span class='ocrx_word' id='word_1_135' title='bbox 663 1314 789 1364; x_wconf 81' lang='lat' dir='ltr'><strong>bominicae</strong></span> <span class='ocrx_word' id='word_1_136' title='bbox 801 1312 919 1378; x_wconf 74' lang='lat' dir='ltr'><strong>passibus,</strong></span> 
     </span>
     <span class='ocr_line' id='line_1_17' title="bbox 128 1384 951 1448; baseline 0 -15"><span class='ocrx_word' id='word_1_137' title='bbox 128 1385 290 1436; x_wconf 89' lang='lat' dir='ltr'><strong>convenienter</strong></span> <span class='ocrx_word' id='word_1_138' title='bbox 303 1385 386 1436; x_wconf 88' lang='lat' dir='ltr'><strong>dicitur</strong></span> <span class='ocrx_word' id='word_1_139' title='bbox 397 1386 482 1436; x_wconf 90' lang='lat' dir='ltr'><strong>Christi</strong></span> <span class='ocrx_word' id='word_1_140' title='bbox 499 1386 634 1436; x_wconf 89' lang='lat' dir='ltr'><strong>immolatio.</strong></span> <span class='ocrx_word' id='word_1_141' title='bbox 648 1384 657 1448; x_wconf 78' lang='lat' dir='ltr'><strong>l</strong></span> <span class='ocrx_word' id='word_1_142' title='bbox 950 1427 951 1433; x_wconf 72' lang='grc'>,</span> 
     </span>
    </p>

    <p class='ocr_par' dir='ltr' id='par_1_7' title="bbox 126 1455 949 2587">
     <span class='ocr_line' id='line_1_18' title="bbox 160 1455 920 1522; baseline -0.003 -16"><span class='ocrx_word' id='word_1_143' title='bbox 160 1457 293 1522; x_wconf 86' lang='lat' dir='ltr'><strong>Respondeo</strong></span> <span class='ocrx_word' id='word_1_144' title='bbox 309 1456 443 1520; x_wconf 88' lang='lat' dir='ltr'><strong>dicendum,</strong></span> <span class='ocrx_word' id='word_1_145' title='bbox 457 1457 517 1520; x_wconf 84' lang='lat' dir='ltr'><strong>oudd</strong></span> <span class='ocrx_word' id='word_1_146' title='bbox 528 1457 612 1521; x_wconf 80' lang='lat' dir='ltr'><strong>duplici</strong></span> <span class='ocrx_word' id='word_1_147' title='bbox 623 1455 712 1506; x_wconf 90' lang='lat' dir='ltr'><strong>ratione</strong></span> <span class='ocrx_word' id='word_1_148' title='bbox 725 1456 848 1506; x_wconf 86' lang='lat' dir='ltr'><strong>celebratio</strong></span> <span class='ocrx_word' id='word_1_149' title='bbox 859 1457 920 1519; x_wconf 84' lang='lat' dir='ltr'><strong>hujus</strong></span> 
     </span>
     <span class='ocr_line' id='line_1_19' title="bbox 127 1526 919 1590; baseline -0.005 -12"><span class='ocrx_word' id='word_1_150' title='bbox 127 1530 260 1579; x_wconf 85' lang='lat' dir='ltr'><strong>sacramenti</strong></span> <span class='ocrx_word' id='word_1_151' title='bbox 269 1529 353 1578; x_wconf 92' lang='lat' dir='ltr'><strong>dicitur</strong></span> <span class='ocrx_word' id='word_1_152' title='bbox 367 1528 492 1578; x_wconf 90' lang='lat' dir='ltr'><strong>immolatio</strong></span> <span class='ocrx_word' id='word_1_153' title='bbox 501 1527 596 1578; x_wconf 88' lang='lat' dir='ltr'><strong>Christi.</strong></span> <span class='ocrx_word' id='word_1_154' title='bbox 606 1526 684 1577; x_wconf 87' lang='lat' dir='ltr'><strong>Primb</strong></span> <span class='ocrx_word' id='word_1_155' title='bbox 694 1526 795 1590; x_wconf 86' lang='lat' dir='ltr'><strong>quidem,</strong></span> <span class='ocrx_word' id='word_1_156' title='bbox 804 1527 857 1589; x_wconf 82' lang='lat' dir='ltr'><strong>quia</strong></span> <span class='ocrx_word' id='word_1_157' title='bbox 869 1528 919 1576; x_wconf 82' lang='lat' dir='ltr'><strong>sicut</strong></span> 
     </span>
     <span class='ocr_line' id='line_1_20' title="bbox 128 1598 919 1664; baseline -0.006 -15"><span class='ocrx_word' id='word_1_158' title='bbox 128 1600 183 1650; x_wconf 91' lang='lat' dir='ltr'><strong>dicit</strong></span> <span class='ocrx_word' id='word_1_159' title='bbox 194 1601 332 1664; x_wconf 76' lang='lat' dir='ltr'><strong>Augustinus</strong></span> <span class='ocrx_word' id='word_1_160' title='bbox 353 1600 388 1648; x_wconf 85' lang='lat' dir='ltr'><strong>od</strong></span> <span class='ocrx_word' id='word_1_161' title='bbox 400 1599 598 1663; x_wconf 79' lang='lat' dir='ltr'><strong>simplicianum</strong></span> <span class='ocrx_word' id='word_1_162' title='bbox 614 1598 664 1661; x_wconf 87' lang='lat' dir='ltr'><strong>(lib.</strong></span> <span class='ocrx_word' id='word_1_163' title='bbox 679 1600 699 1659; x_wconf 91' lang='lat' dir='ltr'><strong>l,</strong></span> <span class='ocrx_word' id='word_1_164' title='bbox 713 1613 754 1662; x_wconf 88' lang='lat' dir='ltr'><strong>qu.</strong></span> <span class='ocrx_word' id='word_1_165' title='bbox 770 1599 805 1662; x_wconf 81' lang='grc'><strong>3),</strong></span> <span class='ocrx_word' id='word_1_166' title='bbox 821 1616 835 1646; x_wconf 79' lang='lat' dir='ltr'><strong>s</strong></span> <span class='ocrx_word' id='word_1_167' title='bbox 854 1599 919 1648; x_wconf 89' lang='lat' dir='ltr'><strong>solent</strong></span> 
     </span>
     <span class='ocr_line' id='line_1_21' title="bbox 126 1668 919 1735; baseline -0.003 -15"><span class='ocrx_word' id='word_1_168' title='bbox 126 1669 238 1735; x_wconf 78' lang='lat' dir='ltr'><strong>imagines</strong></span> <span class='ocrx_word' id='word_1_169' title='bbox 252 1685 330 1722; x_wconf 87' lang='lat' dir='ltr'><strong>earum</strong></span> <span class='ocrx_word' id='word_1_170' title='bbox 343 1683 418 1720; x_wconf 89' lang='lat' dir='ltr'><strong>rerum</strong></span> <span class='ocrx_word' id='word_1_171' title='bbox 435 1668 566 1719; x_wconf 91' lang='lat' dir='ltr'><strong>nominibus</strong></span> <span class='ocrx_word' id='word_1_172' title='bbox 577 1669 698 1733; x_wconf 90' lang='lat' dir='ltr'><strong>appellari,</strong></span> <span class='ocrx_word' id='word_1_173' title='bbox 709 1681 805 1731; x_wconf 88' lang='lat' dir='ltr'><strong>quarum</strong></span> <span class='ocrx_word' id='word_1_174' title='bbox 819 1669 919 1730; x_wconf 77' lang='lat' dir='ltr'><strong>imagine</strong></span> 
     </span>
     <span class='ocr_line' id='line_1_22' title="bbox 127 1739 918 1805; baseline -0.004 -13"><span class='ocrx_word' id='word_1_175' title='bbox 127 1745 192 1805; x_wconf 80' lang='lat' dir='ltr'><strong>sarnt3</strong></span> <span class='ocrx_word' id='word_1_176' title='bbox 206 1743 263 1792; x_wconf 85' lang='lat' dir='ltr'><strong>sicut</strong></span> <span class='ocrx_word' id='word_1_177' title='bbox 276 1742 329 1792; x_wconf 83' lang='lat' dir='ltr'><strong>cuna</strong></span> <span class='ocrx_word' id='word_1_178' title='bbox 345 1741 460 1791; x_wconf 89' lang='lat' dir='ltr'><strong>intuentes</strong></span> <span class='ocrx_word' id='word_1_179' title='bbox 473 1741 573 1790; x_wconf 81' lang='lat' dir='ltr'><strong>tabulam</strong></span> <span class='ocrx_word' id='word_1_180' title='bbox 586 1745 626 1790; x_wconf 90' lang='grc' dir='ltr'><strong>ιιι</strong></span> <span class='ocrx_word' id='word_1_181' title='bbox 636 1740 745 1803; x_wconf 86' lang='lat' dir='ltr'><strong>parietem</strong></span> <span class='ocrx_word' id='word_1_182' title='bbox 757 1741 852 1804; x_wconf 88' lang='lat' dir='ltr'><strong>pictum,</strong></span> <span class='ocrx_word' id='word_1_183' title='bbox 868 1739 918 1789; x_wconf 88' lang='lat' dir='ltr'><strong>dici·</strong></span> 
     </span>
     <span class='ocr_line' id='line_1_23' title="bbox 129 1811 917 1873; baseline -0.003 -11"><span class='ocrx_word' id='word_1_184' title='bbox 129 1826 179 1864; x_wconf 90' lang='lat' dir='ltr'><strong>mus</strong></span> <span class='ocrx_word' id='word_1_185' title='bbox 196 1814 253 1864; x_wconf 91' lang='lat' dir='ltr'><strong>:ille</strong></span> <span class='ocrx_word' id='word_1_186' title='bbox 273 1815 350 1864; x_wconf 89' lang='lat' dir='ltr'><strong>Cicero</strong></span> <span class='ocrx_word' id='word_1_187' title='bbox 369 1819 417 1873; x_wconf 89' lang='lat' dir='ltr'><strong>est,</strong></span> <span class='ocrx_word' id='word_1_188' title='bbox 440 1823 463 1862; x_wconf 88' lang='lat' dir='ltr'><strong>et</strong></span> <span class='ocrx_word' id='word_1_189' title='bbox 481 1812 520 1861; x_wconf 93' lang='lat' dir='ltr'><strong>ille</strong></span> <span class='ocrx_word' id='word_1_190' title='bbox 537 1811 658 1861; x_wconf 85' lang='lat' dir='ltr'><strong>Salustius.</strong></span> <span class='ocrx_word' id='word_1_191' title='bbox 677 1811 834 1861; x_wconf 84' lang='lat' dir='ltr'><strong>»celebratio</strong></span> <span class='ocrx_word' id='word_1_192' title='bbox 853 1816 917 1861; x_wconf 85' lang='lat' dir='ltr'><strong>auten</strong></span> 
     </span>
     <span class='ocr_line' id='line_1_24' title="bbox 128 1881 917 1949; baseline -0.004 -17"><span class='ocrx_word' id='word_1_193' title='bbox 128 1885 196 1949; x_wconf 84' lang='lat' dir='ltr'><strong>hujus</strong></span> <span class='ocrx_word' id='word_1_194' title='bbox 206 1885 349 1943; x_wconf 87' lang='lat' dir='ltr'><strong>sacramenti,</strong></span> <span class='ocrx_word' id='word_1_195' title='bbox 359 1885 418 1934; x_wconf 89' lang='lat' dir='ltr'><strong>sicut</strong></span> <span class='ocrx_word' id='word_1_196' title='bbox 427 1897 496 1947; x_wconf 89' lang='lat' dir='ltr'><strong>supra</strong></span> <span class='ocrx_word' id='word_1_197' title='bbox 508 1883 593 1932; x_wconf 91' lang='lat' dir='ltr'><strong>dictum</strong></span> <span class='ocrx_word' id='word_1_198' title='bbox 605 1886 641 1932; x_wconf 89' lang='lat' dir='ltr'><strong>est</strong></span> <span class='ocrx_word' id='word_1_199' title='bbox 653 1883 702 1945; x_wconf 88' lang='lat' dir='ltr'><strong>(qu.</strong></span> <span class='ocrx_word' id='word_1_200' title='bbox 717 1888 757 1947; x_wconf 81' lang='lat' dir='ltr'><strong>te,</strong></span> <span class='ocrx_word' id='word_1_201' title='bbox 771 1887 814 1932; x_wconf 88' lang='lat' dir='ltr'><strong>art.</strong></span> <span class='ocrx_word' id='word_1_202' title='bbox 826 1888 839 1932; x_wconf 92' lang='lat' dir='ltr'><strong>l</strong></span> <span class='ocrx_word' id='word_1_203' title='bbox 853 1887 876 1932; x_wconf 88' lang='lat' dir='ltr'><strong>et</strong></span> <span class='ocrx_word' id='word_1_204' title='bbox 890 1881 917 1944; x_wconf 77' lang='lat' dir='ltr'><strong>a),</strong></span> 
     </span>
     <span class='ocr_line' id='line_1_25' title="bbox 128 1953 917 2020; baseline 0 -18"><span class='ocrx_word' id='word_1_205' title='bbox 128 1954 202 2019; x_wconf 86' lang='lat' dir='ltr'><strong>imago</strong></span> <span class='ocrx_word' id='word_1_206' title='bbox 218 1957 320 2019; x_wconf 86' lang='lat' dir='ltr'><strong>quaedam</strong></span> <span class='ocrx_word' id='word_1_207' title='bbox 333 1960 368 2006; x_wconf 88' lang='lat' dir='ltr'><strong>est</strong></span> <span class='ocrx_word' id='word_1_208' title='bbox 380 1953 563 2020; x_wconf 77' lang='lat' dir='ltr'><strong>representative</strong></span> <span class='ocrx_word' id='word_1_209' title='bbox 582 1953 693 2018; x_wconf 81' lang='lat' dir='ltr'><strong>passionis</strong></span> <span class='ocrx_word' id='word_1_210' title='bbox 707 1954 811 2015; x_wconf 86' lang='lat' dir='ltr'><strong>Christi,</strong></span> <span class='ocrx_word' id='word_1_211' title='bbox 827 1967 877 2018; x_wconf 75' lang='lat' dir='ltr'><strong>qna</strong></span> <span class='ocrx_word' id='word_1_212' title='bbox 889 1957 917 2002; x_wconf 83' lang='lat' dir='ltr'><strong>est</strong></span> 
     </span>
     <span class='ocr_line' id='line_1_26' title="bbox 128 2025 948 2090; baseline 0.001 -17"><span class='ocrx_word' id='word_1_213' title='bbox 128 2039 181 2076; x_wconf 90' lang='lat' dir='ltr'><strong>vera</strong></span> <span class='ocrx_word' id='word_1_214' title='bbox 197 2027 247 2090; x_wconf 88' lang='lat' dir='ltr'><strong>ejus</strong></span> <span class='ocrx_word' id='word_1_215' title='bbox 259 2027 383 2076; x_wconf 90' lang='lat' dir='ltr'><strong>immolatio</strong></span> <span class='ocrx_word' id='word_1_216' title='bbox 398 2043 404 2075; x_wconf 91' lang='lat'>:</span> <span class='ocrx_word' id='word_1_217' title='bbox 421 2030 444 2076; x_wconf 89' lang='lat' dir='ltr'><strong>et</strong></span> <span class='ocrx_word' id='word_1_218' title='bbox 458 2027 510 2076; x_wconf 91' lang='lat' dir='ltr'><strong>ideo</strong></span> <span class='ocrx_word' id='word_1_219' title='bbox 523 2025 646 2076; x_wconf 87' lang='lat' dir='ltr'><strong>celebratio</strong></span> <span class='ocrx_word' id='word_1_220' title='bbox 657 2026 727 2089; x_wconf 87' lang='lat' dir='ltr'><strong>hujus</strong></span> <span class='ocrx_word' id='word_1_221' title='bbox 738 2026 875 2077; x_wconf 81' lang='lat' dir='ltr'><strong>sacramenti</strong></span> <span class='ocrx_word' id='word_1_222' title='bbox 886 2025 917 2074; x_wconf 92' lang='lat' dir='ltr'><strong>di-</strong></span> <span class='ocrx_word' id='word_1_223' title='bbox 947 2062 948 2069; x_wconf 38' lang='lat' dir='ltr'><strong>t</strong></span> 
     </span>
     <span class='ocr_line' id='line_1_27' title="bbox 128 2072 949 2191; baseline -0.001 -45"><span class='ocrx_word' id='word_1_224' title='bbox 128 2096 188 2146; x_wconf 90' lang='lat' dir='ltr'><strong>citur</strong></span> <span class='ocrx_word' id='word_1_225' title='bbox 198 2097 281 2148; x_wconf 87' lang='lat' dir='ltr'><strong>Christi</strong></span> <span class='ocrx_word' id='word_1_226' title='bbox 294 2097 428 2161; x_wconf 90' lang='lat' dir='ltr'><strong>immolatio;</strong></span> <span class='ocrx_word' id='word_1_227' title='bbox 442 2098 503 2148; x_wconf 89' lang='lat' dir='ltr'><strong>unde</strong></span> <span class='ocrx_word' id='word_1_228' title='bbox 519 2097 650 2146; x_wconf 83' lang='lat' dir='ltr'><strong>hrnbrosins</strong></span> <span class='ocrx_word' id='word_1_229' title='bbox 661 2096 717 2146; x_wconf 90' lang='lat' dir='ltr'><strong>dicit</strong></span> <span class='ocrx_word' id='word_1_230' title='bbox 728 2112 809 2162; x_wconf 81' lang='lat' dir='ltr'><strong>super</strong></span> <span class='ocrx_word' id='word_1_231' title='bbox 822 2100 916 2163; x_wconf 81' lang='lat' dir='ltr'><strong>Episto-</strong></span> <span class='ocrx_word' id='word_1_232' title='bbox 947 2072 949 2191; x_wconf 39' lang='grc' dir='ltr'>ι</span> 
     </span>
     <span class='ocr_line' id='line_1_28' title="bbox 128 2168 916 2238; baseline 0 -21"><span class='ocrx_word' id='word_1_233' title='bbox 128 2168 181 2218; x_wconf 87' lang='lat' dir='ltr'><strong>lom</strong></span> <span class='ocrx_word' id='word_1_234' title='bbox 196 2169 231 2218; x_wconf 83' lang='lat' dir='ltr'><strong>ud</strong></span> <span class='ocrx_word' id='word_1_235' title='bbox 251 2169 324 2238; x_wconf 72' lang='lat' dir='ltr'><strong>Hebr.</strong></span> <span class='ocrx_word' id='word_1_236' title='bbox 343 2184 348 2217; x_wconf 90' lang='lat'>:</span> <span class='ocrx_word' id='word_1_237' title='bbox 363 2186 376 2215; x_wconf 79' lang='grc' dir='ltr'><strong>ι</strong></span> <span class='ocrx_word' id='word_1_238' title='bbox 387 2173 413 2218; x_wconf 93' lang='lat' dir='ltr'><strong>ln</strong></span> <span class='ocrx_word' id='word_1_239' title='bbox 427 2169 518 2220; x_wconf 87' lang='lat' dir='ltr'><strong>Christo</strong></span> <span class='ocrx_word' id='word_1_240' title='bbox 532 2169 602 2219; x_wconf 88' lang='lat' dir='ltr'><strong>semel</strong></span> <span class='ocrx_word' id='word_1_241' title='bbox 618 2169 694 2219; x_wconf 81' lang='lat' dir='ltr'><strong>oblata</strong></span> <span class='ocrx_word' id='word_1_242' title='bbox 707 2173 744 2219; x_wconf 90' lang='lat' dir='ltr'><strong>est</strong></span> <span class='ocrx_word' id='word_1_243' title='bbox 753 2171 843 2232; x_wconf 87' lang='lat' dir='ltr'><strong>hostia,</strong></span> <span class='ocrx_word' id='word_1_244' title='bbox 853 2171 879 2219; x_wconf 95' lang='lat' dir='ltr'><strong>ad</strong></span> <span class='ocrx_word' id='word_1_245' title='bbox 887 2179 916 2217; x_wconf 86' lang='lat' dir='ltr'><strong>sa·</strong></span> 
     </span>
     <span class='ocr_line' id='line_1_29' title="bbox 128 2239 915 2305; baseline -0.003 -17"><span class='ocrx_word' id='word_1_246' title='bbox 128 2240 199 2289; x_wconf 88' lang='lat' dir='ltr'><strong>lutem</strong></span> <span class='ocrx_word' id='word_1_247' title='bbox 207 2240 367 2304; x_wconf 89' lang='lat' dir='ltr'><strong>sempiternam</strong></span> <span class='ocrx_word' id='word_1_248' title='bbox 380 2243 463 2302; x_wconf 88' lang='lat' dir='ltr'><strong>potens</strong></span> <span class='ocrx_word' id='word_1_249' title='bbox 473 2256 478 2288; x_wconf 91' lang='lat'>:</span> <span class='ocrx_word' id='word_1_250' title='bbox 489 2239 545 2302; x_wconf 80' lang='lat' dir='ltr'><strong>quid</strong></span> <span class='ocrx_word' id='word_1_251' title='bbox 554 2239 672 2302; x_wconf 82' lang='lat' dir='ltr'><strong>ergonosl</strong></span> <span class='ocrx_word' id='word_1_252' title='bbox 683 2253 761 2290; x_wconf 92' lang='lat' dir='ltr'><strong>nonne</strong></span> <span class='ocrx_word' id='word_1_253' title='bbox 771 2255 814 2305; x_wconf 88' lang='lat' dir='ltr'><strong>per</strong></span> <span class='ocrx_word' id='word_1_254' title='bbox 828 2239 915 2303; x_wconf 77' lang='lat' dir='ltr'><strong>singulos</strong></span> 
     </span>
     <span class='ocr_line' id='line_1_30' title="bbox 129 2309 913 2376; baseline -0.001 -16"><span class='ocrx_word' id='word_1_255' title='bbox 129 2309 178 2360; x_wconf 89' lang='lat' dir='ltr'><strong>dies</strong></span> <span class='ocrx_word' id='word_1_256' title='bbox 200 2310 333 2361; x_wconf 85' lang='lat' dir='ltr'><strong>oderimus?</strong></span> <span class='ocrx_word' id='word_1_257' title='bbox 350 2311 393 2361; x_wconf 88' lang='lat' dir='ltr'><strong>Sed</strong></span> <span class='ocrx_word' id='word_1_258' title='bbox 415 2312 442 2360; x_wconf 90' lang='lat' dir='ltr'><strong>ad</strong></span> <span class='ocrx_word' id='word_1_259' title='bbox 464 2310 643 2361; x_wconf 89' lang='lat' dir='ltr'><strong>recordationem</strong></span> <span class='ocrx_word' id='word_1_260' title='bbox 661 2311 742 2362; x_wconf 88' lang='lat' dir='ltr'><strong>mortis</strong></span> <span class='ocrx_word' id='word_1_261' title='bbox 760 2314 853 2376; x_wconf 75' lang='lat' dir='ltr'><strong>ejus.»</strong></span> <span class='ocrx_word' id='word_1_262' title='bbox 876 2311 913 2360; x_wconf 81' lang='lat' dir='ltr'><strong>hir</strong></span> 
     </span>
     <span class='ocr_line' id='line_1_31' title="bbox 129 2382 946 2447; baseline 0.001 -17"><span class='ocrx_word' id='word_1_263' title='bbox 129 2382 196 2432; x_wconf 91' lang='lat' dir='ltr'><strong>modo</strong></span> <span class='ocrx_word' id='word_1_264' title='bbox 209 2387 318 2444; x_wconf 84' lang='lat' dir='ltr'><strong>quautam</strong></span> <span class='ocrx_word' id='word_1_265' title='bbox 332 2382 359 2432; x_wconf 90' lang='lat' dir='ltr'><strong>ad</strong></span> <span class='ocrx_word' id='word_1_266' title='bbox 375 2383 478 2434; x_wconf 83' lang='lat' dir='ltr'><strong>eductum</strong></span> <span class='ocrx_word' id='word_1_267' title='bbox 491 2382 604 2445; x_wconf 88' lang='lat' dir='ltr'><strong>passionis</strong></span> <span class='ocrx_word' id='word_1_268' title='bbox 615 2382 715 2446; x_wconf 87' lang='lat' dir='ltr'><strong>Christi;</strong></span> <span class='ocrx_word' id='word_1_269' title='bbox 728 2383 784 2447; x_wconf 84' lang='lat' dir='ltr'><strong>poia</strong></span> <span class='ocrx_word' id='word_1_270' title='bbox 795 2385 914 2445; x_wconf 78' lang='lat' dir='ltr'><strong>scilicetper</strong></span> <span class='ocrx_word' id='word_1_271' title='bbox 945 2392 946 2395; x_wconf 71' lang='grc'>’</span> 
     </span>
     <span class='ocr_line' id='line_1_32' title="bbox 129 2452 914 2518; baseline 0 -16"><span class='ocrx_word' id='word_1_272' title='bbox 129 2453 172 2503; x_wconf 91' lang='lat' dir='ltr'><strong>boc</strong></span> <span class='ocrx_word' id='word_1_273' title='bbox 186 2456 349 2503; x_wconf 88' lang='lat' dir='ltr'><strong>sacramentum</strong></span> <span class='ocrx_word' id='word_1_274' title='bbox 362 2453 482 2516; x_wconf 88' lang='lat' dir='ltr'><strong>participes</strong></span> <span class='ocrx_word' id='word_1_275' title='bbox 493 2453 604 2503; x_wconf 79' lang='lat' dir='ltr'><strong>efficimur</strong></span> <span class='ocrx_word' id='word_1_276' title='bbox 613 2456 698 2504; x_wconf 84' lang='lat' dir='ltr'><strong>tructus</strong></span> <span class='ocrx_word' id='word_1_277' title='bbox 706 2455 828 2505; x_wconf 87' lang='lat' dir='ltr'><strong>dominicae</strong></span> <span class='ocrx_word' id='word_1_278' title='bbox 841 2452 914 2518; x_wconf 75' lang='lat' dir='ltr'><strong>passio</strong></span> 
     </span>
     <span class='ocr_line' id='line_1_33' title="bbox 129 2523 911 2587; baseline -0.003 -13"><span class='ocrx_word' id='word_1_279' title='bbox 129 2524 182 2587; x_wconf 65' lang='lat' dir='ltr'><strong>nisa</strong></span> <span class='ocrx_word' id='word_1_280' title='bbox 197 2525 256 2574; x_wconf 90' lang='lat' dir='ltr'><strong>unde</strong></span> <span class='ocrx_word' id='word_1_281' title='bbox 278 2523 302 2572; x_wconf 93' lang='lat' dir='ltr'><strong>in</strong></span> <span class='ocrx_word' id='word_1_282' title='bbox 319 2525 416 2587; x_wconf 83' lang='lat' dir='ltr'><strong>quadam</strong></span> <span class='ocrx_word' id='word_1_283' title='bbox 437 2525 574 2574; x_wconf 87' lang='lat' dir='ltr'><strong>bominicali</strong></span> <span class='ocrx_word' id='word_1_284' title='bbox 597 2525 699 2576; x_wconf 86' lang='lat' dir='ltr'><strong>oratione</strong></span> <span class='ocrx_word' id='word_1_285' title='bbox 716 2525 805 2576; x_wconf 86' lang='lat' dir='ltr'><strong>secretl</strong></span> <span class='ocrx_word' id='word_1_286' title='bbox 822 2526 911 2575; x_wconf 88' lang='lat' dir='ltr'><strong>dicitnr:</strong></span> 
     </span>
    </p>

    <p class='ocr_par' dir='ltr' id='par_1_8' title="bbox 128 2595 912 3020">
     <span class='ocr_line' id='line_1_34' title="bbox 130 2595 912 2662; baseline 0.004 -20"><span class='ocrx_word' id='word_1_287' title='bbox 130 2612 144 2642; x_wconf 84' lang='lat' dir='ltr'><strong>(t</strong></span> <span class='ocrx_word' id='word_1_288' title='bbox 158 2595 251 2654; x_wconf 83' lang='lat' dir='ltr'><strong>Quoties</strong></span> <span class='ocrx_word' id='word_1_289' title='bbox 261 2596 331 2658; x_wconf 85' lang='lat' dir='ltr'><strong>hujus</strong></span> <span class='ocrx_word' id='word_1_290' title='bbox 340 2596 421 2648; x_wconf 77' lang='lat' dir='ltr'><strong>hostie</strong></span> <span class='ocrx_word' id='word_1_291' title='bbox 432 2597 616 2647; x_wconf 88' lang='lat' dir='ltr'><strong>commemoratio</strong></span> <span class='ocrx_word' id='word_1_292' title='bbox 626 2597 762 2660; x_wconf 88' lang='lat' dir='ltr'><strong>celebratur,</strong></span> <span class='ocrx_word' id='word_1_293' title='bbox 774 2611 832 2662; x_wconf 90' lang='lat' dir='ltr'><strong>opus</strong></span> <span class='ocrx_word' id='word_1_294' title='bbox 843 2599 912 2645; x_wconf 74' lang='lat' dir='ltr'><strong>nostru</strong></span> 
     </span>
     <span class='ocr_line' id='line_1_35' title="bbox 128 2666 912 2733; baseline -0.003 -17"><span class='ocrx_word' id='word_1_295' title='bbox 128 2666 291 2730; x_wconf 84' lang='lat' dir='ltr'><strong>redemptionis</strong></span> <span class='ocrx_word' id='word_1_296' title='bbox 304 2672 429 2717; x_wconf 84' lang='lat' dir='ltr'><strong>exercetur.</strong></span> <span class='ocrx_word' id='word_1_297' title='bbox 444 2685 457 2714; x_wconf 86' lang='grc' dir='ltr'><strong>ι</strong></span> <span class='ocrx_word' id='word_1_298' title='bbox 467 2669 581 2728; x_wconf 82' lang='lat' dir='ltr'><strong>Quantum</strong></span> <span class='ocrx_word' id='word_1_299' title='bbox 592 2668 661 2730; x_wconf 77' lang='lat' dir='ltr'><strong>igitur</strong></span> <span class='ocrx_word' id='word_1_300' title='bbox 678 2670 706 2718; x_wconf 89' lang='lat' dir='ltr'><strong>ad</strong></span> <span class='ocrx_word' id='word_1_301' title='bbox 716 2671 816 2733; x_wconf 81' lang='lat' dir='ltr'><strong>primurn</strong></span> <span class='ocrx_word' id='word_1_302' title='bbox 835 2669 912 2717; x_wconf 86' lang='lat' dir='ltr'><strong>modun</strong></span> 
     </span>
     <span class='ocr_line' id='line_1_36' title="bbox 129 2738 912 2805; baseline 0 -17"><span class='ocrx_word' id='word_1_303' title='bbox 129 2743 218 2801; x_wconf 87' lang='lat' dir='ltr'><strong>poterat</strong></span> <span class='ocrx_word' id='word_1_304' title='bbox 227 2738 271 2788; x_wconf 93' lang='lat' dir='ltr'><strong>dici</strong></span> <span class='ocrx_word' id='word_1_305' title='bbox 288 2739 393 2790; x_wconf 87' lang='lat' dir='ltr'><strong>Christus</strong></span> <span class='ocrx_word' id='word_1_306' title='bbox 406 2739 518 2789; x_wconf 88' lang='lat' dir='ltr'><strong>immolari</strong></span> <span class='ocrx_word' id='word_1_307' title='bbox 530 2740 599 2790; x_wconf 89' lang='lat' dir='ltr'><strong>etiam</strong></span> <span class='ocrx_word' id='word_1_308' title='bbox 611 2740 636 2789; x_wconf 94' lang='lat' dir='ltr'><strong>in</strong></span> <span class='ocrx_word' id='word_1_309' title='bbox 647 2739 728 2805; x_wconf 75' lang='lat' dir='ltr'><strong>figuris</strong></span> <span class='ocrx_word' id='word_1_310' title='bbox 740 2741 825 2791; x_wconf 86' lang='lat' dir='ltr'><strong>vetetis</strong></span> <span class='ocrx_word' id='word_1_311' title='bbox 841 2741 912 2790; x_wconf 78' lang='lat' dir='ltr'><strong>tasta-</strong></span> 
     </span>
     <span class='ocr_line' id='line_1_37' title="bbox 129 2809 911 2876; baseline 0.004 -17"><span class='ocrx_word' id='word_1_312' title='bbox 129 2809 214 2874; x_wconf 81' lang='lat' dir='ltr'><strong>menti3</strong></span> <span class='ocrx_word' id='word_1_313' title='bbox 231 2812 290 2860; x_wconf 89' lang='lat' dir='ltr'><strong>unde</strong></span> <span class='ocrx_word' id='word_1_314' title='bbox 310 2816 333 2860; x_wconf 90' lang='lat' dir='ltr'><strong>et</strong></span> <span class='ocrx_word' id='word_1_315' title='bbox 353 2811 465 2876; x_wconf 71' lang='lat' dir='ltr'><strong>Apocot„</strong></span> <span class='ocrx_word' id='word_1_316' title='bbox 481 2813 548 2870; x_wconf 77' lang='lat' dir='ltr'><strong>hill,</strong></span> <span class='ocrx_word' id='word_1_317' title='bbox 563 2813 647 2862; x_wconf 88' lang='lat' dir='ltr'><strong>dicitur</strong></span> <span class='ocrx_word' id='word_1_318' title='bbox 669 2830 706 2864; x_wconf 80' lang='lat' dir='ltr'><strong>:o</strong></span> <span class='ocrx_word' id='word_1_319' title='bbox 717 2814 816 2872; x_wconf 81' lang='lat' dir='ltr'><strong>Quorum</strong></span> <span class='ocrx_word' id='word_1_320' title='bbox 833 2810 911 2862; x_wconf 65' lang='lat' dir='ltr'><strong>nonius</strong></span> 
     </span>
     <span class='ocr_line' id='line_1_38' title="bbox 129 2879 912 2946; baseline 0.001 -18"><span class='ocrx_word' id='word_1_321' title='bbox 129 2894 174 2930; x_wconf 93' lang='lat' dir='ltr'><strong>non</strong></span> <span class='ocrx_word' id='word_1_322' title='bbox 190 2886 243 2932; x_wconf 85' lang='lat' dir='ltr'><strong>sunt</strong></span> <span class='ocrx_word' id='word_1_323' title='bbox 255 2883 338 2946; x_wconf 90' lang='lat' dir='ltr'><strong>scripta</strong></span> <span class='ocrx_word' id='word_1_324' title='bbox 353 2884 377 2932; x_wconf 90' lang='lat' dir='ltr'><strong>in</strong></span> <span class='ocrx_word' id='word_1_325' title='bbox 391 2883 445 2933; x_wconf 91' lang='lat' dir='ltr'><strong>libro</strong></span> <span class='ocrx_word' id='word_1_326' title='bbox 463 2883 517 2933; x_wconf 86' lang='lat' dir='ltr'><strong>vitae</strong></span> <span class='ocrx_word' id='word_1_327' title='bbox 534 2883 609 2945; x_wconf 81' lang='lat' dir='ltr'><strong>hgui,</strong></span> <span class='ocrx_word' id='word_1_328' title='bbox 626 2883 667 2945; x_wconf 87' lang='lat' dir='ltr'><strong>qui</strong></span> <span class='ocrx_word' id='word_1_329' title='bbox 683 2886 773 2935; x_wconf 91' lang='lat' dir='ltr'><strong>occisus</strong></span> <span class='ocrx_word' id='word_1_330' title='bbox 790 2887 825 2934; x_wconf 90' lang='lat' dir='ltr'><strong>est</strong></span> <span class='ocrx_word' id='word_1_331' title='bbox 838 2879 912 2932; x_wconf 78' lang='lat' dir='ltr'><strong>abon-</strong></span> 
     </span>
     <span class='ocr_line' id='line_1_39' title="bbox 130 2949 911 3020; baseline 0.012 -23"><span class='ocrx_word' id='word_1_332' title='bbox 130 2949 181 3000; x_wconf 81' lang='lat' dir='ltr'><strong>aiue</strong></span> <span class='ocrx_word' id='word_1_333' title='bbox 194 2953 280 3004; x_wconf 89' lang='lat' dir='ltr'><strong>mundi.</strong></span> <span class='ocrx_word' id='word_1_334' title='bbox 293 2969 307 3000; x_wconf 79' lang='grc' dir='ltr'><strong>ι</strong></span> <span class='ocrx_word' id='word_1_335' title='bbox 318 2954 362 3004; x_wconf 86' lang='lat' dir='ltr'><strong>Sed</strong></span> <span class='ocrx_word' id='word_1_336' title='bbox 375 2955 485 3018; x_wconf 86' lang='lat' dir='ltr'><strong>quantum</strong></span> <span class='ocrx_word' id='word_1_337' title='bbox 500 2953 667 3006; x_wconf 82' lang='lat' dir='ltr'><strong>aduocandum</strong></span> <span class='ocrx_word' id='word_1_338' title='bbox 684 2957 793 3020; x_wconf 75' lang='grc' dir='ltr'>ιιιιιιιι,</span> <span class='ocrx_word' id='word_1_339' title='bbox 809 2953 911 3020; x_wconf 66' lang='lat' dir='ltr'><strong>proprius</strong></span> 
     </span>
    </p>
   </div>
   <div class='ocr_carea' id='block_1_4' title="bbox 0 0 976 3284">
    <p class='ocr_par' dir='ltr' id='par_1_9' title="bbox 0 0 976 3284">
     <span class='ocr_line' id='line_1_40' title="bbox 0 0 976 3284; baseline 0 0"><span class='ocrx_word' id='word_1_340' title='bbox 0 0 976 3284; x_wconf 95' lang='lat' dir='ltr'><strong> </strong></span> 
     </span>
    </p>
   </div>
  </div>
 </body>
</html>
