<?xml version="1.0" encoding="UTF-8"?>
<!DOCTYPE html PUBLIC "-//W3C//DTD XHTML 1.0 Transitional//EN"
    "http://www.w3.org/TR/xhtml1/DTD/xhtml1-transitional.dtd">
<html xmlns="http://www.w3.org/1999/xhtml" xml:lang="en" lang="en">
 <head>
  <title>
</title>
<meta http-equiv="Content-Type" content="text/html;charset=utf-8" />
  <meta name='ocr-system' content='tesseract 3.04.00' />
  <meta name='ocr-capabilities' content='ocr_page ocr_carea ocr_par ocr_line ocrx_word'/>
</head>
<body>
  <div class='ocr_page' id='page_1' title='image "./summatheologica01nicogoog_0266.png"; bbox 0 0 1942 3284; ppageno 0'>
   <div class='ocr_carea' id='block_1_1' title="bbox 123 185 754 242">
    <p class='ocr_par' dir='ltr' id='par_1_1' title="bbox 123 185 754 242">
     <span class='ocr_line' id='line_1_1' title="bbox 123 185 754 242; baseline -0.005 -11"><span class='ocrx_word' id='word_1_1' title='bbox 123 185 171 231; x_wconf 74' lang='grc'>158</span> <span class='ocrx_word' id='word_1_2' title='bbox 298 193 358 231; x_wconf 79' lang='lat' dir='ltr'>cans</span> <span class='ocrx_word' id='word_1_3' title='bbox 374 194 416 242; x_wconf 87' lang='grc' dir='ltr'><strong>ιιι,</strong></span> <span class='ocrx_word' id='word_1_4' title='bbox 432 191 524 236; x_wconf 74' lang='lat' dir='ltr'>oumsn.</span> <span class='ocrx_word' id='word_1_5' title='bbox 540 191 623 240; x_wconf 82' lang='lat' dir='ltr'>nxxrv,</span> <span class='ocrx_word' id='word_1_6' title='bbox 640 191 695 228; x_wconf 83' lang='grc' dir='ltr'><strong>ιιι.</strong></span> <span class='ocrx_word' id='word_1_7' title='bbox 714 193 754 230; x_wconf 83' lang='grc' dir='ltr'><strong>ιιι.</strong></span> 
     </span>
    </p>
   </div>
   <div class='ocr_carea' id='block_1_2' title="bbox 21 267 952 1620">
    <p class='ocr_par' dir='ltr' id='par_1_2' title="bbox 21 267 952 1620">
     <span class='ocr_line' id='line_1_2' title="bbox 121 267 922 334; baseline -0.002 -14"><span class='ocrx_word' id='word_1_8' title='bbox 121 269 257 334; x_wconf 82' lang='lat' dir='ltr'>relinquitur</span> <span class='ocrx_word' id='word_1_9' title='bbox 269 269 329 333; x_wconf 83' lang='lat' dir='ltr'>quod</span> <span class='ocrx_word' id='word_1_10' title='bbox 348 268 443 318; x_wconf 83' lang='lat' dir='ltr'>materia</span> <span class='ocrx_word' id='word_1_11' title='bbox 463 269 534 332; x_wconf 82' lang='lat' dir='ltr'>hujus</span> <span class='ocrx_word' id='word_1_12' title='bbox 550 267 687 318; x_wconf 77' lang='lat' dir='ltr'>sacramenti</span> <span class='ocrx_word' id='word_1_13' title='bbox 707 267 876 318; x_wconf 76' lang='lat' dir='ltr'>determinetur</span> <span class='ocrx_word' id='word_1_14' title='bbox 888 280 922 331; x_wconf 91' lang='lat' dir='ltr'>per</span> 
     </span>
     <span class='ocr_line' id='line_1_3' title="bbox 122 337 922 404; baseline -0.004 -14"><span class='ocrx_word' id='word_1_15' title='bbox 122 341 312 404; x_wconf 81' lang='lat' dir='ltr'>comparationem</span> <span class='ocrx_word' id='word_1_16' title='bbox 332 340 360 390; x_wconf 89' lang='lat' dir='ltr'>ad</span> <span class='ocrx_word' id='word_1_17' title='bbox 378 353 444 388; x_wconf 88' lang='lat' dir='ltr'>usum</span> <span class='ocrx_word' id='word_1_18' title='bbox 465 339 566 389; x_wconf 83' lang='lat' dir='ltr'>fidelium</span> <span class='ocrx_word' id='word_1_19' title='bbox 587 337 698 388; x_wconf 82' lang='lat' dir='ltr'>absolute.</span> <span class='ocrx_word' id='word_1_20' title='bbox 717 339 834 389; x_wconf 83' lang='lat' dir='ltr'>Numerus</span> <span class='ocrx_word' id='word_1_21' title='bbox 853 342 922 388; x_wconf 82' lang='lat' dir='ltr'>autem</span> 
     </span>
     <span class='ocr_line' id='line_1_4' title="bbox 122 409 920 475; baseline -0.004 -12"><span class='ocrx_word' id='word_1_22' title='bbox 122 412 223 462; x_wconf 86' lang='lat' dir='ltr'>tidelimu</span> <span class='ocrx_word' id='word_1_23' title='bbox 238 416 274 461; x_wconf 90' lang='lat' dir='ltr'>est</span> <span class='ocrx_word' id='word_1_24' title='bbox 287 409 485 461; x_wconf 90' lang='lat' dir='ltr'>indeterminatus.</span> <span class='ocrx_word' id='word_1_25' title='bbox 494 411 557 460; x_wconf 88' lang='lat' dir='ltr'>Unde</span> <span class='ocrx_word' id='word_1_26' title='bbox 567 422 614 460; x_wconf 88' lang='lat' dir='ltr'>non</span> <span class='ocrx_word' id='word_1_27' title='bbox 626 413 703 472; x_wconf 90' lang='lat' dir='ltr'>potest</span> <span class='ocrx_word' id='word_1_28' title='bbox 714 409 761 460; x_wconf 93' lang='lat' dir='ltr'>dici</span> <span class='ocrx_word' id='word_1_29' title='bbox 774 409 839 475; x_wconf 76' lang='lat' dir='ltr'>quod</span> <span class='ocrx_word' id='word_1_30' title='bbox 855 423 920 474; x_wconf 85' lang='lat' dir='ltr'>quau·</span> 
     </span>
     <span class='ocr_line' id='line_1_5' title="bbox 122 481 739 545; baseline -0.003 -12"><span class='ocrx_word' id='word_1_31' title='bbox 122 483 177 534; x_wconf 86' lang='lat' dir='ltr'>titas</span> <span class='ocrx_word' id='word_1_32' title='bbox 191 482 291 533; x_wconf 80' lang='lat' dir='ltr'>materie</span> <span class='ocrx_word' id='word_1_33' title='bbox 303 483 374 545; x_wconf 76' lang='lat' dir='ltr'>hujus</span> <span class='ocrx_word' id='word_1_34' title='bbox 387 481 524 532; x_wconf 89' lang='lat' dir='ltr'>sacramenti</span> <span class='ocrx_word' id='word_1_35' title='bbox 536 481 566 531; x_wconf 90' lang='lat' dir='ltr'>sit</span> <span class='ocrx_word' id='word_1_36' title='bbox 580 481 739 531; x_wconf 86' lang='lat' dir='ltr'>determinata..</span> 
     </span>
     <span class='ocr_line' id='line_1_6' title="bbox 154 553 922 618; baseline -0.001 -13"><span class='ocrx_word' id='word_1_37' title='bbox 154 556 188 606; x_wconf 84' lang='lat' dir='ltr'>dd</span> <span class='ocrx_word' id='word_1_38' title='bbox 209 555 306 618; x_wconf 90' lang='lat' dir='ltr'>primum</span> <span class='ocrx_word' id='word_1_39' title='bbox 328 567 383 617; x_wconf 83' lang='lat' dir='ltr'>ergo</span> <span class='ocrx_word' id='word_1_40' title='bbox 397 555 528 615; x_wconf 85' lang='lat' dir='ltr'>dicendum,</span> <span class='ocrx_word' id='word_1_41' title='bbox 545 553 607 616; x_wconf 86' lang='lat' dir='ltr'>qudd</span> <span class='ocrx_word' id='word_1_42' title='bbox 625 553 750 614; x_wconf 88' lang='lat' dir='ltr'>cujuslibet</span> <span class='ocrx_word' id='word_1_43' title='bbox 765 553 801 604; x_wconf 88' lang='lat' dir='ltr'>rei</span> <span class='ocrx_word' id='word_1_44' title='bbox 819 553 922 604; x_wconf 79' lang='lat' dir='ltr'>naturalis</span> 
     </span>
     <span class='ocr_line' id='line_1_7' title="bbox 73 624 921 690; baseline -0.004 -13"><span class='ocrx_word' id='word_1_45' title='bbox 73 625 74 629; x_wconf 71' lang='grc'>’</span> <span class='ocrx_word' id='word_1_46' title='bbox 122 626 218 677; x_wconf 89' lang='lat' dir='ltr'>materia</span> <span class='ocrx_word' id='word_1_47' title='bbox 235 626 320 690; x_wconf 88' lang='lat' dir='ltr'>accipit</span> <span class='ocrx_word' id='word_1_48' title='bbox 337 626 511 676; x_wconf 87' lang='lat' dir='ltr'>determinatam</span> <span class='ocrx_word' id='word_1_49' title='bbox 527 624 678 689; x_wconf 82' lang='lat' dir='ltr'>quantitatem</span> <span class='ocrx_word' id='word_1_50' title='bbox 693 624 821 675; x_wconf 79' lang='lat' dir='ltr'>secundnm</span> <span class='ocrx_word' id='word_1_51' title='bbox 837 638 921 689; x_wconf 81' lang='lat' dir='ltr'>conpa-</span> 
     </span>
     <span class='ocr_line' id='line_1_8' title="bbox 121 693 921 759; baseline -0.006 -10"><span class='ocrx_word' id='word_1_52' title='bbox 121 697 233 749; x_wconf 85' lang='lat' dir='ltr'>rationem</span> <span class='ocrx_word' id='word_1_53' title='bbox 245 698 273 748; x_wconf 87' lang='lat' dir='ltr'>ad</span> <span class='ocrx_word' id='word_1_54' title='bbox 288 697 384 748; x_wconf 80' lang='lat' dir='ltr'>formam</span> <span class='ocrx_word' id='word_1_55' title='bbox 399 696 578 747; x_wconf 85' lang='lat' dir='ltr'>determinatam.</span> <span class='ocrx_word' id='word_1_56' title='bbox 589 696 634 746; x_wconf 82' lang='lat' dir='ltr'>Sed</span> <span class='ocrx_word' id='word_1_57' title='bbox 648 709 757 746; x_wconf 88' lang='lat' dir='ltr'>numerus</span> <span class='ocrx_word' id='word_1_58' title='bbox 772 696 889 759; x_wconf 86' lang='lat' dir='ltr'>iideiium,</span> <span class='ocrx_word' id='word_1_59' title='bbox 898 693 921 744; x_wconf 90' lang='lat' dir='ltr'>ad</span> 
     </span>
     <span class='ocr_line' id='line_1_9' title="bbox 21 767 922 834; baseline -0.001 -15"><span class='ocrx_word' id='word_1_60' title='bbox 21 802 22 807; x_wconf 20' lang='grc' dir='ltr'><strong>κ</strong></span> <span class='ocrx_word' id='word_1_61' title='bbox 123 783 219 834; x_wconf 84' lang='lat' dir='ltr'>quorum</span> <span class='ocrx_word' id='word_1_62' title='bbox 236 785 304 820; x_wconf 91' lang='lat' dir='ltr'>usum</span> <span class='ocrx_word' id='word_1_63' title='bbox 317 771 435 820; x_wconf 90' lang='lat' dir='ltr'>ordinatur</span> <span class='ocrx_word' id='word_1_64' title='bbox 450 771 496 820; x_wconf 86' lang='lat' dir='ltr'>hoc</span> <span class='ocrx_word' id='word_1_65' title='bbox 513 771 693 833; x_wconf 89' lang='lat' dir='ltr'>sacramentum,</span> <span class='ocrx_word' id='word_1_66' title='bbox 706 783 752 820; x_wconf 92' lang='lat' dir='ltr'>nou</span> <span class='ocrx_word' id='word_1_67' title='bbox 770 773 807 820; x_wconf 88' lang='lat' dir='ltr'>est</span> <span class='ocrx_word' id='word_1_68' title='bbox 821 767 922 821; x_wconf 86' lang='lat' dir='ltr'>determi-</span> 
     </span>
     <span class='ocr_line' id='line_1_10' title="bbox 21 841 489 901; baseline -0.002 -9"><span class='ocrx_word' id='word_1_69' title='bbox 21 894 22 901; x_wconf 9' lang='grc' dir='ltr'>χ</span> <span class='ocrx_word' id='word_1_70' title='bbox 123 846 201 892; x_wconf 87' lang='lat' dir='ltr'>natus.</span> <span class='ocrx_word' id='word_1_71' title='bbox 217 841 283 893; x_wconf 83' lang='lat' dir='ltr'>Unde</span> <span class='ocrx_word' id='word_1_72' title='bbox 297 845 390 893; x_wconf 90' lang='lat' dir='ltr'>nonest</span> <span class='ocrx_word' id='word_1_73' title='bbox 404 841 489 891; x_wconf 86' lang='lat' dir='ltr'>simile.</span> 
     </span>
     <span class='ocr_line' id='line_1_11' title="bbox 153 909 952 978; baseline -0.003 -16"><span class='ocrx_word' id='word_1_74' title='bbox 153 913 188 962; x_wconf 83' lang='lat' dir='ltr'>dd</span> <span class='ocrx_word' id='word_1_75' title='bbox 203 913 328 962; x_wconf 90' lang='lat' dir='ltr'>secuudum</span> <span class='ocrx_word' id='word_1_76' title='bbox 342 912 477 972; x_wconf 86' lang='lat' dir='ltr'>dicendum,</span> <span class='ocrx_word' id='word_1_77' title='bbox 488 909 548 974; x_wconf 82' lang='lat' dir='ltr'>qudd</span> <span class='ocrx_word' id='word_1_78' title='bbox 562 912 665 974; x_wconf 87' lang='lat' dir='ltr'>potestas</span> <span class='ocrx_word' id='word_1_79' title='bbox 678 909 837 961; x_wconf 86' lang='lat' dir='ltr'>ministrorum</span> <span class='ocrx_word' id='word_1_80' title='bbox 848 910 922 960; x_wconf 85' lang='lat' dir='ltr'>Eode-</span> <span class='ocrx_word' id='word_1_81' title='bbox 951 975 952 978; x_wconf 8' lang='grc' dir='ltr'><strong>Ἴ</strong></span> 
     </span>
     <span class='ocr_line' id='line_1_12' title="bbox 123 981 952 1050; baseline -0.006 -15"><span class='ocrx_word' id='word_1_82' title='bbox 123 982 163 1035; x_wconf 75' lang='lat' dir='ltr'>siae</span> <span class='ocrx_word' id='word_1_83' title='bbox 181 984 209 1033; x_wconf 92' lang='lat' dir='ltr'>ad</span> <span class='ocrx_word' id='word_1_84' title='bbox 223 985 267 1035; x_wconf 92' lang='lat' dir='ltr'>duo</span> <span class='ocrx_word' id='word_1_85' title='bbox 282 984 397 1035; x_wconf 91' lang='lat' dir='ltr'>ordinatur</span> <span class='ocrx_word' id='word_1_86' title='bbox 413 999 419 1032; x_wconf 76' lang='grc' dir='ltr'><strong><em>ε</em></strong></span> <span class='ocrx_word' id='word_1_87' title='bbox 435 981 510 1046; x_wconf 78' lang='lat' dir='ltr'>primo</span> <span class='ocrx_word' id='word_1_88' title='bbox 525 981 616 1046; x_wconf 87' lang='lat' dir='ltr'>quidem</span> <span class='ocrx_word' id='word_1_89' title='bbox 631 982 660 1032; x_wconf 92' lang='lat' dir='ltr'>ad</span> <span class='ocrx_word' id='word_1_90' title='bbox 678 982 784 1032; x_wconf 81' lang='lat' dir='ltr'>edentum</span> <span class='ocrx_word' id='word_1_91' title='bbox 797 982 921 1046; x_wconf 72' lang='lat' dir='ltr'>proprium</span> <span class='ocrx_word' id='word_1_92' title='bbox 951 983 952 1050; x_wconf 45' lang='lat' dir='ltr'>p</span> 
     </span>
     <span class='ocr_line' id='line_1_13' title="bbox 64 1051 952 1117; baseline -0.007 -9"><span class='ocrx_word' id='word_1_93' title='bbox 64 1096 68 1108; x_wconf 90' lang='lat'>.</span> <span class='ocrx_word' id='word_1_94' title='bbox 121 1054 237 1115; x_wconf 80' lang='lat' dir='ltr'>secundo,</span> <span class='ocrx_word' id='word_1_95' title='bbox 253 1057 281 1105; x_wconf 90' lang='lat' dir='ltr'>ad</span> <span class='ocrx_word' id='word_1_96' title='bbox 294 1056 364 1106; x_wconf 85' lang='lat' dir='ltr'>tinem</span> <span class='ocrx_word' id='word_1_97' title='bbox 384 1054 488 1106; x_wconf 78' lang='lat' dir='ltr'>edoctis.</span> <span class='ocrx_word' id='word_1_98' title='bbox 504 1053 634 1103; x_wconf 89' lang='lat' dir='ltr'>Secundum</span> <span class='ocrx_word' id='word_1_99' title='bbox 648 1057 723 1103; x_wconf 87' lang='lat' dir='ltr'>autem</span> <span class='ocrx_word' id='word_1_100' title='bbox 737 1067 784 1104; x_wconf 92' lang='lat' dir='ltr'>non</span> <span class='ocrx_word' id='word_1_101' title='bbox 804 1054 863 1104; x_wconf 89' lang='lat' dir='ltr'>tollit</span> <span class='ocrx_word' id='word_1_102' title='bbox 875 1053 921 1117; x_wconf 93' lang='lat' dir='ltr'>pri·</span> <span class='ocrx_word' id='word_1_103' title='bbox 951 1051 952 1110; x_wconf 77' lang='lat' dir='ltr'>t</span> 
     </span>
     <span class='ocr_line' id='line_1_14' title="bbox 122 1123 923 1190; baseline -0.002 -15"><span class='ocrx_word' id='word_1_104' title='bbox 122 1139 194 1177; x_wconf 89' lang='lat' dir='ltr'>mum.</span> <span class='ocrx_word' id='word_1_105' title='bbox 212 1127 291 1189; x_wconf 88' lang='lat' dir='ltr'>Unde,</span> <span class='ocrx_word' id='word_1_106' title='bbox 305 1127 324 1177; x_wconf 89' lang='lat' dir='ltr'>si</span> <span class='ocrx_word' id='word_1_107' title='bbox 337 1127 443 1177; x_wconf 88' lang='lat' dir='ltr'>sacerdos</span> <span class='ocrx_word' id='word_1_108' title='bbox 465 1125 570 1176; x_wconf 87' lang='lat' dir='ltr'>intendat</span> <span class='ocrx_word' id='word_1_109' title='bbox 588 1137 719 1176; x_wconf 88' lang='lat' dir='ltr'>consecrare</span> <span class='ocrx_word' id='word_1_110' title='bbox 741 1138 824 1190; x_wconf 90' lang='lat' dir='ltr'>corpus</span> <span class='ocrx_word' id='word_1_111' title='bbox 843 1123 923 1176; x_wconf 85' lang='lat' dir='ltr'>Christi</span> 
     </span>
     <span class='ocr_line' id='line_1_15' title="bbox 122 1195 920 1262; baseline -0.001 -15"><span class='ocrx_word' id='word_1_112' title='bbox 122 1201 216 1261; x_wconf 88' lang='lat' dir='ltr'>propter</span> <span class='ocrx_word' id='word_1_113' title='bbox 234 1198 331 1261; x_wconf 90' lang='lat' dir='ltr'>aliquem</span> <span class='ocrx_word' id='word_1_114' title='bbox 345 1198 429 1248; x_wconf 89' lang='lat' dir='ltr'>maium</span> <span class='ocrx_word' id='word_1_115' title='bbox 448 1198 517 1247; x_wconf 87' lang='lat' dir='ltr'>finem</span> <span class='ocrx_word' id='word_1_116' title='bbox 532 1196 602 1262; x_wconf 74' lang='lat' dir='ltr'>(pmii</span> <span class='ocrx_word' id='word_1_117' title='bbox 617 1199 642 1245; x_wconf 90' lang='lat' dir='ltr'>ut</span> <span class='ocrx_word' id='word_1_118' title='bbox 658 1196 748 1246; x_wconf 83' lang='lat' dir='ltr'>imideut</span> <span class='ocrx_word' id='word_1_119' title='bbox 763 1197 800 1247; x_wconf 84' lang='lat' dir='ltr'>vei</span> <span class='ocrx_word' id='word_1_120' title='bbox 814 1195 920 1247; x_wconf 74' lang='lat' dir='ltr'>veneficia</span> 
     </span>
     <span class='ocr_line' id='line_1_16' title="bbox 123 1267 920 1334; baseline 0 -16"><span class='ocrx_word' id='word_1_121' title='bbox 123 1269 223 1333; x_wconf 84' lang='lat' dir='ltr'>iaciat),</span> <span class='ocrx_word' id='word_1_122' title='bbox 237 1275 330 1334; x_wconf 87' lang='lat' dir='ltr'>propter</span> <span class='ocrx_word' id='word_1_123' title='bbox 349 1269 501 1320; x_wconf 90' lang='lat' dir='ltr'>intentionem</span> <span class='ocrx_word' id='word_1_124' title='bbox 525 1268 645 1318; x_wconf 81' lang='lat' dir='ltr'>matitinis</span> <span class='ocrx_word' id='word_1_125' title='bbox 664 1270 761 1331; x_wconf 86' lang='lat' dir='ltr'>peccat;</span> <span class='ocrx_word' id='word_1_126' title='bbox 777 1267 920 1319; x_wconf 81' lang='lat' dir='ltr'>nihilominus</span> 
     </span>
     <span class='ocr_line' id='line_1_17' title="bbox 122 1339 919 1406; baseline -0.005 -15"><span class='ocrx_word' id='word_1_127' title='bbox 122 1343 216 1404; x_wconf 60' lang='lat' dir='ltr'>omen,</span> <span class='ocrx_word' id='word_1_128' title='bbox 231 1346 322 1406; x_wconf 91' lang='lat' dir='ltr'>propter</span> <span class='ocrx_word' id='word_1_129' title='bbox 332 1344 469 1406; x_wconf 91' lang='lat' dir='ltr'>potestatem</span> <span class='ocrx_word' id='word_1_130' title='bbox 484 1339 529 1390; x_wconf 87' lang='lat' dir='ltr'>sibi</span> <span class='ocrx_word' id='word_1_131' title='bbox 545 1342 635 1403; x_wconf 89' lang='lat' dir='ltr'>datam,</span> <span class='ocrx_word' id='word_1_132' title='bbox 649 1339 737 1404; x_wconf 81' lang='lat' dir='ltr'>perdicit</span> <span class='ocrx_word' id='word_1_133' title='bbox 749 1344 919 1390; x_wconf 85' lang='lat' dir='ltr'>sacramentum.</span> 
     </span>
     <span class='ocr_line' id='line_1_18' title="bbox 155 1411 920 1477; baseline -0.001 -16"><span class='ocrx_word' id='word_1_134' title='bbox 155 1412 189 1462; x_wconf 84' lang='lat' dir='ltr'>nd</span> <span class='ocrx_word' id='word_1_135' title='bbox 200 1413 293 1463; x_wconf 90' lang='lat' dir='ltr'>tertium</span> <span class='ocrx_word' id='word_1_136' title='bbox 305 1413 434 1477; x_wconf 89' lang='lat' dir='ltr'>dicendum,</span> <span class='ocrx_word' id='word_1_137' title='bbox 442 1413 502 1477; x_wconf 87' lang='lat' dir='ltr'>qudd</span> <span class='ocrx_word' id='word_1_138' title='bbox 511 1411 621 1477; x_wconf 85' lang='lat' dir='ltr'>baptismi</span> <span class='ocrx_word' id='word_1_139' title='bbox 632 1415 799 1460; x_wconf 87' lang='lat' dir='ltr'>sacramentum</span> <span class='ocrx_word' id='word_1_140' title='bbox 811 1411 920 1476; x_wconf 77' lang='lat' dir='ltr'>perficitur</span> 
     </span>
     <span class='ocr_line' id='line_1_19' title="bbox 122 1481 919 1549; baseline 0 -17"><span class='ocrx_word' id='word_1_141' title='bbox 122 1482 148 1533; x_wconf 88' lang='lat' dir='ltr'>in</span> <span class='ocrx_word' id='word_1_142' title='bbox 158 1497 202 1533; x_wconf 90' lang='lat' dir='ltr'>nsu</span> <span class='ocrx_word' id='word_1_143' title='bbox 213 1484 326 1549; x_wconf 61' lang='lat' dir='ltr'>materiam</span> <span class='ocrx_word' id='word_1_144' title='bbox 342 1488 366 1535; x_wconf 93' lang='lat' dir='ltr'>et</span> <span class='ocrx_word' id='word_1_145' title='bbox 374 1484 425 1535; x_wconf 90' lang='lat' dir='ltr'>ideo</span> <span class='ocrx_word' id='word_1_146' title='bbox 437 1499 478 1549; x_wconf 89' lang='lat' dir='ltr'>per</span> <span class='ocrx_word' id='word_1_147' title='bbox 491 1485 587 1535; x_wconf 83' lang='lat' dir='ltr'>sormam</span> <span class='ocrx_word' id='word_1_148' title='bbox 595 1481 703 1547; x_wconf 83' lang='lat' dir='ltr'>baptismi</span> <span class='ocrx_word' id='word_1_149' title='bbox 712 1496 758 1532; x_wconf 90' lang='lat' dir='ltr'>nou</span> <span class='ocrx_word' id='word_1_150' title='bbox 767 1483 819 1547; x_wconf 88' lang='lat' dir='ltr'>pius</span> <span class='ocrx_word' id='word_1_151' title='bbox 832 1485 919 1546; x_wconf 75' lang='lat' dir='ltr'>deaque</span> 
     </span>
     <span class='ocr_line' id='line_1_20' title="bbox 122 1554 920 1620; baseline -0.006 -12"><span class='ocrx_word' id='word_1_152' title='bbox 122 1554 291 1620; x_wconf 80' lang='lat' dir='ltr'>sanctificetur,</span> <span class='ocrx_word' id='word_1_153' title='bbox 306 1554 375 1620; x_wconf 80' lang='lat' dir='ltr'>quim</span> <span class='ocrx_word' id='word_1_154' title='bbox 389 1560 500 1619; x_wconf 88' lang='lat' dir='ltr'>quantum</span> <span class='ocrx_word' id='word_1_155' title='bbox 514 1555 617 1606; x_wconf 87' lang='lat' dir='ltr'>venitin</span> <span class='ocrx_word' id='word_1_156' title='bbox 634 1568 711 1604; x_wconf 89' lang='lat' dir='ltr'>usum.</span> <span class='ocrx_word' id='word_1_157' title='bbox 725 1555 772 1604; x_wconf 87' lang='lat' dir='ltr'>Sed</span> <span class='ocrx_word' id='word_1_158' title='bbox 786 1556 829 1606; x_wconf 88' lang='lat' dir='ltr'>iroc</span> <span class='ocrx_word' id='word_1_159' title='bbox 848 1566 920 1604; x_wconf 81' lang='lat' dir='ltr'>saua-</span> 
     </span>
    </p>
   </div>
   <div class='ocr_carea' id='block_1_3' title="bbox 121 1625 919 1750">
    <p class='ocr_par' dir='ltr' id='par_1_3' title="bbox 121 1625 919 1750">
     <span class='ocr_line' id='line_1_21' title="bbox 121 1625 919 1694; baseline -0.006 -17"><span class='ocrx_word' id='word_1_160' title='bbox 121 1631 225 1678; x_wconf 88' lang='lat' dir='ltr'>mentum</span> <span class='ocrx_word' id='word_1_161' title='bbox 242 1629 359 1694; x_wconf 84' lang='lat' dir='ltr'>perficitur</span> <span class='ocrx_word' id='word_1_162' title='bbox 370 1627 396 1676; x_wconf 90' lang='lat' dir='ltr'>in</span> <span class='ocrx_word' id='word_1_163' title='bbox 413 1627 586 1678; x_wconf 87' lang='lat' dir='ltr'>consecratione</span> <span class='ocrx_word' id='word_1_164' title='bbox 598 1625 707 1676; x_wconf 81' lang='lat' dir='ltr'>materiae.</span> <span class='ocrx_word' id='word_1_165' title='bbox 722 1627 751 1676; x_wconf 84' lang='lat' dir='ltr'>Et</span> <span class='ocrx_word' id='word_1_166' title='bbox 763 1625 815 1678; x_wconf 87' lang='lat' dir='ltr'>ideo</span> <span class='ocrx_word' id='word_1_167' title='bbox 829 1639 874 1678; x_wconf 90' lang='lat' dir='ltr'>non</span> <span class='ocrx_word' id='word_1_168' title='bbox 886 1627 919 1675; x_wconf 82' lang='lat' dir='ltr'>est</span> 
     </span>
     <span class='ocr_line' id='line_1_22' title="bbox 123 1693 209 1750; baseline 0.035 -3"><span class='ocrx_word' id='word_1_169' title='bbox 123 1693 209 1750; x_wconf 73' lang='lat' dir='ltr'>sinim.</span> 
     </span>
    </p>
   </div>
   <div class='ocr_carea' id='block_1_4' title="bbox 417 1805 630 1858">
    <p class='ocr_par' dir='ltr' id='par_1_4' title="bbox 417 1805 630 1858">
     <span class='ocr_line' id='line_1_23' title="bbox 417 1805 630 1858; baseline -0.005 -1"><span class='ocrx_word' id='word_1_170' title='bbox 417 1805 576 1858; x_wconf 74' lang='lat' dir='ltr'>audiendos</span> <span class='ocrx_word' id='word_1_171' title='bbox 590 1805 630 1856; x_wconf 92' lang='lat'><em>111.</em></span> 
     </span>
    </p>
   </div>
   <div class='ocr_carea' id='block_1_5' title="bbox 126 1926 916 2054">
    <p class='ocr_par' dir='ltr' id='par_1_5' title="bbox 126 1926 916 2054">
     <span class='ocr_line' id='line_1_24' title="bbox 126 1926 916 2002; baseline -0.003 -29"><span class='ocrx_word' id='word_1_172' title='bbox 126 1927 212 1973; x_wconf 73' lang='lat' dir='ltr'>Utrdm</span> <span class='ocrx_word' id='word_1_173' title='bbox 228 1931 370 1985; x_wconf 68' lang='lat' dir='ltr'>requeratur</span> <span class='ocrx_word' id='word_1_174' title='bbox 382 1929 415 1973; x_wconf 83' lang='lat' dir='ltr'>ad</span> <span class='ocrx_word' id='word_1_175' title='bbox 429 1930 559 2002; x_wconf 73' lang='lat' dir='ltr'>materiam</span> <span class='ocrx_word' id='word_1_176' title='bbox 572 1930 646 1986; x_wconf 76' lang='lat' dir='ltr'>tujrrs</span> <span class='ocrx_word' id='word_1_177' title='bbox 657 1929 805 1974; x_wconf 74' lang='lat' dir='ltr'>sacramenti</span> <span class='ocrx_word' id='word_1_178' title='bbox 818 1927 877 1987; x_wconf 76' lang='lat' dir='ltr'>qudd</span> <span class='ocrx_word' id='word_1_179' title='bbox 887 1926 916 1970; x_wconf 80' lang='lat' dir='ltr'>att</span> 
     </span>
     <span class='ocr_line' id='line_1_25' title="bbox 421 1993 700 2054; baseline 0.018 -20"><span class='ocrx_word' id='word_1_180' title='bbox 421 2003 492 2047; x_wconf 81' lang='lat' dir='ltr'>ponta</span> <span class='ocrx_word' id='word_1_181' title='bbox 502 1993 619 2038; x_wconf 80' lang='lat' dir='ltr'>triticeus·</span> <span class='ocrx_word' id='word_1_182' title='bbox 697 2048 700 2054; x_wconf 29' lang='grc' dir='ltr'>Ι</span> 
     </span>
    </p>
   </div>
   <div class='ocr_carea' id='block_1_6' title="bbox 122 2115 951 2667">
    <p class='ocr_par' dir='ltr' id='par_1_6' title="bbox 122 2115 951 2667">
     <span class='ocr_line' id='line_1_26' title="bbox 153 2115 913 2183; baseline 0 -17"><span class='ocrx_word' id='word_1_183' title='bbox 153 2116 188 2166; x_wconf 83' lang='lat' dir='ltr'>dd</span> <span class='ocrx_word' id='word_1_184' title='bbox 200 2117 292 2166; x_wconf 87' lang='lat' dir='ltr'>tertium</span> <span class='ocrx_word' id='word_1_185' title='bbox 308 2115 341 2166; x_wconf 86' lang='lat' dir='ltr'>sic</span> <span class='ocrx_word' id='word_1_186' title='bbox 355 2116 484 2180; x_wconf 81' lang='lat' dir='ltr'>proceditur</span> <span class='ocrx_word' id='word_1_187' title='bbox 494 2117 538 2182; x_wconf 87' lang='lat' dir='ltr'>(i).</span> <span class='ocrx_word' id='word_1_188' title='bbox 553 2117 649 2168; x_wconf 90' lang='lat' dir='ltr'>Videtur</span> <span class='ocrx_word' id='word_1_189' title='bbox 662 2115 724 2182; x_wconf 86' lang='lat' dir='ltr'>qudd</span> <span class='ocrx_word' id='word_1_190' title='bbox 738 2132 786 2170; x_wconf 87' lang='lat' dir='ltr'>nom</span> <span class='ocrx_word' id='word_1_191' title='bbox 795 2119 913 2183; x_wconf 85' lang='lat' dir='ltr'>requiratur</span> 
     </span>
     <span class='ocr_line' id='line_1_27' title="bbox 124 2187 951 2254; baseline -0.002 -15"><span class='ocrx_word' id='word_1_192' title='bbox 124 2187 153 2239; x_wconf 88' lang='lat' dir='ltr'>ad</span> <span class='ocrx_word' id='word_1_193' title='bbox 168 2187 288 2238; x_wconf 87' lang='lat' dir='ltr'>materiam</span> <span class='ocrx_word' id='word_1_194' title='bbox 302 2187 373 2250; x_wconf 85' lang='lat' dir='ltr'>hujus</span> <span class='ocrx_word' id='word_1_195' title='bbox 389 2189 524 2238; x_wconf 85' lang='lat' dir='ltr'>sacramenti</span> <span class='ocrx_word' id='word_1_196' title='bbox 541 2189 601 2252; x_wconf 82' lang='lat' dir='ltr'>quod</span> <span class='ocrx_word' id='word_1_197' title='bbox 619 2188 649 2239; x_wconf 90' lang='lat' dir='ltr'>sit</span> <span class='ocrx_word' id='word_1_198' title='bbox 666 2188 732 2254; x_wconf 88' lang='lat' dir='ltr'>panis</span> <span class='ocrx_word' id='word_1_199' title='bbox 753 2190 865 2242; x_wconf 87' lang='lat' dir='ltr'>triticeus.</span> <span class='ocrx_word' id='word_1_200' title='bbox 875 2188 914 2238; x_wconf 84' lang='lat' dir='ltr'>Uoc</span> <span class='ocrx_word' id='word_1_201' title='bbox 950 2251 951 2254; x_wconf 8' lang='grc' dir='ltr'><strong>Ἴ</strong></span> 
     </span>
     <span class='ocr_line' id='line_1_28' title="bbox 122 2259 951 2327; baseline -0.001 -17"><span class='ocrx_word' id='word_1_202' title='bbox 122 2259 186 2310; x_wconf 87' lang='lat' dir='ltr'>euim</span> <span class='ocrx_word' id='word_1_203' title='bbox 199 2264 366 2309; x_wconf 89' lang='lat' dir='ltr'>sacramentnm</span> <span class='ocrx_word' id='word_1_204' title='bbox 383 2263 419 2308; x_wconf 91' lang='lat' dir='ltr'>est</span> <span class='ocrx_word' id='word_1_205' title='bbox 436 2260 637 2311; x_wconf 86' lang='lat' dir='ltr'>rememoratirum</span> <span class='ocrx_word' id='word_1_206' title='bbox 662 2261 781 2314; x_wconf 79' lang='lat' dir='ltr'>dominicae</span> <span class='ocrx_word' id='word_1_207' title='bbox 800 2259 913 2327; x_wconf 86' lang='lat' dir='ltr'>passionis.</span> <span class='ocrx_word' id='word_1_208' title='bbox 950 2287 951 2292; x_wconf 65' lang='lat'><em>=</em></span> 
     </span>
     <span class='ocr_line' id='line_1_29' title="bbox 122 2330 951 2398; baseline -0.004 -16"><span class='ocrx_word' id='word_1_209' title='bbox 122 2331 169 2382; x_wconf 86' lang='lat' dir='ltr'>Sed</span> <span class='ocrx_word' id='word_1_210' title='bbox 186 2331 257 2394; x_wconf 77' lang='lat' dir='ltr'>magis</span> <span class='ocrx_word' id='word_1_211' title='bbox 273 2330 429 2381; x_wconf 84' lang='lat' dir='ltr'>videturesse</span> <span class='ocrx_word' id='word_1_212' title='bbox 446 2345 574 2382; x_wconf 90' lang='lat' dir='ltr'>consonum</span> <span class='ocrx_word' id='word_1_213' title='bbox 597 2333 718 2385; x_wconf 86' lang='lat' dir='ltr'>dominicae</span> <span class='ocrx_word' id='word_1_214' title='bbox 735 2334 838 2398; x_wconf 85' lang='lat' dir='ltr'>passioni</span> <span class='ocrx_word' id='word_1_215' title='bbox 857 2330 914 2398; x_wconf 80' lang='lat' dir='ltr'>panis</span> <span class='ocrx_word' id='word_1_216' title='bbox 950 2353 951 2366; x_wconf 45' lang='grc' dir='ltr'><strong>ι</strong></span> 
     </span>
     <span class='ocr_line' id='line_1_30' title="bbox 122 2401 951 2468; baseline -0.002 -16"><span class='ocrx_word' id='word_1_217' title='bbox 122 2402 275 2466; x_wconf 86' lang='lat' dir='ltr'>hordeaceus,</span> <span class='ocrx_word' id='word_1_218' title='bbox 289 2402 328 2465; x_wconf 89' lang='lat' dir='ltr'>qui</span> <span class='ocrx_word' id='word_1_219' title='bbox 341 2406 376 2452; x_wconf 90' lang='lat' dir='ltr'>est</span> <span class='ocrx_word' id='word_1_220' title='bbox 391 2403 500 2467; x_wconf 87' lang='lat' dir='ltr'>asperior,</span> <span class='ocrx_word' id='word_1_221' title='bbox 515 2407 538 2454; x_wconf 91' lang='lat' dir='ltr'>et</span> <span class='ocrx_word' id='word_1_222' title='bbox 556 2405 639 2468; x_wconf 86' lang='lat' dir='ltr'>dequo</span> <span class='ocrx_word' id='word_1_223' title='bbox 656 2406 725 2456; x_wconf 89' lang='lat' dir='ltr'>etiam</span> <span class='ocrx_word' id='word_1_224' title='bbox 738 2405 844 2456; x_wconf 87' lang='lat' dir='ltr'>Christus</span> <span class='ocrx_word' id='word_1_225' title='bbox 859 2401 914 2468; x_wconf 85' lang='lat' dir='ltr'>parit</span> <span class='ocrx_word' id='word_1_226' title='bbox 950 2401 951 2446; x_wconf 82' lang='lat' dir='ltr'>t</span> 
     </span>
     <span class='ocr_line' id='line_1_31' title="bbox 122 2447 951 2541; baseline -0.001 -17"><span class='ocrx_word' id='word_1_227' title='bbox 122 2473 200 2524; x_wconf 83' lang='lat' dir='ltr'>turbas</span> <span class='ocrx_word' id='word_1_228' title='bbox 212 2473 236 2522; x_wconf 94' lang='lat' dir='ltr'>in</span> <span class='ocrx_word' id='word_1_229' title='bbox 247 2477 324 2523; x_wconf 90' lang='lat' dir='ltr'>monte</span> <span class='ocrx_word' id='word_1_230' title='bbox 339 2474 382 2539; x_wconf 85' lang='lat' dir='ltr'>(ut</span> <span class='ocrx_word' id='word_1_231' title='bbox 394 2473 476 2524; x_wconf 86' lang='lat' dir='ltr'>dicitur</span> <span class='ocrx_word' id='word_1_232' title='bbox 489 2477 572 2531; x_wconf 72' lang='lat' dir='ltr'>douo..</span> <span class='ocrx_word' id='word_1_233' title='bbox 584 2476 640 2537; x_wconf 84' lang='lat' dir='ltr'>Vl),</span> <span class='ocrx_word' id='word_1_234' title='bbox 652 2475 720 2540; x_wconf 85' lang='lat' dir='ltr'>qudrn</span> <span class='ocrx_word' id='word_1_235' title='bbox 732 2477 800 2541; x_wconf 90' lang='lat' dir='ltr'>panis</span> <span class='ocrx_word' id='word_1_236' title='bbox 811 2476 913 2527; x_wconf 84' lang='lat' dir='ltr'>triticeus.</span> <span class='ocrx_word' id='word_1_237' title='bbox 950 2447 951 2517; x_wconf 57' lang='lat' dir='ltr'>i</span> 
     </span>
     <span class='ocr_line' id='line_1_32' title="bbox 122 2544 913 2613; baseline -0.003 -17"><span class='ocrx_word' id='word_1_238' title='bbox 122 2545 183 2608; x_wconf 74' lang='lat' dir='ltr'>Ergo</span> <span class='ocrx_word' id='word_1_239' title='bbox 205 2544 273 2610; x_wconf 91' lang='lat' dir='ltr'>panis</span> <span class='ocrx_word' id='word_1_240' title='bbox 287 2545 393 2598; x_wconf 86' lang='lat' dir='ltr'>triticeus</span> <span class='ocrx_word' id='word_1_241' title='bbox 408 2559 455 2597; x_wconf 92' lang='lat' dir='ltr'>nou</span> <span class='ocrx_word' id='word_1_242' title='bbox 473 2550 510 2598; x_wconf 91' lang='lat' dir='ltr'>est</span> <span class='ocrx_word' id='word_1_243' title='bbox 530 2547 623 2612; x_wconf 86' lang='lat' dir='ltr'>propria</span> <span class='ocrx_word' id='word_1_244' title='bbox 639 2549 736 2600; x_wconf 87' lang='lat' dir='ltr'>materia</span> <span class='ocrx_word' id='word_1_245' title='bbox 754 2549 825 2613; x_wconf 85' lang='lat' dir='ltr'>hujus</span> <span class='ocrx_word' id='word_1_246' title='bbox 846 2555 913 2598; x_wconf 86' lang='lat' dir='ltr'>sacru·</span> 
     </span>
     <span class='ocr_line' id='line_1_33' title="bbox 123 2614 204 2667; baseline -0.037 0"><span class='ocrx_word' id='word_1_247' title='bbox 123 2614 204 2667; x_wconf 83' lang='lat' dir='ltr'>menti.</span> 
     </span>
    </p>
   </div>
   <div class='ocr_carea' id='block_1_7' title="bbox 122 2723 910 2972">
    <p class='ocr_par' dir='ltr' id='par_1_7' title="bbox 122 2723 910 2972">
     <span class='ocr_line' id='line_1_34' title="bbox 156 2723 908 2790; baseline 0.007 -20"><span class='ocrx_word' id='word_1_248' title='bbox 156 2723 189 2786; x_wconf 90' lang='grc'>(1)</span> <span class='ocrx_word' id='word_1_249' title='bbox 204 2728 237 2772; x_wconf 81' lang='lat' dir='ltr'>Ita</span> <span class='ocrx_word' id='word_1_250' title='bbox 252 2726 288 2772; x_wconf 84' lang='lat' dir='ltr'>his</span> <span class='ocrx_word' id='word_1_251' title='bbox 297 2727 369 2773; x_wconf 82' lang='lat' dir='ltr'>ettam</span> <span class='ocrx_word' id='word_1_252' title='bbox 382 2729 425 2786; x_wconf 78' lang='lat' dir='ltr'>tv,</span> <span class='ocrx_word' id='word_1_253' title='bbox 435 2727 513 2782; x_wconf 65' lang='lat' dir='ltr'>Soet„</span> <span class='ocrx_word' id='word_1_254' title='bbox 528 2729 583 2775; x_wconf 89' lang='lat' dir='ltr'>dist.</span> <span class='ocrx_word' id='word_1_255' title='bbox 596 2728 636 2790; x_wconf 84' lang='grc'>11,</span> <span class='ocrx_word' id='word_1_256' title='bbox 650 2742 691 2786; x_wconf 88' lang='lat' dir='ltr'>qu.</span> <span class='ocrx_word' id='word_1_257' title='bbox 709 2727 733 2789; x_wconf 73' lang='grc'>1,</span> <span class='ocrx_word' id='word_1_258' title='bbox 747 2733 792 2775; x_wconf 77' lang='lat' dir='ltr'>art.</span> <span class='ocrx_word' id='word_1_259' title='bbox 804 2729 829 2787; x_wconf 71' lang='lat' dir='ltr'>fl,</span> <span class='ocrx_word' id='word_1_260' title='bbox 841 2735 908 2784; x_wconf 64' lang='lat' dir='ltr'>oum·</span> 
     </span>
     <span class='ocr_line' id='line_1_35' title="bbox 122 2786 910 2850; baseline 0.011 -17"><span class='ocrx_word' id='word_1_261' title='bbox 122 2786 195 2833; x_wconf 81' lang='lat' dir='ltr'>tione.</span> <span class='ocrx_word' id='word_1_262' title='bbox 208 2788 237 2843; x_wconf 74' lang='lat'>¹3</span> <span class='ocrx_word' id='word_1_263' title='bbox 251 2794 276 2834; x_wconf 83' lang='lat' dir='ltr'>st</span> <span class='ocrx_word' id='word_1_264' title='bbox 289 2789 343 2834; x_wconf 87' lang='lat' dir='ltr'>dist.</span> <span class='ocrx_word' id='word_1_265' title='bbox 361 2789 400 2848; x_wconf 79' lang='lat' dir='ltr'>it,</span> <span class='ocrx_word' id='word_1_266' title='bbox 416 2802 457 2846; x_wconf 82' lang='lat' dir='ltr'>qu.</span> <span class='ocrx_word' id='word_1_267' title='bbox 470 2789 493 2848; x_wconf 88' lang='grc'>1,</span> <span class='ocrx_word' id='word_1_268' title='bbox 508 2797 553 2838; x_wconf 85' lang='lat' dir='ltr'>art.</span> <span class='ocrx_word' id='word_1_269' title='bbox 570 2793 596 2848; x_wconf 72' lang='lat'>2,</span> <span class='ocrx_word' id='word_1_270' title='bbox 613 2793 750 2850; x_wconf 80' lang='lat' dir='ltr'>quaestiunc.</span> <span class='ocrx_word' id='word_1_271' title='bbox 768 2791 792 2849; x_wconf 81' lang='lat'>3,</span> <span class='ocrx_word' id='word_1_272' title='bbox 808 2791 837 2836; x_wconf 85' lang='lat' dir='ltr'>ad</span> <span class='ocrx_word' id='word_1_273' title='bbox 850 2787 910 2841; x_wconf 62' lang='lat'>13⁰3</span> 
     </span>
     <span class='ocr_line' id='line_1_36' title="bbox 122 2847 909 2972; baseline 0.005 -76"><span class='ocrx_word' id='word_1_274' title='bbox 122 2849 224 2972; x_wconf 51' lang='lat' dir='ltr'>{mg</span> <span class='ocrx_word' id='word_1_275' title='bbox 233 2852 314 2903; x_wconf 70' lang='lat' dir='ltr'>Garat„</span> <span class='ocrx_word' id='word_1_276' title='bbox 326 2853 369 2899; x_wconf 89' lang='lat' dir='ltr'>lib.</span> <span class='ocrx_word' id='word_1_277' title='bbox 390 2856 432 2914; x_wconf 73' lang='lat' dir='ltr'>iv,</span> <span class='ocrx_word' id='word_1_278' title='bbox 444 2852 546 2912; x_wconf 81' lang='lat' dir='ltr'>cap.69;</span> <span class='ocrx_word' id='word_1_279' title='bbox 562 2861 586 2902; x_wconf 84' lang='lat' dir='ltr'>et</span> <span class='ocrx_word' id='word_1_280' title='bbox 602 2856 622 2901; x_wconf 90' lang='grc' dir='ltr'>Ι.</span> <span class='ocrx_word' id='word_1_281' title='bbox 644 2855 836 2914; x_wconf 76' lang='lat' dir='ltr'>cdr.,x1,ieec</span> <span class='ocrx_word' id='word_1_282' title='bbox 857 2847 909 2910; x_wconf 77' lang='grc' dir='ltr'><strong>7,ίΙ</strong></span> 
     </span>
    </p>
   </div>
   <div class='ocr_carea' id='block_1_8' title="bbox 0 0 976 3284">
    <p class='ocr_par' dir='ltr' id='par_1_8' title="bbox 0 0 976 3284">
     <span class='ocr_line' id='line_1_37' title="bbox 0 0 976 3284; baseline 0 0"><span class='ocrx_word' id='word_1_283' title='bbox 0 0 976 3284; x_wconf 95' lang='lat' dir='ltr'> </span> 
     </span>
    </p>
   </div>
  </div>
 </body>
</html>
