1942 3284
235 165 483 204 nnunnruouuuus
498 165 661 206 suenum.
801 157 846 207 tm

55 241 96 290 hcc
105 245 269 294 cammerinum
279 241 348 292 hahet
356 241 506 306 perfectivam
515 243 633 304 virtutem,
642 243 700 294 sicut
707 247 732 294 et
739 244 846 296 mrhmn

55 313 95 363 Sed
110 312 197 376 signare
210 312 332 365 chrismate
346 314 470 378 baptizatos
488 328 534 366 aon
546 315 646 380 pertinet
658 316 685 365 ad
699 316 848 382 sacerdotem,

54 385 90 433 sed
111 385 140 433 ad
155 383 294 449 episcopum.
311 386 369 448 Ergo
383 386 452 437 etiam
473 387 607 450 dispensare
622 388 666 438 hee
682 393 849 442 meromontem

55 455 151 518 pertinet
167 456 195 505 ad
211 455 362 521 episcopum,
376 471 422 508 neu
438 459 466 508 ad
478 459 625 510 sacerdotem,

81 526 124 576 Sed
139 531 216 578 contra
229 533 278 590 est,
290 529 350 592 quod
361 529 445 580 dicitur
457 531 493 579 De
501 532 648 586 consecrat..
658 529 712 580 dist.
724 535 755 580 t:
766 547 780 579 u
790 532 849 582 Per-

52 598 112 648 venit
124 598 153 648 ad
169 599 274 650 notitiam
291 603 407 664 nostram,
419 600 479 664 quid
491 602 583 666 quidam
593 601 720 666 presbyteri
733 601 792 653 taieo
809 607 849 653 aut

52 669 139 720 feminae
153 685 234 736 corpus
248 672 338 722 Domini
349 674 449 735 tradunt,
462 674 490 723 ad
504 673 651 724 deterendus
664 674 768 724 infirmis.
779 675 850 738 Igitur

53 740 165 792 interdicit
174 743 289 808 synodus,
303 757 333 794 ne
347 744 400 794 tatis
409 745 556 808 presumptio
565 744 660 795 ulterius
669 744 721 809 hat,
734 746 773 795 sed
786 760 849 810 pres

53 811 115 876 hyter
128 828 171 878 per
187 815 336 879 semetipsum
351 814 453 866 infirmos
467 817 619 866 eommunicet
627 814 699 880 (1).»

83 886 243 948 tCoscuusuo.
255 913 286 924 -
300 885 359 936 Cium
374 887 503 938 sacerdotes
519 887 544 936 in
563 889 647 938 Christi
664 901 760 952 pereum
775 889 847 952 perii-

52 956 108 1007 ciant
124 963 305 1019 sacramentum,
316 961 339 1008 et
353 958 423 1008 medii
437 957 483 1009 siut
496 959 556 1008 inter
569 961 640 1009 heum
651 963 675 1009 et
685 961 809 1024 poputum,
819 962 846 1010 ad

51 1039 87 1078 eos
101 1029 201 1081 maxime
216 1030 275 1079 muti
289 1030 424 1080 sacramenti
438 1030 579 1094 dispensatio
593 1029 717 1095 pertinet.)

78 1100 215 1164 Respondes
226 1100 358 1166 dicendum,
373 1101 433 1165 quid
444 1103 470 1152 ad
481 1102 622 1152 sacerdotem
636 1101 737 1165 pertinet
752 1103 845 1167 dispeu-

50 1172 104 1222 satie
123 1172 225 1238 eorporis
242 1171 342 1235 Christi,
360 1178 453 1236 propter
474 1172 518 1222 tria
536 1189 542 1222 r
561 1171 635 1223 Primd
653 1173 762 1236 quidem,
775 1175 846 1237 qnia,

49 1241 103 1292 sicut
117 1245 204 1295 dictum
221 1248 256 1294 est
273 1243 282 1309 i
294 1247 337 1294 art.
349 1245 392 1306 1),
409 1245 457 1310 ipse
472 1244 624 1295 consecratio
641 1258 740 1308 persona
753 1245 845 1295 Christi.

49 1313 96 1375 lpse
109 1320 186 1366 summ
199 1316 302 1370 Christus
321 1315 379 1366 sicut
394 1316 535 1367 consecrauit
551 1330 633 1381 corpus
652 1331 718 1367 suum
729 1318 754 1367 iu
768 1330 847 1381 cena,

49 1383 78 1433 ita
93 1391 115 1438 et
129 1387 181 1438 aliis
195 1389 330 1438 sumendum
343 1387 413 1438 dedit.
435 1388 516 1449 Unde,
529 1389 589 1438 sieut
602 1389 632 1440 ad
645 1389 783 1439 sacerdotem
796 1401 847 1454 per·

49 1455 103 1508 tinet
112 1459 256 1512 consecratio
270 1459 371 1523 corporis
386 1459 471 1510 Christi
481 1498 488 1522 ,
500 1460 532 1510 ita
546 1461 574 1512 ad
584 1473 638 1510 eum
649 1460 849 1525 pertinetdispen·

50 1530 112 1580 satio.
127 1531 247 1591 Secundo,
262 1531 316 1594 quia
329 1531 435 1581 sacerdos
445 1530 593 1581 constituitur
601 1531 691 1582 medius
704 1531 764 1582 inter
777 1533 847 1582 iteum

50 1605 71 1648 et
87 1603 212 1667 poputum,
227 1604 307 1665 unde,
324 1603 382 1652 sient
401 1603 428 1652 ad
450 1615 503 1652 curn
522 1603 621 1666 pertinet
639 1603 699 1652 dona
711 1603 789 1666 populi
802 1602 848 1652 ttee

50 1671 141 1738 offerre,
152 1674 185 1724 ita
196 1675 224 1724 ad
240 1687 292 1724 eum
307 1673 407 1736 pertinet
416 1674 476 1724 dena
489 1672 630 1724 sanctificata
641 1673 752 1724 divinitus
764 1674 849 1737 populo

50 1745 140 1797 tradere.
153 1745 230 1796 Tertio
239 1783 245 1807 ,
254 1745 308 1808 quia
321 1745 508 1796 inreverentiam
519 1746 589 1808 hujus
600 1745 751 1806 sacramenti,
763 1745 776 1794 a
786 1745 849 1795 uuita

50 1827 72 1864 re
91 1817 231 1882 contingitur
251 1816 298 1867 uisi
319 1817 457 1867 consecrati.
479 1817 544 1868 ttnde
562 1821 586 1868 et
605 1817 720 1882 corporale
741 1821 765 1867 et
786 1817 847 1867 catix

49 1894 218 1951 consecrantur,
230 1893 253 1940 et
263 1887 366 1939 similiter
375 1901 455 1940 manus
465 1889 599 1953 sacerdotis,
611 1891 639 1940 ad
653 1889 791 1954 taupemam
802 1891 846 1940 hoc

49 1967 227 2026 sacramentum,
243 1963 303 2012 unde
320 1961 376 2011 uuiti
396 1961 435 2011 atii
452 1965 546 2024 tangere
560 1962 626 2026 ticet,
643 1961 688 2012 nisi
701 1961 726 2010 in
745 1961 845 2012 necessi-

49 2035 106 2095 tate,
120 2033 177 2097 puth
191 2035 211 2084 si
225 2034 315 2084 caderet
328 2033 353 2082 in
364 2037 444 2083 terram
451 2071 460 2098 ,
471 2035 508 2084 uet
519 2035 544 2084 in
557 2035 633 2099 aliqum
646 2033 691 2084 atio
703 2035 846 2085 necessitatis

48 2117 107 2158 casu

78 2181 108 2230 hd
120 2180 219 2245 primurn
235 2193 288 2243 ergo
304 2179 436 2242 dicendum,
452 2179 513 2244 qudd
527 2181 649 2244 diaconus,
664 2181 729 2243 quasi
749 2181 845 2246 propin-

51 2263 105 2313 quus
124 2253 199 2304 ordini
212 2251 361 2315 sacerdotati,
376 2252 461 2316 aliquid
476 2253 597 2318 participat
610 2253 638 2303 de
655 2253 706 2317 ejus
719 2253 809 2318 effide,
821 2257 847 2304 ut

51 2321 130 2374 scilicet
144 2323 264 2387 dispenset
278 2323 423 2386 sauguinem,
441 2337 488 2374 non
507 2327 582 2375 autem
597 2337 694 2388 corpus,
709 2323 754 2374 nisi
763 2324 789 2374 in
803 2337 848 2375 ne-

52 2393 168 2459 cessitate,
184 2395 281 2458 jubente
301 2395 409 2460 episcopo
426 2395 462 2445 vet
479 2396 610 2460 presbytero
626 2411 632 2445 :
650 2395 727 2446 Primi
740 2396 848 2459 quiden,

52 2464 100 2525 quia
109 2467 204 2531 sanguis
213 2467 300 2517 Christi
315 2467 444 2518 continetur
451 2467 476 2516 in
484 2481 548 2529 uase,
557 2467 618 2517 uude
633 2479 680 2517 non
690 2465 851 2530 openetrum

53 2535 153 2598 tangatur
163 2539 343 2603 ddispensante,
358 2538 415 2590 sicut
428 2539 529 2601 tangitur
538 2551 620 2603 eorpus
630 2537 725 2589 Christi.
734 2537 850 2600 Secundi,

83 2707 111 2770 (i)
126 2715 162 2759 Ex
180 2723 234 2768 cap
247 2711 370 2758 tcnncitii
383 2710 519 2758 Rhomensis
531 2716 681 2769 prenotatur,
695 2713 736 2758 ubi
754 2709 850 2768 plenius

53 2770 73 2814 id
87 2773 184 2820 hahetur
204 2774 341 2830 quibusdam
354 2775 495 2834 interjectis,
508 2773 607 2831 indeque
623 2775 767 2819 conciuditur
783 2773 847 2830 qudd

51 2835 154 2884 reddor·
170 2837 274 2896 fecerit,
287 2837 378 2895 prodes
392 2839 433 2883 ror·
446 2834 706 2896 permaneremus
723 2835 847 2883 memor,
938 2896 939 2905 ἵ

53 2903 76 2941 ut
88 2910 139 2961 cap
155 2900 273 2948 Peruenit
284 2901 362 2947 ridere
372 2907 417 2947 est

715 2995 757 3046 te*
