1942 3284
216 151 250 191 nn
267 155 382 192 enarrare
397 156 426 192 an
442 142 717 199 onrnnrrann‘cnavrun.
823 144 868 192 'llll

32 230 132 282 clavis
142 230 179 281 sit
190 230 293 294 potentia
302 231 422 295 quaedam,
435 234 524 295 oportet
535 232 595 293 qudd
606 244 646 295 per
657 235 732 281 actum
742 230 789 281 sire
803 244 871 283 usum

34 316 129 353 suum
145 302 284 365 definiatur,
298 306 320 352 et
333 303 393 365 qudd
407 302 431 352 in
446 305 497 352 actu
511 304 626 367 objectum
636 302 784 367 exprimatur,
797 302 810 352 a
824 314 870 366 quo

34 374 165 437 speciem
182 374 262 438 recipit
279 378 357 434 actus,
375 377 398 423 et
409 375 490 424 modus
504 374 600 439 agendi,
616 388 645 424 er
659 388 704 438 quo
720 376 815 438 apparet
827 387 871 438 po-

34 444 135 495 tentia
152 444 271 495 ordinata.
286 446 356 495 dctus
370 448 447 496 autem
465 445 583 509 potestatis
604 446 726 510 spiritualis
740 460 786 497 non
801 448 871 497 estut

36 516 147 567 coelum
161 516 249 579 aperiat
263 516 373 577 absolute,
384 517 438 581 qnia
448 518 498 582 jam
512 522 615 581 apertum
627 522 662 568 est
673 518 707 582 (ut
718 516 869 583 dictumest),

37 588 94 638 sed
117 590 149 635 ut
162 586 275 650 qnantum
292 588 320 638 ad
334 589 396 637 hunc
415 589 516 652 aperiat;
530 590 589 651 quod
603 588 693 652 quidem
708 588 810 640 ordinate
821 589 871 641 fieri

36 672 103 709 non
121 662 218 721 potest,
233 657 279 706 nisi
292 660 342 723 ejus
359 659 497 721 idoneitate,
510 660 546 709 cni
562 660 711 723 aperiendum
726 665 761 711 est
777 662 869 725 coelnnr,

37 732 173 795 pensata.
188 730 216 777 Et
228 728 278 779 ideo
293 730 316 778 in
332 730 438 793 predicta
452 731 584 781 definitione
593 732 673 793 claris,
683 732 776 794 ponitur
787 746 868 799 genus,

41 802 154 854 scilieet
177 803 301 864 potestus·
323 805 346 851 et
367 802 496 867 subjectum
518 802 651 867 potestatis,
676 802 765 853 scilicet
782 803 870 867 judeo

41 871 270 935 Ecclesiasticos;
286 875 308 922 et
326 877 403 935 actus,
418 874 506 923 scilicet
523 874 669 923 <rescindere
689 876 712 923 et
728 874 842 939 recipere,
854 891 869 923 r>

43 940 194 995 secundum
215 943 272 994 duos
289 945 353 993 actus
371 944 495 995 materialis
514 945 601 1004 claris,
614 942 652 1007 qui
672 948 725 995 sunt
744 947 832 1009 aperire
847 950 871 999 et

41 1014 188 1075 claudere3
200 1014 268 1077 cnjus
282 1014 395 1076 objectum
405 1016 515 1079 tangitur,
525 1014 549 1065 in
559 1016 602 1066 hoc
613 1016 672 1079 quod
685 1014 749 1077 dicit,
759 1018 775 1065 d
784 1016 869 1083 aequo}

46 1086 149 1137 modus
166 1089 244 1133 autem
260 1084 286 1133 in
305 1086 349 1135 hoc
364 1087 424 1149 quod
441 1086 509 1150 dicit,
527 1086 631 1151 dipaoc,
652 1091 675 1136 et
697 1084 829 1151 indiquos,
845 1088 871 1139 in

47 1158 108 1209 illis
122 1156 149 1205 in
161 1169 219 1219 qnos
233 1160 298 1206 actus
311 1160 441 1219 exercetur,
456 1162 575 1221 pensatur.

90 1228 131 1279 Ad
148 1226 249 1291 primum
268 1240 322 1290 ergo
341 1228 476 1292 dicendum,
489 1229 550 1293 qudd
568 1228 596 1279 ad
616 1230 673 1293 duo,
690 1242 785 1293 quorum
799 1241 871 1279 unum

49 1303 95 1352 cst
108 1312 183 1349 causa
197 1299 303 1361 alterins,
316 1312 363 1349 una
375 1303 477 1363 potestas
492 1300 620 1365 ordinatur3
633 1301 693 1351 sicut
705 1300 730 1351 in
741 1300 795 1363 igne
809 1299 870 1351 calor

50 1373 85 1422 ad
114 1368 296 1419 calefaciendum
312 1374 337 1420 et
356 1370 534 1423 dissolvendum.
549 1374 578 1422 llt
596 1372 650 1435 quia
667 1371 741 1422 omnis
757 1370 828 1433 gratia
848 1372 871 1421 et

51 1440 174 1493 remissio
195 1440 220 1489 in
239 1452 334 1511 corpore
353 1442 463 1507 mystico,
479 1456 508 1493 ex
528 1444 602 1507 eapite
624 1456 665 1493 suc
679 1442 799 1505 provenit3
820 1442 872 1495 ideo

51 1514 148 1567 eadem
168 1516 268 1576 potestas
282 1527 331 1564 esse
345 1515 437 1564 ridetur
447 1528 489 1579 per
503 1516 625 1565 essentiam
640 1528 684 1577 qua
697 1514 802 1565 sacerdos
812 1526 871 1564 con-

55 1586 133 1635 ficere
156 1587 247 1647 potest,
258 1589 282 1635 et
300 1598 345 1649 qna
359 1588 436 1649 potest
457 1586 547 1636 solvere
567 1586 691 1649 elligere,
707 1585 726 1634 si
743 1584 872 1649 jurisdictio

58 1657 137 1718 adsit;
156 1670 200 1707 nec
213 1657 287 1707 differt
309 1656 353 1707 nisi
374 1657 476 1719 ratione,
490 1656 614 1708 secundlrm
638 1656 700 1721 qudd
722 1657 752 1718 ad
771 1655 872 1709 diversos

58 1729 165 1780 effectus
179 1732 335 1792 comparatum
347 1728 407 1777 sicut
418 1727 486 1777 etiam
497 1728 557 1790 ignis
571 1728 652 1778 dicitur
667 1726 790 1777 secundirm
804 1726 872 1777 aliam

57 1801 180 1852 rationem
194 1799 342 1850 calefactione
355 1803 378 1849 et
391 1798 563 1862 liquelactirus.
578 1800 607 1849 nt-
620 1800 673 1863 quia
688 1798 745 1848 nihil
759 1801 795 1849 est
810 1798 871 1851 aliud

58 1875 187 1925 character
200 1872 287 1922 ordinis
303 1871 460 1933 sacerdotalia,
472 1871 539 1937 quam
551 1876 651 1937 poteslas
663 1872 785 1921 exercendi
799 1870 870 1933 illud,

58 1947 92 1996 ad
114 1944 177 2007 qnod
194 1942 347 2008 principaliter
366 1944 421 1995 ordo
441 1944 562 1995 sacerdotii
583 1944 712 2001 ordinatur,
736 1940 872 1992 sustinendo

58 2015 129 2081 qudd
148 2014 179 2064 sit
192 2015 269 2079 idem,
287 2017 347 2079 qnod
362 2016 486 2079 spiritualis
505 2020 621 2080 potestas,
634 2016 685 2067 ideo
704 2016 829 2075 character,
848 2014 871 2063 et

61 2092 172 2154 potestas
180 2086 323 2149 conficiendi,
334 2092 357 2138 et
366 2092 466 2151 potestas
480 2088 576 2138 clarium
589 2093 624 2138 est
637 2102 708 2137 unum
723 2091 746 2137 et
759 2087 819 2137 idem
829 2097 871 2150 per

61 2159 203 2219 essentiam,
215 2159 255 2209 sed
265 2158 339 2209 didert
352 2159 448 2210 ratione.

99 2232 135 2281 dd
154 2230 278 2281 secundnm
298 2230 437 2291 dicendum,
452 2230 513 2293 qndd
527 2229 600 2283 omnis
622 2233 724 2294 potestas
745 2228 872 2293 spiritualis

64 2305 135 2355 datur
153 2316 204 2352 cum
222 2302 297 2365 aliqua
312 2302 492 2352 consecratione.
509 2303 537 2351 Et
557 2302 608 2352 ideo
628 2301 699 2351 clavis
721 2314 772 2351 cum
792 2299 872 2350 ordine

65 2375 145 2425 datur.
161 2372 205 2422 Sed
222 2371 326 2424 executio
347 2372 416 2421 claris
436 2372 523 2435 indiget
543 2372 636 2421 materia
656 2370 745 2433 debita,
764 2384 815 2433 quaa
835 2370 870 2419 est

66 2446 139 2511 plebs
154 2444 244 2495 subdita
261 2456 304 2507 per
319 2441 510 2505 jurisdictionem.
525 2443 553 2492 lat
565 2442 615 2493 ideo
632 2446 751 2506 antequam
764 2440 873 2505 jurisdic-

66 2519 156 2568 tionem
170 2516 266 2577 habeat,
283 2514 352 2564 habet
367 2516 455 2577 claves,
472 2515 513 2565 sed
527 2528 573 2565 non
587 2514 653 2564 hahet
665 2519 740 2563 actum
755 2512 867 2574 clavium;

64 2592 90 2640 et
107 2586 160 2651 quia
178 2586 248 2636 claris
266 2599 307 2650 per
325 2589 400 2635 actum
416 2584 530 2647 delinitur,
544 2584 595 2644 ideo
609 2586 634 2635 in
646 2584 777 2635 delinitione
799 2581 871 2633 claris

65 2657 165 2724 ponitur
175 2656 260 2720 aliquid
272 2657 301 2707 ad
312 2654 495 2720 jurisdictionem
509 2656 634 2720 pertinens.

102 2730 137 2779 ad
151 2728 244 2784 tertium
260 2728 397 2791 dicendum,
411 2726 471 2790 pudd
484 2725 566 2789 aliquis
580 2729 720 2789 potestesse
734 2724 814 2787 dignus
828 2722 871 2773 ali-

67 2814 115 2868 quo
140 2799 258 2863 dupliciter
274 2816 280 2851 z
295 2806 334 2850 aut
350 2801 382 2850 ita
401 2800 461 2864 quod
476 2798 551 2863 ipsum
565 2799 662 2849 habendi
676 2798 715 2862 jus
733 2796 830 2858 habeat,
849 2795 872 2846 et

69 2873 107 2925 sic
119 2870 215 2935 quilibet
227 2870 309 2935 dignus
322 2872 370 2936 jam
382 2871 452 2921 habet
467 2868 550 2921 coelum
564 2874 684 2933 apertnm3
702 2870 740 2919 aut
752 2866 799 2930 ita,
810 2866 873 2931 quod
