1942 3284
124 183 170 231 seo
254 184 456 233 snrrmrnn,
472 180 569 228 cumr.
581 178 672 226 xxxix,
687 176 751 216 nr.
767 177 810 216 ιιι.

404 361 631 418 ιιιτιουιυειυ.
951 318 952 383 i

145 497 233 546 viriam
246 494 348 541 servitos
359 489 472 548 impediet
482 489 589 545 aliquem
603 487 634 531 cd
646 485 743 532 ordinis
758 487 915 544 susceptione.

160 625 193 676 id
204 621 295 673 tertium
308 617 342 668 sic
351 613 490 680 proceditur.
503 611 596 662 videtur
604 609 667 676 quid
677 609 783 661 seruitus
801 625 852 663 non
864 612 927 677 iupe-

130 695 177 748 dist
187 693 285 756 aliquem
295 687 324 738 ab
335 685 421 738 ordinis
432 681 587 746 susceptione.
596 681 717 746 Subiectio
728 681 798 732 enim
813 685 929 750 corpsrdis

130 778 177 818 non
189 763 299 827 repugnat
311 755 439 823 prolationi
451 753 571 818 spirituali.
585 752 668 804 sedin
684 765 755 804 servo
771 758 813 805 est
827 756 931 819 subjectio

131 833 262 900 corporalis.
274 832 334 895 Ergo
345 842 393 880 non
400 824 524 890 impeditur
533 825 590 888 quin
599 823 674 889 possit
686 824 814 889 suscipere
826 827 933 892 prehdo

129 921 183 960 nem
194 903 346 969 spiritualem,
359 911 411 964 que
427 897 453 946 in
471 895 551 948 ordine
564 895 638 945 detur.

163 982 188 1028 2.
202 977 327 1036 Praeterea,
340 970 397 1021 iilud
409 969 469 1034 qnod
481 970 518 1018 esi
528 965 616 1018 occasio
634 966 794 1030 humiditatis,
810 980 861 1019 non
876 969 934 1020 debet

131 1047 245 1112 impedire
263 1043 434 1107 susceptionem
453 1037 551 1101 alicujus
563 1037 711 1088 sacrmenti.
724 1037 770 1088 Sed
790 1041 896 1090 seruitus
907 1043 934 1091 ei

131 1116 280 1184 hujusmodi3
295 1113 355 1164 unde
373 1110 495 1176 Apostolus
516 1108 615 1160 consulit
628 1106 690 1170 quod
707 1109 731 1158 si
749 1109 844 1174 uliquis
857 1109 934 1175 possi,

133 1190 207 1254 magis
220 1190 297 1238 utetur
305 1183 427 1245 seruitute,
442 1181 462 1231 1.
474 1179 822 1242 Cor.‚V11.iirgonondebet
834 1181 934 1247 impedire

134 1257 301 1326 dprsmotione
314 1252 409 1306 ordinis.

167 1335 191 1379 s.
211 1329 338 1386 Preterea,
353 1322 427 1386 magis
443 1325 479 1372 est
495 1324 562 1386 turpe
577 1320 686 1371 clericum
699 1319 727 1369 in
742 1335 847 1374 sermm
859 1324 933 1385 rendi,

134 1399 201 1465 quim
219 1409 310 1448 sermm
327 1395 353 1444 in
370 1393 479 1444 clericum
497 1391 634 1457 promoveri.
651 1391 698 1442 Sed
713 1391 782 1444 licite
802 1395 933 1446 clericusin

135 1481 227 1522 seruum
235 1465 305 1518 uendi
313 1467 397 1530 potest,
405 1463 460 1528 quia
469 1463 595 1528 Episcopus
601 1463 711 1525 Nolanus,
720 1463 936 1522 scilieeteadirn,

135 1540 237 1605 seipsum
255 1539 279 1588 in
300 1549 392 1588 servum
407 1534 524 1598 vendidit,
544 1538 571 1584 ui
590 1533 614 1583 in
631 1533 754 1597 Dialopis
770 1535 874 1599 iegitur.
888 1537 936 1598 drgo

137 1612 210 1664 multi
220 1608 299 1662 iortids
312 1609 386 1673 potest
395 1619 473 1658 servm
487 1606 513 1655 in
521 1604 627 1656 clericum
641 1604 786 1669 promoveri.

168 1683 214 1734 Sed
222 1683 299 1732 contre
308 1694 316 1730 ε
326 1678 414 1730 uidetur
424 1678 485 1742 qudd
494 1676 603 1743 impediat
611 1674 724 1740 quentin
735 1678 764 1727 nd
773 1679 935 1730 necessiisien

138 1753 291 1814 sacramenti,
306 1750 360 1816 quia
378 1749 460 1800 mulier
473 1760 521 1798 non
532 1750 609 1811 potest
625 1747 747 1810 suscipere
760 1750 860 1801 ordinis
875 1760 936 1800 sear

138 1829 241 1877 mentum
250 1823 337 1874 ruiioue
349 1819 507 1886 subiectionis.
516 1820 560 1870 Sed
570 1819 644 1884 major
654 1818 772 1882 subjectio
783 1825 827 1872 est
835 1823 863 1873 in
874 1832 936 1880 serm,

139 1896 193 1960 qnia
204 1894 285 1945 mulier
301 1906 347 1944 nun
360 1892 426 1943 detur
434 1891 483 1942 viro
496 1891 522 1939 iu
535 1889 654 1952 ancillam,
663 1893 761 1953 propter
773 1894 843 1954 quod
856 1907 903 1944 nou
911 1895 939 1941 osi

140 1966 169 2017 de
182 1966 279 2031 pedibus
292 1966 392 2027 sumpta.
405 1963 464 2027 Ergo
477 1965 502 2012 ei
512 1975 592 2012 servus
604 1974 651 2013 non
661 1964 739 2026 potest
752 1964 802 2014 hoc
819 1975 940 2016 samm

137 2039 189 2087 ium
208 2036 330 2101 suscipere.

171 2107 298 2170 Pretereu,
313 2105 396 2170 aliquis
414 2118 443 2156 ex
456 2119 502 2170 quo
516 2103 611 2167 suscipit
626 2100 748 2167 ordinem,
764 2109 865 2158 tenetur
879 2109 903 2158 in
912 2118 941 2156 or·

142 2175 194 2228 dine
207 2176 343 2228 ministrare.
358 2177 404 2228 Sed
420 2187 467 2227 uon
481 2179 559 2240 potest
572 2173 641 2225 simul
650 2173 783 2227 minnmare
795 2178 896 2230 domino
906 2187 938 2227 sss

142 2246 226 2298 cernuli
234 2251 260 2297 et
270 2246 294 2296 in
303 2247 416 2312 spirituali
425 2247 561 2297 ministerio.
572 2246 631 2309 Ergo
640 2245 731 2297 ridetur
739 2246 808 2310 quod
819 2263 871 2301 non
878 2247 939 2314 pomi

142 2318 242 2372 ordinem
253 2317 381 2382 suscipere,
394 2318 447 2382 quie
457 2317 563 2368 dominus
572 2316 640 2368 debet
650 2315 739 2366 seruari
752 2317 887 2371 indemnis.

173 2389 441 2456 (florensem-Serui
450 2388 501 2439 edm
513 2388 549 2439 sui
563 2389 699 2453 potestatem
710 2399 758 2438 non
766 2390 894 2454 habeam,
904 2401 942 2439 nm

141 2464 237 2525 possunt
247 2461 275 2511 ad
292 2472 367 2512 sacros
379 2460 471 2512 ordines
482 2459 627 2525 promoveri,
641 2472 698 2523 quos
709 2462 790 2512 nmen
804 2463 866 2516 sert
878 2461 945 2514 susci·

141 2533 225 2597 piunt,
238 2533 259 2584 si
272 2531 306 2583 eis
317 2532 484 2593 conferantur.)

172 2605 307 2669 Respondco
326 2603 462 2666 dicendum,
475 2602 537 2667 quid
552 2602 578 2653 in
589 2601 736 2666 susceptione
749 2603 846 2654 ordinis
858 2603 945 2655 muci·

140 2677 207 2738 pstor
222 2677 290 2726 homo
303 2673 388 2724 divinis
404 2672 503 2736 oiflciis3
518 2676 543 2724 et
555 2674 611 2738 quie
624 2673 700 2724 nullus
711 2677 790 2737 potest
808 2675 881 2727 simii
895 2676 943 2726 dare

140 2746 201 2806 quod
216 2759 282 2796 suum
299 2757 344 2796 non
359 2749 408 2807 est,
423 2746 474 2796 ideo
486 2758 582 2808 seruus,
595 2745 634 2808 qui
646 2757 693 2796 non
713 2745 786 2796 habet
805 2751 945 2810 perarasse

139 2811 184 2874 sud,
202 2827 248 2864 uon
267 2818 341 2878 potest
354 2815 382 2866 ud
398 2814 490 2866 ordines
502 2814 640 2878 promoueri.
654 2814 680 2863 Si
689 2817 770 2866 iumen
782 2820 946 2879 promovetur,

139 2880 244 2954 ordinem
257 2883 368 2950 suscipit,
383 2884 437 2950 quia
448 2884 542 2936 libertas
556 2899 605 2937 non
617 2890 654 2938 est
666 2886 695 2937 de
709 2888 859 2938 sacrementi
871 2898 949 2939 neo&
