1942 3284
286 142 316 177 nti
330 140 443 179 ltMSTBO
458 140 634 182 affirmatores.
815 149 858 193 621

29 214 76 269 itte
89 212 139 278 qui
157 212 303 265 adeodate
317 213 417 277 epicopi
430 214 597 267 cerimonem
607 216 685 280 audit,
694 206 786 273 indum
795 236 856 274 ccu-
928 243 931 247 ⁴

30 287 153 337 trientem
173 285 212 337 ad
227 285 269 335 troc
281 284 342 349 qudi
361 286 496 337 sortiantur
507 288 600 351 cuprio
616 290 743 355 sacerdoti3
756 293 816 356 quod
834 293 856 345 ei

31 355 165 419 noluerit,
181 354 335 408 ninssoninds
347 368 399 407 eurn
415 355 535 407 absolvere
545 357 623 409 debet.

355 532 511 585 annicetus
526 533 564 583 Vi.

77 660 184 707 Uirium
198 659 315 717 poeniteoe
326 660 401 718 merit
413 660 692 770 ‘'21²2'⁶.⁰''“⁶⁹⁸⁰¹⁴'⁰‘²
700 666 820 710 eomdote

413 736 428 767 c
442 736 467 768 so
478 736 504 768 vc

72 854 113 907 dd
125 856 232 905 sextans
245 850 278 903 sic
293 850 428 917 proceditur.
443 852 538 905 Videtur
547 852 607 915 quod
622 852 646 905 in
660 855 706 905 tine
715 855 769 908 vite
780 841 856 919 peni·

38 926 97 975 tens
109 937 166 975 uon
180 923 264 988 ‘possit
276 922 290 974 d
300 922 401 985 quotibet
414 923 529 975 sacerdote
545 923 641 975 absolsi.
652 924 710 983 Quia
721 926 749 975 ud
766 926 856 977 absotu-

39 994 138 1045 tionem
147 992 277 1058 requiritur
283 992 358 1061 aliqua
365 992 505 1057 jurisdictio,
515 996 542 1043 ut
550 993 635 1045 dictum
643 998 687 1044 est.
697 994 744 1046 Sed
751 997 856 1050 sacerdos

41 1075 93 1115 non
107 1062 219 1128 acquirit
228 1062 409 1125 iurisdictionem
426 1075 496 1127 super
507 1064 573 1115 ittam
583 1063 625 1128 uui
636 1062 662 1114 in
676 1064 723 1115 doe
737 1064 792 1116 uita
803 1079 856 1130 ρω-

41 1133 115 1183 nitet.
132 1134 203 1197 Ergo
216 1146 261 1185 uon
276 1135 354 1195 potest
365 1144 418 1183 eum
430 1132 560 1183 absolvere.

78 1207 105 1253 a.
121 1204 258 1265 Praeterea,
279 1202 318 1255 ilie
334 1202 373 1266 qui
395 1206 561 1254 sacramentum
583 1203 690 1268 baptismi
713 1204 739 1253 in
761 1203 857 1258 articulo

45 1273 134 1325 mortis
150 1274 186 1327 ab
198 1272 243 1325 atio
259 1272 327 1335 qam
342 1271 433 1343 proprio
445 1274 562 1325 acardus
574 1273 686 1339 suscipit,
700 1288 748 1325 non
761 1274 828 1326 debet
841 1274 856 1324 i

44 1344 148 1407 nroprio
163 1342 284 1395 sacerdote
301 1342 382 1393 iterium
396 1342 513 1407 baptizari.
532 1344 557 1397 si
572 1357 627 1406 ergo
642 1343 737 1408 quilibet
751 1345 855 1395 sacerdos

47 1412 75 1463 in
83 1412 193 1465 articulo
201 1412 281 1465 mortis
290 1413 363 1477 possit
371 1412 617 1478 absolveredquolihet
626 1415 858 1478 peoeaw,nondehet

50 1484 193 1547 paenitens,
205 1484 225 1535 si
234 1483 319 1544 eradit,
332 1484 362 1534 ad
377 1496 443 1534 sunm
452 1485 592 1537 scetiotem
601 1498 726 1537 roecnere.
739 1486 805 1545 Quod
813 1485 857 1535 iat·

50 1565 106 1603 sum
122 1559 184 1617 est,
194 1553 250 1618 quta
258 1552 315 1605 otiis
327 1553 432 1605 sacerdos
446 1566 494 1605 non
508 1555 604 1606 haberet
614 1554 768 1618 wammnun
781 1556 856 1608 nnius

52 1636 150 1688 pecoris
161 1638 210 1677 sur.

84 1699 111 1746 a.
125 1696 261 1755 areuna,
272 1694 297 1745 in
310 1694 405 1747 articulo
418 1694 508 1756 mortis,
517 1694 578 1745 sicut
593 1694 647 1747 ticet
657 1695 734 1748 alieno
745 1696 856 1750 sacerdoti

52 1763 227 1829 mpdcaraita
236 1765 305 1817 etiam
317 1779 362 1818 non
371 1764 491 1817 acerdoti.
505 1765 551 1816 Sed
563 1778 610 1816 uon
622 1766 728 1820 sacerdos
739 1779 856 1830 nannum

54 1842 136 1899 potest
156 1836 276 1889 absoluere
291 1837 317 1887 in
336 1835 385 1888 iore
404 1836 564 1900 poenitentiali.
579 1838 637 1901 Ergo
654 1848 698 1888 nec
712 1838 817 1889 sacerdos
830 1839 856 1889 in

53 1908 156 1961 articqu
175 1908 255 1959 mortis
268 1920 319 1959 eum
331 1908 372 1971 qni
384 1920 429 1959 non
442 1910 478 1957 est
491 1907 535 1958 sibi
546 1907 659 1959 sudus.

88 1979 137 2031 Sed
151 1982 233 2031 watra
250 1992 257 2029 r
272 1978 395 2029 necessitas
410 1977 533 2041 spirioratts
547 1982 584 2029 est
603 1976 760 2042 majorantur
776 1990 855 2043 corpo-

55 2047 122 2099 ralis.
141 2050 190 2101 Sed
206 2048 290 2112 aliquis
302 2050 329 2097 in
343 2048 480 2099 necessitate
496 2048 576 2099 ultima
587 2053 664 2112 potes
675 2046 772 2100 aliorum
786 2050 855 2099 retus

56 2118 107 2179 uti,
128 2121 202 2171 etiam
214 2118 293 2170 invitis
305 2118 412 2179 dominis,
420 2119 449 2169 ad
459 2119 638 2171 subveniendum
650 2117 763 2183 corporali
775 2132 855 2169 neces·

59 2187 132 2241 atad.
148 2192 209 2253 [irco
228 2194 251 2241 et
267 2188 292 2239 in
302 2188 396 2239 articrdo
411 2190 498 2251 mortis,
511 2190 541 2239 ad
552 2189 732 2240 subveniendum
743 2188 855 2253 spirituaii

59 2260 205 2324 necessitati,
217 2259 357 2325 potestante
369 2258 383 2308 a
393 2271 439 2310 uon
449 2272 491 2309 suo
501 2259 618 2311 sacerdote
631 2259 728 2311 aisotd.

90 2331 223 2393 Preterea,
237 2330 266 2381 ad
277 2330 338 2381 idem
351 2332 403 2379 sunt
414 2328 560 2381 auctoritates
576 2330 602 2379 iu
615 2329 692 2381 littera
710 2328 803 2393 posita,
814 2330 852 2379 tv.

60 2405 121 2452 sent.
135 2402 189 2454 dist.
200 2406 240 2451 ao.

94 2472 294 2535 (Coracem.-
308 2470 365 2521 Cim
383 2469 507 2521 necessitas
518 2469 591 2531 legem
603 2480 650 2519 non
662 2470 762 2531 haheat,
777 2471 854 2532 potest

62 2542 178 2603 penitens
190 2542 205 2593 i
217 2542 300 2605 quouis
316 2540 433 2591 sacerdote
448 2540 472 2592 in
488 2540 567 2589 mortis
579 2538 674 2590 articulo
691 2552 738 2589 nou
756 2538 822 2589 modo
840 2538 854 2588 a

64 2614 163 2673 uncatis
175 2612 282 2665 omnibus
295 2611 391 2669 absolui,
408 2610 449 2660 sed
463 2608 662 2673 etiamaquaiibet
672 2608 854 2660 excommunica·

64 2681 126 2733 tione
140 2684 305 2747 aquosumque
316 2682 345 2731 sit
355 2681 425 2741 tata.)

95 2754 230 2819 Respondeo
246 2750 378 2813 dicendum,
393 2749 454 2814 qudd
466 2749 562 2814 quilibet
580 2750 686 2799 sacerdos
696 2747 806 2812 qnantum
820 2752 855 2797 est

65 2835 94 2875 ex
104 2826 186 2877 virute
201 2821 314 2884 clarium,
326 2822 394 2873 habet
403 2824 538 2886 potestatem
549 2820 702 2871 indifferenter
718 2819 744 2869 in
757 2830 854 2880 omnes,
