1942 3284
134 205 180 250 ιιι
313 213 374 248 rans
389 211 430 260 ιιι,
447 212 542 256 oumsr.
559 212 627 258 ιιιι,
644 209 699 252 rtur.
719 211 753 246 ιιι.
949 230 953 280 5

135 287 196 352 quod
208 286 312 351 perficiat
324 285 475 350 principalem
490 285 610 348 ellectum,
625 285 663 348 qui
679 290 714 336 est
733 285 808 348 gratia
824 290 929 338 roruitlens
952 295 953 314 l

135 361 238 424 culpam,
256 359 294 408 rel
305 359 414 422 supplens
430 357 531 421 aliquem
546 357 646 408 hominis
660 358 784 408 delectum.
804 358 874 416 Quod
891 357 929 421 qui-

136 433 187 482 dem
202 444 246 480 uon
260 431 286 479 llt
296 443 337 493 per
346 443 375 480 ea
385 443 436 492 quar
450 433 550 492 aguntur
562 431 586 478 iu
604 429 739 490 exorcismo,
750 430 793 479 sed
807 430 884 480 solium
898 432 929 479 lm·

135 501 236 565 jusmodi
248 501 409 566 impedimenta
421 501 537 552 tolluntur.
552 501 581 550 Et
590 499 642 550 ideo
657 513 703 550 non
718 505 775 550 snut
789 505 929 552 sacramenta.
958 539 959 546 ,

136 575 176 626 sed
189 574 360 624 sacramentalia
369 575 480 637 quedam.

171 645 205 695 lld
222 644 311 695 tortium
325 645 460 705 dicendum,
478 641 539 706 qudd
554 641 672 708 dispositio
686 642 805 694 sufficiens
825 645 854 693 ad
873 643 930 698 susci·
954 701 955 704 Ἴ

138 716 244 780 piendam
262 716 358 779 gratiam
371 715 545 778 baptismalem,
559 718 594 764 est
607 713 663 764 fides
676 717 700 764 et
710 713 825 776 intentio,
843 715 881 764 rel
891 727 930 778 pro·
958 729 959 776 p

138 787 189 851 pria
200 787 251 850 ejus
263 787 302 850 qui
317 787 456 850 baptizetur,
466 785 486 836 si
500 785 530 834 sit
543 785 646 848 adultus,
657 783 693 834 vel
708 783 782 846 ipsius
794 783 930 846 Ecclesiam
958 797 959 834 l

141 857 173 908 sit
187 860 302 922 paruulus.
315 860 348 908 Ea
359 857 412 908 rerd
420 871 471 920 ιιι
484 859 580 918 aguntur
589 856 614 904 in
624 854 758 918 exorcismo,
769 855 929 906 ordinantnrrd

141 930 301 979 removendum
314 929 492 993 impedimenta3
506 930 529 977 et
542 926 594 977 ideo
607 927 656 976 siue
666 939 692 976 eo
701 929 777 990 potest
793 926 879 990 aliquis
889 939 931 975 cor·
958 945 959 975 ι

142 1002 208 1063 sequi
225 1001 332 1052 ellectum
343 1000 459 1065 baptismi.
478 1000 529 1050 Nou
541 1003 617 1050 tamen
634 1003 687 1048 sunt
702 997 839 1061 hujusmodi
852 1003 932 1062 preter·
958 1017 959 1048 l

144 1072 263 1136 mittenda,
278 1074 321 1124 nisi
338 1074 363 1123 ιιι
374 1071 515 1124 necessitatis
529 1071 638 1133 articulo;
649 1073 673 1120 et
685 1075 747 1130 tuuc,
762 1073 873 1119 cessante
885 1067 933 1132 peri·
958 1093 959 1118 ;

143 1145 204 1208 culo,
219 1145 302 1195 debent
322 1145 438 1209 suppleri,
452 1148 478 1192 ut
496 1147 598 1194 servetur
610 1141 755 1192 uniformitas
774 1141 800 1190 in
822 1143 934 1206 baptismo.

143 1219 192 1267 Nec
204 1217 287 1267 frustra
301 1217 435 1281 supplentur
447 1219 500 1280 post
514 1215 665 1280 baptismum,
679 1213 732 1277 quia
746 1213 810 1264 sicut
823 1213 934 1276 impeditur
958 1231 959 1262 3

143 1289 237 1341 effectus
258 1288 366 1352 baptismi
382 1291 504 1352 autequam
525 1287 678 1351 percipiatur,
695 1285 727 1335 ita
741 1288 823 1348 potest
842 1281 934 1348 impediri
958 1339 959 1344 Ἰ

144 1366 265 1424 postquam
278 1360 346 1410 luerit
359 1364 489 1423 perceptus.

177 1432 211 1481 ltd
224 1435 329 1493 quartum
344 1429 472 1489 dicendum,
489 1429 548 1493 qudd
561 1442 641 1479 eorum
653 1441 703 1492 que
719 1427 933 1492 agunturpostbap-
958 1483 959 1486 Ἴ

146 1503 238 1552 tismum
252 1502 312 1552 circa
325 1501 479 1565 baptizatum,
494 1501 579 1564 aliquid
594 1504 631 1552 est
651 1500 710 1563 quod
725 1512 771 1550 nou
786 1498 862 1548 solium
878 1497 935 1560 signi-
958 1527 959 1548 ι

146 1577 207 1636 licat,
217 1575 257 1626 sed
271 1574 350 1636 elficit,
362 1572 418 1636 puta
424 1573 527 1623 inunctio
536 1587 586 1636 quae
599 1573 623 1622 iit
633 1571 763 1633 invertire,
776 1583 829 1634 quac
841 1573 935 1634 operatur
958 1591 959 1613 ι

110 1703 116 1712 ,
146 1647 341 1700 consumationem
364 1645 441 1710 gratia
459 1645 611 1709 baptismalis.
629 1643 720 1708 Aliquid
737 1647 813 1692 autem
832 1647 868 1692 est
887 1640 936 1705 qnod
958 1661 959 1676 r

148 1720 205 1770 nibil
219 1719 307 1780 elficit,
324 1717 365 1767 sed
383 1716 455 1767 solium
471 1716 598 1780 significat,
614 1716 672 1765 sicut
686 1713 746 1778 qubd
760 1715 827 1764 datur
840 1713 863 1764 ei
875 1711 937 1762 restis

146 1791 251 1853 candida,
266 1790 294 1839 ed
303 1789 477 1852 significandum
489 1788 613 1838 novitatem
624 1786 677 1837 ritae
687 1785 733 1852 (l).

183 1933 213 1994 (l)
231 1935 294 1988 Quod
314 1935 430 1990 sequitur,
445 1935 554 1989 quamvis
569 1933 688 1979 evidenter
701 1933 730 1978 sit
750 1936 807 1977 nota
827 1926 936 1976 dliirolri

149 1998 253 2054 adiecta,
265 1999 289 2042 in
304 1997 442 2052 quibusdam
458 1997 599 2042 editionibus
614 1995 686 2041 textui
706 1999 730 2041 S.
748 1995 842 2040 Thomu
860 1993 939 2038 adner-
958 2015 959 2052 p

149 2061 216 2113 titum
229 2066 252 2104 et
260 2060 324 2116 illud,
334 2060 389 2115 quia
400 2059 455 2104 utile
465 2061 564 2116 videtur,
575 2059 635 2110 inter
642 2064 709 2103 notas
718 2058 853 2113 reponimus
862 2073 868 2100 :
878 2069 891 2098 rr
902 2053 937 2099 Vel
958 2055 959 2076 ³

148 2123 210 2178 quod
227 2123 261 2167 sul
279 2122 408 2167 immittitur
419 2123 444 2166 in
461 2134 501 2176 os,
515 2122 544 2166 ad
563 2121 676 2167 sermonis
690 2120 856 2168 discretionem
868 2118 903 2162 rel
913 2115 937 2160 rd

149 2186 233 2230 ruentis
247 2184 442 2240 incorruptionem
453 2185 627 2241 designandam.
639 2185 697 2228 Nam
708 2183 736 2231 de
748 2183 881 2232 inunctione
893 2179 936 2234 qui·

149 2249 201 2292 dcm
220 2246 403 2302 acerrimorum,
415 2248 456 2293 lib.
468 2249 489 2292 Ι.
500 2248 534 2293 De
545 2249 652 2292 institut.
665 2245 831 2298 clericorum,
843 2255 893 2299 cap.
903 2239 936 2293 28,

69 2326 72 2332 ¹
149 2311 289 2366 baptizatum
305 2309 384 2366 inungi
397 2311 420 2353 in
430 2311 527 2354 cerebro
542 2314 567 2352 ut
582 2309 645 2367 regni
662 2307 744 2352 tlbristi
761 2307 879 2364 particeps
892 2303 935 2347 dat.

149 2377 175 2416 ut
188 2372 202 2416 ri
216 2373 301 2428 Spiritu
310 2378 391 2417 sancto
403 2372 569 2428 sanctificetur,
581 2379 607 2416 ut
618 2383 659 2428 per
671 2371 781 2426 Spiritum
792 2374 895 2414 sanctum
910 2365 936 2412 ei.

150 2434 211 2479 viror
226 2435 327 2480 coelestls
339 2435 418 2491 gratim
431 2435 577 2488 conletatur,
588 2441 611 2480 et
622 2439 647 2479 ut
660 2433 757 2489 Spiritus
768 2432 842 2476 sancti
855 2427 937 2486 pertici-

149 2498 266 2551 patiouem
287 2498 419 2553 accipiens,
432 2497 545 2542 alienusd
559 2497 649 2541 tllrristo
669 2508 715 2540 nun
729 2495 829 2548 existat3
845 2493 879 2538 rel
890 2492 939 2534 des-

149 2559 229 2603 censio
241 2560 338 2615 Spiritus
352 2561 425 2604 suncti
439 2571 508 2615 super
523 2558 598 2616 ipsum
609 2559 638 2603 ad
653 2557 821 2603 habitatione·
833 2560 879 2602 lieo
891 2563 938 2596 con-

149 2621 284 2666 secrandum
294 2621 442 2679 significetur,
453 2621 516 2666 addit
526 2633 578 2678 cap.
590 2621 629 2666 30.
641 2621 703 2666 Sicut
714 2619 784 2664 etiam
797 2617 937 2676 permiserat,

151 2695 203 2740 cap.
214 2683 258 2743 sl,
268 2683 330 2740 qudd
343 2685 461 2741 inungitur
470 2685 504 2730 iiii
517 2691 598 2741 pectus
612 2689 664 2728 aute
674 2682 829 2738 baptismum,
845 2685 869 2724 ut
881 2676 939 2722 nulla

149 2747 253 2802 reliquie
272 2747 367 2792 latentis
380 2747 466 2792 inimici
480 2749 505 2791 iu
518 2757 547 2791 eo
561 2746 693 2802 resideant,
708 2745 748 2789 sed
764 2746 789 2788 in
806 2742 850 2788 lide
864 2743 938 2786 sancte

150 2810 269 2854 Trinitatis
284 2821 351 2854 mens
361 2811 411 2866 eius
420 2810 576 2860 conluctatum
592 2810 694 2864 itemque
708 2807 770 2862 quod
785 2805 878 2863 ungitur
889 2803 939 2845 inter

152 2873 272 2929 scapulas,
285 2878 311 2916 ut
324 2871 426 2928 undique
446 2873 577 2930 munietur,
590 2877 614 2915 et
629 2871 658 2916 ad
677 2872 738 2916 bona
753 2881 824 2924 opera
846 2861 938 2912 laniendr

151 2947 192 2991 per
208 2935 248 2980 liei
264 2935 360 2992 gloriam
382 2936 513 2979 roboretur.
529 2936 561 2978 De
580 2940 645 2978 veste
668 2933 721 2976 verb
740 2932 792 2976 alba
815 2929 847 2975 sic
867 2929 939 2973 iterun
