1942 3284
209 219 212 228 ,
259 179 464 224 assassinium
479 182 589 224 oscum.
778 181 832 230 tlt

13 255 100 312 Pati„
113 253 135 304 ll
146 269 153 304 :
166 255 324 320 «Superiores
333 257 432 310 irruicenr
445 259 617 313 arbitrantes»
626 263 684 326 Ergo
695 276 741 315 non
751 266 821 320 debet

13 328 43 377 in
56 325 165 377 Ecclesia
178 339 229 378 esse
245 327 309 379 ordo.

46 403 74 448 3.
92 398 214 462 Praetcrea,
225 400 401 452 crdoinvenitur
413 400 438 452 in
447 403 534 467 angelis
542 408 636 469 propter
644 406 816 461 distinctionem

13 484 98 524 eorum
111 469 136 519 iu
150 470 217 522 honis
231 471 385 533 naturalibus,
400 477 423 524 et
436 474 550 538 gratuitis.
559 477 604 527 Sed
619 490 700 528 omnes
713 481 820 534 homiues

13 547 74 594 sunt
87 541 113 592 in
127 546 207 592 natura
220 557 306 606 unum3
321 543 445 608 gratiarum
460 546 529 596 etiam
543 547 603 598 dona
618 548 669 612 quis
682 551 821 604 eminentius

13 616 120 677 tabeat,
142 613 245 676 ignotum
266 619 311 667 est.
327 617 386 679 Ergo
404 618 460 668 ordo
477 617 504 667 iu
523 619 624 670 Ecclesia
640 633 692 672 csso
711 635 758 672 uon
779 624 823 675 de·

13 690 65 738 oet.

44 757 97 808 Sed
111 760 189 808 contra
198 795 206 820 ‚
216 758 253 808 ad
265 761 346 816 idom„
360 759 429 822 lllll,
444 760 544 812 dicitur:
559 778 574 810 ι
589 763 644 820 Quae
660 768 715 814 sunt
729 765 742 815 d
758 767 821 828 Deo,
891 815 895 824 ,

13 830 125 884 inclinata
138 831 200 880 suut.
218 845 232 877 ι
247 830 294 880 Sed
307 829 410 882 Ecclesia
423 829 494 884 ilico
506 835 558 895 est,
572 834 613 896 qni
623 833 674 898 ipse
683 848 735 886 eaur
747 838 825 888 aditi·

13 902 81 954 :avit
92 901 204 965 sauguine
213 915 264 953 suo.
279 901 338 965 Ergo
351 902 406 952 ordo
419 903 444 952 iu
457 903 563 954 Ecclesia
575 917 627 956 esse
640 906 717 957 debet.
775 922 776 925 ¹

44 974 182 1034 Praeterea,
196 975 270 1024 status
283 973 390 1024 Ecclesia
403 980 438 1026 cst
452 975 542 1026 medius
562 976 621 1026 inter
632 981 720 1028 statum
734 985 821 1034 naturae

13 1049 36 1096 et
55 1043 145 1108 gloriae.
160 1044 205 1094 Sed
220 1045 245 1094 in
262 1048 342 1095 natura
359 1045 475 1098 inuenitur
492 1049 562 1111 ordo,
579 1062 625 1111 qno
646 1051 750 1112 quedam
770 1054 822 1104 eliis

13 1115 138 1180 superiora
150 1119 217 1178 sunt3
229 1117 252 1168 et
263 1115 367 1167 similiter
375 1115 400 1166 in
412 1118 494 1181 gloria,
504 1122 530 1169 nt
542 1123 606 1183 patet
616 1119 640 1169 in
654 1121 749 1185 augelis.
761 1124 825 1187 Ergo·

13 1191 36 1238 m
53 1186 159 1238 Ecclesia
171 1187 238 1236 debet
253 1199 304 1238 esse
315 1189 379 1239 crdo.

46 1261 58 1326 (
69 1260 357 1323 dornoso-oportuit
366 1260 391 1310 iu
400 1261 504 1312 Ecclesia
513 1262 614 1313 ordinem
623 1262 722 1327 aliquem
730 1276 819 1316 sacrum

13 1345 86 1393 esse,
101 1343 147 1394 quo
166 1329 259 1394 quidam
278 1330 342 1392 aliis,
357 1331 386 1382 ad
399 1331 507 1398 illorum,
522 1337 547 1384 et
562 1346 611 1384 non
632 1335 669 1385 sut
684 1334 819 1401 utilitatem,

13 1403 194 1470 praeficercntur.
205 1401 214 1465 )

43 1473 186 1538 Respondes
197 1473 323 1534 dicendum,
337 1472 397 1538 qnid
412 1475 472 1525 Deus
486 1487 529 1525 sua
541 1488 610 1538 opera
624 1477 648 1526 in
660 1477 697 1527 sul
710 1477 818 1530 similitu·

13 1550 96 1602 linem
118 1545 241 1610 perducere
261 1543 332 1594 uoluit
349 1543 459 1608 quantum
472 1543 581 1609 possibile
600 1547 657 1610 init,
672 1551 698 1597 ut
718 1549 821 1613 perfecta

13 1619 113 1679 esseut,
124 1618 149 1665 et
160 1627 200 1679 per
215 1627 242 1666 ea
254 1614 362 1679 cognosci
375 1619 461 1678 posset.
471 1617 502 1666 Et
512 1617 564 1667 ideo
576 1621 603 1666 ut
615 1617 640 1668 iu
654 1617 703 1668 suis
712 1619 820 1682 operibns

13 1690 231 1756 representantur,
245 1698 292 1736 non
312 1685 386 1736 solum
401 1686 526 1737 secundum
544 1688 606 1751 quod
624 1688 650 1739 in
666 1703 691 1738 se
712 1693 764 1752 est,
778 1691 820 1740 sed

13 1763 86 1815 etiam
100 1757 224 1810 secundum
242 1758 303 1822 quod
325 1756 377 1808 aliis
393 1757 486 1820 induit,
503 1775 518 1806 u
529 1759 590 1809 hanc
601 1759 679 1822 legem
692 1760 819 1812 naturalem

13 1831 126 1899 mposuit
139 1831 257 1894 omuibus,
274 1833 299 1880 ut
312 1829 392 1880 ultima
404 1842 447 1894 per
460 1831 537 1883 modia
550 1830 713 1882 reducerentur
724 1836 749 1881 et
766 1845 820 1896 por·

13 1906 148 1964 locuuntur,
160 1906 184 1953 et
197 1902 273 1954 media
282 1916 324 1966 per
336 1901 425 1965 prima,
436 1917 450 1951 u
467 1906 494 1952 ut
509 1903 636 1966 Dionysius
648 1902 704 1952 dicit
718 1903 775 1964 (lib.
790 1902 819 1966 V,

13 1976 114 2032 Eccles.
135 1976 216 2029 Hier„
231 1986 283 2036 cap.
296 1973 339 2038 9).
348 1973 378 2023 Et
391 1972 443 2025 ideo
457 1977 483 2024 ut
496 1973 540 2024 ista
554 1974 699 2038 pulchritudo
711 1973 821 2025 Ecclesia

13 2063 67 2103 nun
78 2047 184 2108 deesset,
193 2039 383 2108 posuit'ordinem
393 2043 418 2094 in
426 2057 463 2108 ea,
473 2049 499 2095 ut
511 2045 604 2108 quidam
614 2045 667 2095 aliis
676 2049 821 2096 sacramenta

13 2120 150 2178 traderent,
165 2129 207 2167 suo
221 2116 288 2166 modo
301 2117 348 2166 lieo
359 2115 384 2165 in
393 2116 438 2166 hoc
451 2116 582 2178 assimilati,
598 2115 663 2180 quasi
677 2117 724 2166 lieo
737 2129 824 2181 ooope-

13 2195 115 2250 rantes,
128 2187 187 2239 sicut
202 2187 227 2237 in
243 2198 337 2251 corpore
358 2187 456 2238 naturali
471 2189 576 2252 quadam
596 2187 699 2237 membra
714 2187 766 2238 aliis
778 2189 825 2239 iu-

13 2266 104 2318 llunut.

45 2337 83 2388 Ad
102 2333 200 2398 pumnm
219 2343 272 2394 crgo
289 2330 426 2392 dicendum,
440 2328 502 2393 quid
519 2329 632 2394 suuncio
645 2331 764 2381 servitutis
783 2343 822 2381 re·

13 2407 106 2474 pugnat
119 2402 230 2466 libertati;
242 2415 294 2466 qua
305 2400 403 2452 servitus
415 2404 452 2452 est
460 2399 512 2450 cum
523 2399 605 2464 siquis
615 2402 745 2451 dominatur
758 2401 819 2461 aliis,

13 2481 41 2532 ud
58 2475 98 2528 sut
115 2474 234 2524 utilitatem
252 2471 361 2534 subjectis
382 2474 449 2522 utens
464 2486 471 2520 ε
488 2471 542 2522 talis
556 2476 632 2522 autem
649 2471 762 2536 subjectio
776 2483 821 2521 non

13 2545 139 2614 requiritur
149 2545 173 2594 in
183 2543 278 2605 ordine,
293 2555 332 2606 per
347 2555 415 2605 quem
430 2541 470 2606 qui
483 2546 595 2606 presunt,
611 2542 707 2592 salntem
717 2541 819 2592 subdito·

13 2633 67 2674 arm
88 2629 192 2682 querere
210 2616 306 2675 debent,
328 2627 375 2666 uon
401 2611 516 2679 propriam
537 2614 670 2664 utilitatem.
691 2612 823 2674 liude‚.nd

13 2689 131 2748 tiuhi:
147 2705 161 2736 ιι
170 2689 217 2738 Vos
229 2687 256 2738 in
267 2687 396 2738 libertatem
408 2685 484 2736 vocat
497 2685 564 2749 estis,
578 2685 659 2736 tratres
671 2699 677 2734 ι
688 2682 779 2734 tantini
792 2696 823 2734 ue

13 2763 145 2818 libertatem
166 2759 191 2809 in
210 2759 354 2810 occasionem
368 2756 436 2810 datis
456 2756 546 2820 carnis,
564 2757 606 2808 sed
627 2769 668 2820 per
684 2754 820 2830 chantatem

13 2833 116 2903 spiritus
130 2830 215 2882 servite
227 2829 336 2890 inucem,
348 2833 394 2880 etc.
405 2844 429 2876 »-

43 2907 82 2958 Ad
102 2901 230 2956 secumdum
251 2900 384 2963 decadum,
399 2899 460 2964 qudd
476 2898 573 2963 quilibet
584 2912 611 2950 se
628 2899 698 2951 debet
716 2900 825 2962 repumrc

683 2997 726 3046 23*
