<?xml version="1.0" encoding="UTF-8"?>
<!DOCTYPE html PUBLIC "-//W3C//DTD XHTML 1.0 Transitional//EN"
    "http://www.w3.org/TR/xhtml1/DTD/xhtml1-transitional.dtd">
<html xmlns="http://www.w3.org/1999/xhtml" xml:lang="en" lang="en">
 <head>
  <title>
</title>
<meta http-equiv="Content-Type" content="text/html;charset=utf-8" />
  <meta name='ocr-system' content='tesseract 3.04.00' />
  <meta name='ocr-capabilities' content='ocr_page ocr_carea ocr_par ocr_line ocrx_word'/>
</head>
<body>
  <div class='ocr_page' id='page_1' title='image "./summatheologica01nicogoog_0698.png"; bbox 0 0 1942 3284; ppageno 0'>
   <div class='ocr_carea' id='block_1_1' title="bbox 122 185 766 243">
    <p class='ocr_par' dir='ltr' id='par_1_1' title="bbox 122 185 766 243">
     <span class='ocr_line' id='line_1_1' title="bbox 122 185 766 243; baseline -0.008 -11"><span class='ocrx_word' id='word_1_1' title='bbox 122 185 168 232; x_wconf 74' lang='lat'><strong>692</strong></span> <span class='ocrx_word' id='word_1_2' title='bbox 279 192 479 239; x_wconf 82' lang='lat' dir='ltr'><strong>eurrnnunuruu,</strong></span> <span class='ocrx_word' id='word_1_3' title='bbox 494 192 588 237; x_wconf 86' lang='lat' dir='ltr'><strong>oonsr.</strong></span> <span class='ocrx_word' id='word_1_4' title='bbox 603 190 661 243; x_wconf 78' lang='lat' dir='ltr'><strong>xvi,</strong></span> <span class='ocrx_word' id='word_1_5' title='bbox 675 192 730 229; x_wconf 83' lang='lat' dir='ltr'><strong>nur.</strong></span> <span class='ocrx_word' id='word_1_6' title='bbox 748 192 766 227; x_wconf 92' lang='lat' dir='ltr'><strong>r.</strong></span> 
     </span>
    </p>
   </div>
   <div class='ocr_carea' id='block_1_2' title="bbox 383 374 614 428">
    <p class='ocr_par' dir='ltr' id='par_1_2' title="bbox 383 374 614 428">
     <span class='ocr_line' id='line_1_2' title="bbox 383 374 614 428; baseline 0.004 -6"><span class='ocrx_word' id='word_1_7' title='bbox 383 415 386 421; x_wconf 96' lang='lat'><em>.</em></span> <span class='ocrx_word' id='word_1_8' title='bbox 419 374 580 428; x_wconf 72' lang='lat' dir='ltr'><strong>nuncnune</strong></span> <span class='ocrx_word' id='word_1_9' title='bbox 596 376 614 424; x_wconf 91' lang='lat'><strong>1.</strong></span> 
     </span>
    </p>
   </div>
   <div class='ocr_carea' id='block_1_3' title="bbox 226 498 836 557">
    <p class='ocr_par' dir='ltr' id='par_1_3' title="bbox 226 498 836 557">
     <span class='ocr_line' id='line_1_3' title="bbox 226 498 836 557; baseline -0.007 -12"><span class='ocrx_word' id='word_1_10' title='bbox 226 502 311 545; x_wconf 77' lang='lat' dir='ltr'><strong>Utrum</strong></span> <span class='ocrx_word' id='word_1_11' title='bbox 319 500 457 557; x_wconf 81' lang='lat' dir='ltr'><strong>peonitentia</strong></span> <span class='ocrx_word' id='word_1_12' title='bbox 465 499 539 555; x_wconf 77' lang='lat' dir='ltr'><strong>poscit</strong></span> <span class='ocrx_word' id='word_1_13' title='bbox 555 511 604 543; x_wconf 79' lang='lat' dir='ltr'><strong>esee</strong></span> <span class='ocrx_word' id='word_1_14' title='bbox 613 498 641 543; x_wconf 86' lang='lat' dir='ltr'><strong>e&#39;n</strong></span> <span class='ocrx_word' id='word_1_15' title='bbox 654 498 836 543; x_wconf 73' lang='lat' dir='ltr'><strong><em>innocentibus.</em></strong></span> 
     </span>
    </p>
   </div>
   <div class='ocr_carea' id='block_1_4' title="bbox 122 622 927 1615">
    <p class='ocr_par' dir='ltr' id='par_1_4' title="bbox 122 622 926 904">
     <span class='ocr_line' id='line_1_4' title="bbox 156 622 925 691; baseline -0.005 -13"><span class='ocrx_word' id='word_1_16' title='bbox 156 629 189 678; x_wconf 84' lang='lat' dir='ltr'><strong>bd</strong></span> <span class='ocrx_word' id='word_1_17' title='bbox 210 627 310 691; x_wconf 84' lang='lat' dir='ltr'><strong>primurn</strong></span> <span class='ocrx_word' id='word_1_18' title='bbox 331 625 364 676; x_wconf 87' lang='lat' dir='ltr'><strong>sic</strong></span> <span class='ocrx_word' id='word_1_19' title='bbox 381 624 518 689; x_wconf 79' lang='lat' dir='ltr'>proceditur.</span> <span class='ocrx_word' id='word_1_20' title='bbox 530 624 627 673; x_wconf 87' lang='lat' dir='ltr'><strong>Videtur</strong></span> <span class='ocrx_word' id='word_1_21' title='bbox 640 624 704 687; x_wconf 81' lang='lat' dir='ltr'><strong>quod</strong></span> <span class='ocrx_word' id='word_1_22' title='bbox 726 622 752 673; x_wconf 88' lang='lat' dir='ltr'><strong>in</strong></span> <span class='ocrx_word' id='word_1_23' title='bbox 775 624 925 675; x_wconf 73' lang='lat' dir='ltr'><strong>innocentem</strong></span> 
     </span>
     <span class='ocr_line' id='line_1_5' title="bbox 122 694 925 765; baseline -0.007 -14"><span class='ocrx_word' id='word_1_24' title='bbox 122 696 316 765; x_wconf 77' lang='lat' dir='ltr'><strong>ponitentinesse</strong></span> <span class='ocrx_word' id='word_1_25' title='bbox 327 710 374 747; x_wconf 90' lang='lat' dir='ltr'><strong>non</strong></span> <span class='ocrx_word' id='word_1_26' title='bbox 384 696 465 760; x_wconf 87' lang='lat' dir='ltr'><strong>possit.</strong></span> <span class='ocrx_word' id='word_1_27' title='bbox 474 694 529 753; x_wconf 79' lang='lat' dir='ltr'><strong>Quia</strong></span> <span class='ocrx_word' id='word_1_28' title='bbox 542 694 677 759; x_wconf 72' lang='lat' dir='ltr'><strong>poenitentia</strong></span> <span class='ocrx_word' id='word_1_29' title='bbox 686 697 724 745; x_wconf 87' lang='lat' dir='ltr'><strong>est</strong></span> <span class='ocrx_word' id='word_1_30' title='bbox 738 695 871 745; x_wconf 77' lang='lat' dir='ltr'><strong>commissa</strong></span> <span class='ocrx_word' id='word_1_31' title='bbox 880 696 925 745; x_wconf 85' lang='lat' dir='ltr'><strong>neb</strong></span> 
     </span>
     <span class='ocr_line' id='line_1_6' title="bbox 124 760 926 834; baseline -0.005 -15"><span class='ocrx_word' id='word_1_32' title='bbox 124 769 239 834; x_wconf 77' lang='lat' dir='ltr'>plangere.</span> <span class='ocrx_word' id='word_1_33' title='bbox 254 768 300 818; x_wconf 85' lang='lat' dir='ltr'><strong>Sed</strong></span> <span class='ocrx_word' id='word_1_34' title='bbox 318 768 451 817; x_wconf 87' lang='lat' dir='ltr'><strong>innocentes</strong></span> <span class='ocrx_word' id='word_1_35' title='bbox 466 766 555 815; x_wconf 87' lang='lat' dir='ltr'><strong>nullum</strong></span> <span class='ocrx_word' id='word_1_36' title='bbox 576 760 662 814; x_wconf 81' lang='lat' dir='ltr'><strong>maium</strong></span> <span class='ocrx_word' id='word_1_37' title='bbox 678 765 863 817; x_wconf 86' lang='lat' dir='ltr'><strong>commiserunt.</strong></span> <span class='ocrx_word' id='word_1_38' title='bbox 881 767 926 829; x_wconf 75' lang='lat' dir='ltr'><strong>Ergo</strong></span> 
     </span>
     <span class='ocr_line' id='line_1_7' title="bbox 125 838 473 904; baseline -0.011 -14"><span class='ocrx_word' id='word_1_39' title='bbox 125 842 149 891; x_wconf 93' lang='lat' dir='ltr'><strong>in</strong></span> <span class='ocrx_word' id='word_1_40' title='bbox 168 840 203 890; x_wconf 89' lang='lat' dir='ltr'><strong>eis</strong></span> <span class='ocrx_word' id='word_1_41' title='bbox 215 838 351 904; x_wconf 79' lang='lat' dir='ltr'><strong>poenitentia</strong></span> <span class='ocrx_word' id='word_1_42' title='bbox 369 841 473 888; x_wconf 87' lang='lat' dir='ltr'><strong>nonest.</strong></span> 
     </span>
    </p>

    <p class='ocr_par' dir='ltr' id='par_1_5' title="bbox 124 905 925 1104">
     <span class='ocr_line' id='line_1_8' title="bbox 139 905 924 975; baseline -0.001 -15"><span class='ocrx_word' id='word_1_43' title='bbox 139 918 142 921; x_wconf 82' lang='grc'>’</span> <span class='ocrx_word' id='word_1_44' title='bbox 158 916 182 961; x_wconf 75' lang='lat'><strong>2.</strong></span> <span class='ocrx_word' id='word_1_45' title='bbox 197 913 323 975; x_wconf 68' lang='lat' dir='ltr'><strong>Frontone,</strong></span> <span class='ocrx_word' id='word_1_46' title='bbox 337 909 473 974; x_wconf 77' lang='lat' dir='ltr'><strong>paenitentia</strong></span> <span class='ocrx_word' id='word_1_47' title='bbox 486 923 516 959; x_wconf 79' lang='lat' dir='ltr'><strong>ex</strong></span> <span class='ocrx_word' id='word_1_48' title='bbox 536 922 577 959; x_wconf 89' lang='lat' dir='ltr'><strong>suo</strong></span> <span class='ocrx_word' id='word_1_49' title='bbox 590 905 685 958; x_wconf 86' lang='lat' dir='ltr'><strong>nomine</strong></span> <span class='ocrx_word' id='word_1_50' title='bbox 701 906 820 971; x_wconf 84' lang='lat' dir='ltr'><strong>importat</strong></span> <span class='ocrx_word' id='word_1_51' title='bbox 838 922 924 973; x_wconf 71' lang='lat' dir='ltr'><strong>ponec</strong></span> 
     </span>
     <span class='ocr_line' id='line_1_9' title="bbox 124 978 925 1045; baseline -0.005 -12"><span class='ocrx_word' id='word_1_52' title='bbox 124 983 172 1033; x_wconf 81' lang='lat' dir='ltr'><strong>Sed</strong></span> <span class='ocrx_word' id='word_1_53' title='bbox 185 980 345 1033; x_wconf 83' lang='lat' dir='ltr'><strong>innocentibus</strong></span> <span class='ocrx_word' id='word_1_54' title='bbox 357 993 405 1031; x_wconf 85' lang='lat' dir='ltr'><strong>nun</strong></span> <span class='ocrx_word' id='word_1_55' title='bbox 417 980 513 1029; x_wconf 89' lang='lat' dir='ltr'><strong>debetur</strong></span> <span class='ocrx_word' id='word_1_56' title='bbox 526 992 603 1043; x_wconf 78' lang='lat' dir='ltr'><strong>penna.</strong></span> <span class='ocrx_word' id='word_1_57' title='bbox 614 978 673 1041; x_wconf 82' lang='lat' dir='ltr'><strong>Ergo</strong></span> <span class='ocrx_word' id='word_1_58' title='bbox 688 992 737 1029; x_wconf 89' lang='lat' dir='ltr'><strong>uon</strong></span> <span class='ocrx_word' id='word_1_59' title='bbox 751 983 793 1029; x_wconf 86' lang='lat' dir='ltr'><strong>est</strong></span> <span class='ocrx_word' id='word_1_60' title='bbox 807 980 835 1030; x_wconf 92' lang='lat' dir='ltr'><strong>in</strong></span> <span class='ocrx_word' id='word_1_61' title='bbox 846 980 880 1030; x_wconf 87' lang='lat' dir='ltr'><strong>eis</strong></span> <span class='ocrx_word' id='word_1_62' title='bbox 891 992 925 1045; x_wconf 83' lang='lat' dir='ltr'><strong>pu-</strong></span> 
     </span>
     <span class='ocr_line' id='line_1_10' title="bbox 125 1052 231 1104; baseline 0.009 -1"><span class='ocrx_word' id='word_1_63' title='bbox 125 1052 231 1104; x_wconf 84' lang='lat' dir='ltr'><strong>nitentia.</strong></span> 
     </span>
    </p>

    <p class='ocr_par' dir='ltr' id='par_1_6' title="bbox 124 1120 927 1388">
     <span class='ocr_line' id='line_1_11' title="bbox 159 1120 925 1186; baseline -0.003 -13"><span class='ocrx_word' id='word_1_64' title='bbox 159 1129 183 1174; x_wconf 82' lang='grc'><strong>3.</strong></span> <span class='ocrx_word' id='word_1_65' title='bbox 201 1125 329 1185; x_wconf 68' lang='lat' dir='ltr'><strong>Procne,</strong></span> <span class='ocrx_word' id='word_1_66' title='bbox 344 1121 476 1186; x_wconf 79' lang='lat' dir='ltr'><strong>poenitentia</strong></span> <span class='ocrx_word' id='word_1_67' title='bbox 495 1121 519 1170; x_wconf 89' lang='lat' dir='ltr'><strong>in</strong></span> <span class='ocrx_word' id='word_1_68' title='bbox 533 1120 593 1171; x_wconf 90' lang='lat' dir='ltr'><strong>idern</strong></span> <span class='ocrx_word' id='word_1_69' title='bbox 608 1120 717 1171; x_wconf 86' lang='lat' dir='ltr'><strong>coincidit</strong></span> <span class='ocrx_word' id='word_1_70' title='bbox 730 1134 790 1172; x_wconf 89' lang='lat' dir='ltr'><strong>cum</strong></span> <span class='ocrx_word' id='word_1_71' title='bbox 800 1122 925 1173; x_wconf 76' lang='lat' dir='ltr'><strong>rindintin</strong></span> 
     </span>
     <span class='ocr_line' id='line_1_12' title="bbox 124 1190 926 1261; baseline -0.006 -14"><span class='ocrx_word' id='word_1_72' title='bbox 124 1196 224 1261; x_wconf 84' lang='lat' dir='ltr'><strong>justitia.</strong></span> <span class='ocrx_word' id='word_1_73' title='bbox 248 1194 293 1244; x_wconf 86' lang='lat' dir='ltr'><strong>Sed</strong></span> <span class='ocrx_word' id='word_1_74' title='bbox 314 1194 419 1245; x_wconf 87' lang='lat' dir='ltr'><strong>omnibus</strong></span> <span class='ocrx_word' id='word_1_75' title='bbox 438 1193 587 1249; x_wconf 73' lang='lat' dir='ltr'><strong>existentibus</strong></span> <span class='ocrx_word' id='word_1_76' title='bbox 605 1190 772 1245; x_wconf 87' lang='lat' dir='ltr'><strong>innocentibus</strong></span> <span class='ocrx_word' id='word_1_77' title='bbox 798 1196 926 1245; x_wconf 78' lang='lat' dir='ltr'><strong>vindicetur</strong></span> 
     </span>
     <span class='ocr_line' id='line_1_13' title="bbox 125 1265 927 1331; baseline -0.004 -15"><span class='ocrx_word' id='word_1_78' title='bbox 125 1266 212 1331; x_wconf 82' lang='lat' dir='ltr'><strong>justitia</strong></span> <span class='ocrx_word' id='word_1_79' title='bbox 232 1266 305 1316; x_wconf 86' lang='lat' dir='ltr'><strong>locun</strong></span> <span class='ocrx_word' id='word_1_80' title='bbox 319 1279 365 1315; x_wconf 92' lang='lat' dir='ltr'><strong>uon</strong></span> <span class='ocrx_word' id='word_1_81' title='bbox 378 1266 481 1315; x_wconf 83' lang='lat' dir='ltr'><strong>baberet.</strong></span> <span class='ocrx_word' id='word_1_82' title='bbox 496 1266 556 1329; x_wconf 83' lang='lat' dir='ltr'><strong>Ergo</strong></span> <span class='ocrx_word' id='word_1_83' title='bbox 568 1277 610 1315; x_wconf 88' lang='lat' dir='ltr'><strong>nec</strong></span> <span class='ocrx_word' id='word_1_84' title='bbox 629 1265 791 1329; x_wconf 78' lang='lat' dir='ltr'><strong>penitentia,</strong></span> <span class='ocrx_word' id='word_1_85' title='bbox 808 1270 833 1317; x_wconf 89' lang='lat' dir='ltr'><strong>et</strong></span> <span class='ocrx_word' id='word_1_86' title='bbox 851 1267 882 1317; x_wconf 80' lang='lat' dir='ltr'><strong>ira</strong></span> <span class='ocrx_word' id='word_1_87' title='bbox 894 1278 927 1317; x_wconf 85' lang='lat' dir='ltr'><strong>ror</strong></span> 
     </span>
     <span class='ocr_line' id='line_1_14' title="bbox 126 1336 375 1388; baseline -0.004 -1"><span class='ocrx_word' id='word_1_88' title='bbox 126 1341 160 1388; x_wconf 81' lang='lat' dir='ltr'><strong>est</strong></span> <span class='ocrx_word' id='word_1_89' title='bbox 173 1336 197 1387; x_wconf 92' lang='lat' dir='ltr'><strong>in</strong></span> <span class='ocrx_word' id='word_1_90' title='bbox 207 1336 375 1387; x_wconf 84' lang='lat' dir='ltr'><strong>innocentibus.</strong></span> 
     </span>
    </p>

    <p class='ocr_par' dir='ltr' id='par_1_7' title="bbox 126 1406 927 1615">
     <span class='ocr_line' id='line_1_15' title="bbox 157 1406 927 1473; baseline -0.001 -16"><span class='ocrx_word' id='word_1_91' title='bbox 157 1408 203 1459; x_wconf 83' lang='lat' dir='ltr'><strong>Sed</strong></span> <span class='ocrx_word' id='word_1_92' title='bbox 214 1412 308 1469; x_wconf 84' lang='lat' dir='ltr'><strong>contra,</strong></span> <span class='ocrx_word' id='word_1_93' title='bbox 323 1420 403 1458; x_wconf 87' lang='lat' dir='ltr'><strong>omncs</strong></span> <span class='ocrx_word' id='word_1_94' title='bbox 418 1408 514 1459; x_wconf 84' lang='lat' dir='ltr'><strong>virtutes</strong></span> <span class='ocrx_word' id='word_1_95' title='bbox 528 1406 595 1459; x_wconf 89' lang='lat' dir='ltr'><strong>simul</strong></span> <span class='ocrx_word' id='word_1_96' title='bbox 617 1407 784 1459; x_wconf 84' lang='lat' dir='ltr'><strong>intunduntur.</strong></span> <span class='ocrx_word' id='word_1_97' title='bbox 801 1410 849 1460; x_wconf 83' lang='lat' dir='ltr'><strong>Sed</strong></span> <span class='ocrx_word' id='word_1_98' title='bbox 867 1408 927 1473; x_wconf 83' lang='lat' dir='ltr'><strong>pori-</strong></span> 
     </span>
     <span class='ocr_line' id='line_1_16' title="bbox 126 1478 925 1543; baseline -0.001 -13"><span class='ocrx_word' id='word_1_99' title='bbox 126 1479 201 1530; x_wconf 87' lang='lat' dir='ltr'><strong>tentin</strong></span> <span class='ocrx_word' id='word_1_100' title='bbox 220 1482 255 1529; x_wconf 83' lang='lat' dir='ltr'><strong>est</strong></span> <span class='ocrx_word' id='word_1_101' title='bbox 267 1478 350 1529; x_wconf 85' lang='lat' dir='ltr'><strong>virtus.</strong></span> <span class='ocrx_word' id='word_1_102' title='bbox 370 1478 426 1529; x_wconf 83' lang='lat' dir='ltr'><strong>cun</strong></span> <span class='ocrx_word' id='word_1_103' title='bbox 440 1490 494 1543; x_wconf 85' lang='lat' dir='ltr'><strong>ergo</strong></span> <span class='ocrx_word' id='word_1_104' title='bbox 507 1479 531 1528; x_wconf 93' lang='lat' dir='ltr'><strong>in</strong></span> <span class='ocrx_word' id='word_1_105' title='bbox 547 1478 659 1542; x_wconf 83' lang='lat' dir='ltr'><strong>baptismo</strong></span> <span class='ocrx_word' id='word_1_106' title='bbox 675 1478 849 1530; x_wconf 85' lang='lat' dir='ltr'><strong>innocentibus</strong></span> <span class='ocrx_word' id='word_1_107' title='bbox 863 1480 925 1530; x_wconf 87' lang='lat' dir='ltr'><strong>intur·</strong></span> 
     </span>
     <span class='ocr_line' id='line_1_17' title="bbox 128 1549 871 1615; baseline 0.001 -13"><span class='ocrx_word' id='word_1_108' title='bbox 128 1552 210 1602; x_wconf 86' lang='lat' dir='ltr'><strong>dentur</strong></span> <span class='ocrx_word' id='word_1_109' title='bbox 224 1551 275 1602; x_wconf 80' lang='lat' dir='ltr'><strong>atie</strong></span> <span class='ocrx_word' id='word_1_110' title='bbox 288 1551 385 1601; x_wconf 78' lang='lat' dir='ltr'><strong>uirtutes</strong></span> <span class='ocrx_word' id='word_1_111' title='bbox 400 1549 445 1615; x_wconf 85' lang='lat'>(1),</span> <span class='ocrx_word' id='word_1_112' title='bbox 457 1550 585 1601; x_wconf 82' lang='lat' dir='ltr'><strong>infunditur</strong></span> <span class='ocrx_word' id='word_1_113' title='bbox 599 1550 667 1600; x_wconf 81' lang='lat' dir='ltr'><strong>etiem</strong></span> <span class='ocrx_word' id='word_1_114' title='bbox 680 1554 703 1601; x_wconf 89' lang='lat' dir='ltr'><strong>et</strong></span> <span class='ocrx_word' id='word_1_115' title='bbox 713 1551 871 1614; x_wconf 73' lang='lat' dir='ltr'><strong>poenitentia.</strong></span> 
     </span>
    </p>
   </div>
   <div class='ocr_carea' id='block_1_5' title="bbox 159 1619 924 1687">
    <p class='ocr_par' dir='ltr' id='par_1_8' title="bbox 159 1619 924 1687">
     <span class='ocr_line' id='line_1_18' title="bbox 159 1619 924 1687; baseline -0.001 -15"><span class='ocrx_word' id='word_1_116' title='bbox 159 1622 284 1685; x_wconf 79' lang='lat' dir='ltr'><strong>Proterca,</strong></span> <span class='ocrx_word' id='word_1_117' title='bbox 293 1622 331 1672; x_wconf 90' lang='lat' dir='ltr'><strong>ille</strong></span> <span class='ocrx_word' id='word_1_118' title='bbox 339 1622 379 1685; x_wconf 92' lang='lat' dir='ltr'><strong>qui</strong></span> <span class='ocrx_word' id='word_1_119' title='bbox 389 1621 504 1686; x_wconf 78' lang='lat' dir='ltr'><strong>nunqubrn</strong></span> <span class='ocrx_word' id='word_1_120' title='bbox 514 1620 557 1671; x_wconf 87' lang='lat' dir='ltr'><strong>fuit</strong></span> <span class='ocrx_word' id='word_1_121' title='bbox 567 1619 669 1673; x_wconf 83' lang='lat' dir='ltr'><strong>infirmus</strong></span> <span class='ocrx_word' id='word_1_122' title='bbox 681 1622 848 1687; x_wconf 83' lang='lat' dir='ltr'><strong>corporaliter,</strong></span> <span class='ocrx_word' id='word_1_123' title='bbox 860 1622 924 1674; x_wconf 79' lang='lat' dir='ltr'><strong>dictu</strong></span> 
     </span>
    </p>
   </div>
   <div class='ocr_carea' id='block_1_6' title="bbox 128 1782 926 2836">
    <p class='ocr_par' dir='ltr' id='par_1_9' title="bbox 128 1782 926 2836">
     <span class='ocr_line' id='line_1_19' title="bbox 163 1782 924 1846; baseline -0.001 -16"><span class='ocrx_word' id='word_1_124' title='bbox 163 1782 195 1846; x_wconf 84' lang='lat' dir='ltr'><strong>(i)</strong></span> <span class='ocrx_word' id='word_1_125' title='bbox 210 1787 241 1831; x_wconf 86' lang='lat' dir='ltr'><strong>Ut</strong></span> <span class='ocrx_word' id='word_1_126' title='bbox 256 1789 374 1830; x_wconf 83' lang='lat' dir='ltr'><strong>ostensum</strong></span> <span class='ocrx_word' id='word_1_127' title='bbox 388 1789 424 1829; x_wconf 86' lang='lat' dir='ltr'><strong>est</strong></span> <span class='ocrx_word' id='word_1_128' title='bbox 436 1796 466 1828; x_wconf 84' lang='lat' dir='ltr'><strong>ex</strong></span> <span class='ocrx_word' id='word_1_129' title='bbox 480 1782 586 1841; x_wconf 80' lang='lat' dir='ltr'><strong>professo</strong></span> <span class='ocrx_word' id='word_1_130' title='bbox 601 1783 634 1827; x_wconf 88' lang='grc' dir='ltr'><strong>ΙΙΙ</strong></span> <span class='ocrx_word' id='word_1_131' title='bbox 646 1788 719 1839; x_wconf 71' lang='lat' dir='ltr'><strong>pert„</strong></span> <span class='ocrx_word' id='word_1_132' title='bbox 737 1796 780 1841; x_wconf 72' lang='lat' dir='ltr'><strong>qur.</strong></span> <span class='ocrx_word' id='word_1_133' title='bbox 798 1785 843 1844; x_wconf 77' lang='lat'><strong>69,</strong></span> <span class='ocrx_word' id='word_1_134' title='bbox 856 1792 896 1832; x_wconf 75' lang='lat' dir='ltr'><strong>nrt</strong></span> <span class='ocrx_word' id='word_1_135' title='bbox 907 1784 924 1843; x_wconf 83' lang='lat' dir='ltr'><strong>t,</strong></span> 
     </span>
     <span class='ocr_line' id='line_1_20' title="bbox 130 1844 925 1906; baseline -0.001 -13"><span class='ocrx_word' id='word_1_136' title='bbox 130 1852 154 1893; x_wconf 86' lang='lat' dir='ltr'><strong>et</strong></span> <span class='ocrx_word' id='word_1_137' title='bbox 176 1848 275 1893; x_wconf 77' lang='lat' dir='ltr'><strong>babetur</strong></span> <span class='ocrx_word' id='word_1_138' title='bbox 295 1848 319 1891; x_wconf 91' lang='lat' dir='ltr'><strong>in</strong></span> <span class='ocrx_word' id='word_1_139' title='bbox 338 1847 481 1891; x_wconf 76' lang='lat' dir='ltr'><strong>clementina</strong></span> <span class='ocrx_word' id='word_1_140' title='bbox 502 1845 576 1891; x_wconf 79' lang='lat' dir='ltr'><strong>Fidei</strong></span> <span class='ocrx_word' id='word_1_141' title='bbox 598 1844 769 1906; x_wconf 77' lang='lat' dir='ltr'><strong>eatbote&#39;ooe,§</strong></span> <span class='ocrx_word' id='word_1_142' title='bbox 789 1848 925 1897; x_wconf 65' lang='lat' dir='ltr'><strong>Vernmr</strong></span> 
     </span>
     <span class='ocr_line' id='line_1_21' title="bbox 128 1908 926 1969; baseline -0.001 -13"><span class='ocrx_word' id='word_1_143' title='bbox 128 1911 228 1956; x_wconf 83' lang='lat' dir='ltr'><strong>concilio</strong></span> <span class='ocrx_word' id='word_1_144' title='bbox 240 1909 365 1954; x_wconf 84' lang='lat' dir='ltr'><strong>Viennensi</strong></span> <span class='ocrx_word' id='word_1_145' title='bbox 378 1909 422 1953; x_wconf 89' lang='lat' dir='ltr'><strong>sub</strong></span> <span class='ocrx_word' id='word_1_146' title='bbox 435 1908 552 1953; x_wconf 75' lang='lat' dir='ltr'><strong>Clemente</strong></span> <span class='ocrx_word' id='word_1_147' title='bbox 560 1910 591 1963; x_wconf 81' lang='lat' dir='ltr'><strong>V,</strong></span> <span class='ocrx_word' id='word_1_148' title='bbox 603 1908 643 1953; x_wconf 92' lang='lat' dir='ltr'><strong>ubi</strong></span> <span class='ocrx_word' id='word_1_149' title='bbox 657 1908 758 1953; x_wconf 86' lang='lat' dir='ltr'><strong>dicitur:</strong></span> <span class='ocrx_word' id='word_1_150' title='bbox 772 1910 845 1965; x_wconf 72' lang='lat' dir='ltr'><strong>Quia</strong></span> <span class='ocrx_word' id='word_1_151' title='bbox 858 1924 926 1969; x_wconf 76' lang='lat' dir='ltr'><strong>oeen-</strong></span> 
     </span>
     <span class='ocr_line' id='line_1_22' title="bbox 129 1970 926 2029; baseline 0.005 -13"><span class='ocrx_word' id='word_1_152' title='bbox 129 1974 181 2016; x_wconf 84' lang='lat' dir='ltr'><strong>tiem</strong></span> <span class='ocrx_word' id='word_1_153' title='bbox 194 1972 226 2017; x_wconf 84' lang='lat' dir='ltr'><strong>od</strong></span> <span class='ocrx_word' id='word_1_154' title='bbox 237 1971 344 2029; x_wconf 71' lang='lat' dir='ltr'><strong>effectum</strong></span> <span class='ocrx_word' id='word_1_155' title='bbox 354 1970 468 2028; x_wconf 74' lang='lat' dir='ltr'><strong>baptismi</strong></span> <span class='ocrx_word' id='word_1_156' title='bbox 474 1971 504 2015; x_wconf 80' lang='lat' dir='ltr'><strong>in</strong></span> <span class='ocrx_word' id='word_1_157' title='bbox 514 1970 631 2029; x_wconf 77' lang='lat' dir='ltr'><strong>parvolis</strong></span> <span class='ocrx_word' id='word_1_158' title='bbox 643 1972 817 2028; x_wconf 79' lang='lat' dir='ltr'><strong>reperirentur</strong></span> <span class='ocrx_word' id='word_1_159' title='bbox 827 1974 926 2020; x_wconf 74' lang='lat' dir='ltr'><strong>Doctores</strong></span> 
     </span>
     <span class='ocr_line' id='line_1_23' title="bbox 129 2032 925 2095; baseline 0.005 -17"><span class='ocrx_word' id='word_1_160' title='bbox 129 2034 231 2090; x_wconf 79' lang='lat' dir='ltr'><strong>qnidam</strong></span> <span class='ocrx_word' id='word_1_161' title='bbox 248 2034 360 2089; x_wconf 74' lang='lat' dir='ltr'><strong>Tbeotoqr&#39;</strong></span> <span class='ocrx_word' id='word_1_162' title='bbox 380 2036 518 2078; x_wconf 78' lang='lat' dir='ltr'><strong>contrariae</strong></span> <span class='ocrx_word' id='word_1_163' title='bbox 536 2032 662 2091; x_wconf 73' lang='lat' dir='ltr'><strong>opiniones</strong></span> <span class='ocrx_word' id='word_1_164' title='bbox 680 2032 819 2081; x_wconf 68' lang='lat' dir='ltr'><strong>boteene:</strong></span> <span class='ocrx_word' id='word_1_165' title='bbox 837 2037 925 2095; x_wconf 67' lang='lat' dir='ltr'><strong>ouibu-</strong></span> 
     </span>
     <span class='ocr_line' id='line_1_24' title="bbox 131 2094 925 2157; baseline 0.008 -18"><span class='ocrx_word' id='word_1_166' title='bbox 131 2095 187 2140; x_wconf 81' lang='lat' dir='ltr'><strong>dom</strong></span> <span class='ocrx_word' id='word_1_167' title='bbox 211 2094 347 2141; x_wconf 78' lang='lat' dir='ltr'><strong>dicentibus</strong></span> <span class='ocrx_word' id='word_1_168' title='bbox 367 2108 412 2151; x_wconf 81' lang='lat' dir='ltr'><strong>per</strong></span> <span class='ocrx_word' id='word_1_169' title='bbox 430 2097 546 2140; x_wconf 79' lang='lat' dir='ltr'><strong>virtutem</strong></span> <span class='ocrx_word' id='word_1_170' title='bbox 569 2094 682 2152; x_wconf 74' lang='lat' dir='ltr'><strong>baptismi</strong></span> <span class='ocrx_word' id='word_1_171' title='bbox 703 2098 825 2153; x_wconf 67' lang='lat' dir='ltr'><strong>penulis</strong></span> <span class='ocrx_word' id='word_1_172' title='bbox 841 2100 925 2157; x_wconf 72' lang='lat' dir='ltr'><strong>quites</strong></span> 
     </span>
     <span class='ocr_line' id='line_1_25' title="bbox 129 2158 925 2218; baseline 0.004 -16"><span class='ocrx_word' id='word_1_173' title='bbox 129 2158 230 2215; x_wconf 75' lang='lat' dir='ltr'><strong>entpam</strong></span> <span class='ocrx_word' id='word_1_174' title='bbox 241 2158 349 2207; x_wconf 76' lang='lat' dir='ltr'><strong>remitti,</strong></span> <span class='ocrx_word' id='word_1_175' title='bbox 362 2158 404 2202; x_wconf 81' lang='lat' dir='ltr'><strong>eea</strong></span> <span class='ocrx_word' id='word_1_176' title='bbox 416 2159 524 2215; x_wconf 66' lang='lat' dir='ltr'><strong>crottam</strong></span> <span class='ocrx_word' id='word_1_177' title='bbox 537 2168 588 2203; x_wconf 85' lang='lat' dir='ltr'><strong>non</strong></span> <span class='ocrx_word' id='word_1_178' title='bbox 608 2159 734 2218; x_wconf 65' lang='lat' dir='ltr'><strong>consent,-</strong></span> <span class='ocrx_word' id='word_1_179' title='bbox 748 2160 813 2205; x_wconf 81' lang='lat' dir='ltr'><strong>ate&#39;e&#39;e</strong></span> <span class='ocrx_word' id='word_1_180' title='bbox 832 2166 925 2207; x_wconf 71' lang='lat' dir='ltr'><strong>anea·</strong></span> 
     </span>
     <span class='ocr_line' id='line_1_26' title="bbox 131 2220 925 2282; baseline 0.006 -18"><span class='ocrx_word' id='word_1_181' title='bbox 131 2222 257 2265; x_wconf 79' lang='lat' dir='ltr'><strong>contrario</strong></span> <span class='ocrx_word' id='word_1_182' title='bbox 274 2220 434 2266; x_wconf 73' lang='lat' dir='ltr'><strong>moerentibus</strong></span> <span class='ocrx_word' id='word_1_183' title='bbox 453 2220 518 2277; x_wconf 76' lang='lat' dir='ltr'><strong>qaod</strong></span> <span class='ocrx_word' id='word_1_184' title='bbox 533 2225 554 2265; x_wconf 85' lang='lat' dir='ltr'><strong>et</strong></span> <span class='ocrx_word' id='word_1_185' title='bbox 567 2220 641 2278; x_wconf 78' lang='lat' dir='ltr'><strong>calpa</strong></span> <span class='ocrx_word' id='word_1_186' title='bbox 657 2220 747 2267; x_wconf 75' lang='lat' dir='ltr'><strong>eisdem</strong></span> <span class='ocrx_word' id='word_1_187' title='bbox 767 2224 799 2267; x_wconf 64' lang='grc' dir='ltr'><strong>ἐκ</strong></span> <span class='ocrx_word' id='word_1_188' title='bbox 821 2223 925 2282; x_wconf 65' lang='lat' dir='ltr'><strong>mutim</strong></span> 
     </span>
     <span class='ocr_line' id='line_1_27' title="bbox 129 2283 924 2341; baseline 0.003 -14"><span class='ocrx_word' id='word_1_189' title='bbox 129 2283 276 2333; x_wconf 82' lang='lat' dir='ltr'><strong>remittitur,</strong></span> <span class='ocrx_word' id='word_1_190' title='bbox 286 2287 307 2328; x_wconf 91' lang='lat' dir='ltr'><strong>et</strong></span> <span class='ocrx_word' id='word_1_191' title='bbox 320 2284 422 2328; x_wconf 77' lang='lat' dir='ltr'><strong>virtutes</strong></span> <span class='ocrx_word' id='word_1_192' title='bbox 436 2295 464 2327; x_wconf 87' lang='lat' dir='ltr'><strong>ae</strong></span> <span class='ocrx_word' id='word_1_193' title='bbox 477 2284 616 2341; x_wconf 72' lang='lat' dir='ltr'><strong>informans</strong></span> <span class='ocrx_word' id='word_1_194' title='bbox 632 2285 715 2341; x_wconf 78' lang='lat' dir='ltr'><strong>oratio</strong></span> <span class='ocrx_word' id='word_1_195' title='bbox 728 2286 811 2341; x_wconf 79' lang='lat' dir='ltr'><strong>qnoact</strong></span> <span class='ocrx_word' id='word_1_196' title='bbox 826 2287 924 2333; x_wconf 69' lang='lat' dir='ltr'><strong>babitu</strong></span> 
     </span>
     <span class='ocr_line' id='line_1_28' title="bbox 129 2344 924 2404; baseline 0.008 -17"><span class='ocrx_word' id='word_1_197' title='bbox 129 2344 314 2404; x_wconf 69' lang='lat' dir='ltr'><strong>infunduntur,</strong></span> <span class='ocrx_word' id='word_1_198' title='bbox 329 2346 373 2389; x_wconf 80' lang='lat' dir='ltr'><strong>etei</strong></span> <span class='ocrx_word' id='word_1_199' title='bbox 392 2358 442 2389; x_wconf 89' lang='lat' dir='ltr'><strong>non</strong></span> <span class='ocrx_word' id='word_1_200' title='bbox 452 2358 501 2403; x_wconf 78' lang='lat' dir='ltr'><strong>pro</strong></span> <span class='ocrx_word' id='word_1_201' title='bbox 513 2346 557 2390; x_wconf 85' lang='lat' dir='ltr'><strong>e&#39;tto</strong></span> <span class='ocrx_word' id='word_1_202' title='bbox 571 2350 675 2403; x_wconf 80' lang='lat' dir='ltr'><strong>tempore</strong></span> <span class='ocrx_word' id='word_1_203' title='bbox 690 2346 772 2403; x_wconf 69' lang='lat' dir='ltr'><strong>quoad</strong></span> <span class='ocrx_word' id='word_1_204' title='bbox 787 2360 881 2393; x_wconf 75' lang='lat' dir='ltr'><strong>neum.-</strong></span> <span class='ocrx_word' id='word_1_205' title='bbox 892 2361 924 2393; x_wconf 83' lang='lat' dir='ltr'><strong>eree</strong></span> 
     </span>
     <span class='ocr_line' id='line_1_29' title="bbox 129 2407 924 2469; baseline 0.008 -18"><span class='ocrx_word' id='word_1_206' title='bbox 129 2407 275 2456; x_wconf 79' lang='lat' dir='ltr'><strong>atteneemn</strong></span> <span class='ocrx_word' id='word_1_207' title='bbox 294 2408 430 2465; x_wconf 70' lang='lat' dir='ltr'><strong>neutralem</strong></span> <span class='ocrx_word' id='word_1_208' title='bbox 447 2409 577 2467; x_wconf 73' lang='lat' dir='ltr'><strong>efficacium</strong></span> <span class='ocrx_word' id='word_1_209' title='bbox 594 2408 680 2453; x_wconf 81' lang='lat' dir='ltr'><strong>m-crte‘e</strong></span> <span class='ocrx_word' id='word_1_210' title='bbox 697 2408 794 2456; x_wconf 78' lang='lat' dir='ltr'><strong>Cbre&#39;ett</strong></span> <span class='ocrx_word' id='word_1_211' title='bbox 816 2424 870 2468; x_wconf 74' lang='lat' dir='ltr'><strong>aren</strong></span> <span class='ocrx_word' id='word_1_212' title='bbox 889 2424 924 2469; x_wconf 78' lang='lat' dir='ltr'><strong>per</strong></span> 
     </span>
     <span class='ocr_line' id='line_1_30' title="bbox 129 2467 924 2530; baseline 0.006 -17"><span class='ocrx_word' id='word_1_213' title='bbox 129 2467 275 2527; x_wconf 75' lang='lat' dir='ltr'><strong>baptismam</strong></span> <span class='ocrx_word' id='word_1_214' title='bbox 288 2470 431 2527; x_wconf 77' lang='lat' dir='ltr'><strong>applicetur</strong></span> <span class='ocrx_word' id='word_1_215' title='bbox 448 2470 560 2515; x_wconf 75' lang='lat' dir='ltr'><strong>omnibus</strong></span> <span class='ocrx_word' id='word_1_216' title='bbox 579 2469 725 2527; x_wconf 74' lang='lat' dir='ltr'><strong>baptizatio,</strong></span> <span class='ocrx_word' id='word_1_217' title='bbox 740 2474 886 2530; x_wconf 74' lang='lat' dir='ltr'><strong>opinionem</strong></span> <span class='ocrx_word' id='word_1_218' title='bbox 897 2486 924 2518; x_wconf 87' lang='lat' dir='ltr'><strong>n·</strong></span> 
     </span>
     <span class='ocr_line' id='line_1_31' title="bbox 130 2532 922 2595; baseline 0.006 -20"><span class='ocrx_word' id='word_1_219' title='bbox 130 2532 248 2584; x_wconf 76' lang='lat' dir='ltr'><strong>eandem,</strong></span> <span class='ocrx_word' id='word_1_220' title='bbox 260 2544 313 2589; x_wconf 76' lang='lat' dir='ltr'><strong>qao</strong></span> <span class='ocrx_word' id='word_1_221' title='bbox 328 2532 389 2576; x_wconf 80' lang='lat' dir='ltr'><strong>dicit</strong></span> <span class='ocrx_word' id='word_1_222' title='bbox 399 2538 448 2577; x_wconf 88' lang='lat' dir='ltr'><strong>tam</strong></span> <span class='ocrx_word' id='word_1_223' title='bbox 456 2534 571 2591; x_wconf 78' lang='lat' dir='ltr'><strong>parentis</strong></span> <span class='ocrx_word' id='word_1_224' title='bbox 584 2534 657 2589; x_wconf 79' lang='lat' dir='ltr'><strong>qaam</strong></span> <span class='ocrx_word' id='word_1_225' title='bbox 669 2533 763 2579; x_wconf 84' lang='lat' dir='ltr'><strong>adattie</strong></span> <span class='ocrx_word' id='word_1_226' title='bbox 778 2534 922 2595; x_wconf 72' lang='lat' dir='ltr'><strong>conferrit·</strong></span> 
     </span>
     <span class='ocr_line' id='line_1_32' title="bbox 130 2591 925 2657; baseline 0.009 -20"><span class='ocrx_word' id='word_1_227' title='bbox 130 2591 246 2650; x_wconf 77' lang='lat' dir='ltr'><strong>baptismo</strong></span> <span class='ocrx_word' id='word_1_228' title='bbox 264 2594 439 2654; x_wconf 72' lang='lat' dir='ltr'><strong>informantem</strong></span> <span class='ocrx_word' id='word_1_229' title='bbox 457 2597 565 2653; x_wconf 74' lang='lat' dir='ltr'><strong>qratiam</strong></span> <span class='ocrx_word' id='word_1_230' title='bbox 582 2600 604 2641; x_wconf 90' lang='lat' dir='ltr'><strong>et</strong></span> <span class='ocrx_word' id='word_1_231' title='bbox 619 2597 733 2645; x_wconf 82' lang='lat' dir='ltr'><strong>oirteetee.</strong></span> <span class='ocrx_word' id='word_1_232' title='bbox 746 2600 864 2655; x_wconf 74' lang='lat' dir='ltr'><strong>tanquam</strong></span> <span class='ocrx_word' id='word_1_233' title='bbox 874 2611 925 2657; x_wconf 77' lang='lat' dir='ltr'><strong>pra</strong></span> 
     </span>
     <span class='ocr_line' id='line_1_33' title="bbox 130 2651 924 2705; baseline 0.01 -8"><span class='ocrx_word' id='word_1_234' title='bbox 130 2651 271 2699; x_wconf 72' lang='lat' dir='ltr'><strong>habitionem</strong></span> <span class='ocrx_word' id='word_1_235' title='bbox 285 2658 306 2699; x_wconf 88' lang='lat' dir='ltr'><strong>et</strong></span> <span class='ocrx_word' id='word_1_236' title='bbox 319 2654 392 2701; x_wconf 72' lang='lat' dir='ltr'><strong>dietis</strong></span> <span class='ocrx_word' id='word_1_237' title='bbox 404 2656 549 2702; x_wconf 72' lang='lat' dir='ltr'><strong>Sanctorum</strong></span> <span class='ocrx_word' id='word_1_238' title='bbox 564 2670 591 2701; x_wconf 89' lang='lat' dir='ltr'><strong>nc</strong></span> <span class='ocrx_word' id='word_1_239' title='bbox 608 2656 739 2703; x_wconf 80' lang='lat' dir='ltr'><strong>Doctorum</strong></span> <span class='ocrx_word' id='word_1_240' title='bbox 754 2658 924 2705; x_wconf 70' lang='lat' dir='ltr'><strong>modernorum</strong></span> 
     </span>
     <span class='ocr_line' id='line_1_34' title="bbox 133 2714 923 2779; baseline 0.01 -22"><span class='ocrx_word' id='word_1_241' title='bbox 133 2714 266 2774; x_wconf 72' lang='lat' dir='ltr'><strong>Tbeotoue&#39;ce</strong></span> <span class='ocrx_word' id='word_1_242' title='bbox 280 2718 357 2773; x_wconf 70' lang='lat' dir='ltr'><strong>monte</strong></span> <span class='ocrx_word' id='word_1_243' title='bbox 371 2730 499 2763; x_wconf 79' lang='lat' dir='ltr'><strong>consonam</strong></span> <span class='ocrx_word' id='word_1_244' title='bbox 508 2724 530 2764; x_wconf 89' lang='lat' dir='ltr'><strong>et</strong></span> <span class='ocrx_word' id='word_1_245' title='bbox 543 2720 693 2767; x_wconf 81' lang='lat' dir='ltr'><strong>concordem,</strong></span> <span class='ocrx_word' id='word_1_246' title='bbox 700 2732 771 2765; x_wconf 79' lang='lat' dir='ltr'><strong>sacro</strong></span> <span class='ocrx_word' id='word_1_247' title='bbox 783 2722 923 2779; x_wconf 76' lang='lat' dir='ltr'><strong>approbante</strong></span> 
     </span>
     <span class='ocr_line' id='line_1_35' title="bbox 130 2774 922 2836; baseline 0.011 -17"><span class='ocrx_word' id='word_1_248' title='bbox 130 2774 387 2827; x_wconf 61' lang='lat' dir='ltr'><strong>omnitenentem</strong></span> <span class='ocrx_word' id='word_1_249' title='bbox 400 2780 544 2836; x_wconf 72' lang='lat' dir='ltr'><strong>etiuenoam.</strong></span> <span class='ocrx_word' id='word_1_250' title='bbox 560 2783 610 2825; x_wconf 86' lang='lat' dir='ltr'><strong>Hoc</strong></span> <span class='ocrx_word' id='word_1_251' title='bbox 628 2787 703 2825; x_wconf 83' lang='lat' dir='ltr'><strong>nutem</strong></span> <span class='ocrx_word' id='word_1_252' title='bbox 723 2783 767 2826; x_wconf 81' lang='lat' dir='ltr'><strong>sub</strong></span> <span class='ocrx_word' id='word_1_253' title='bbox 780 2782 852 2828; x_wconf 87' lang='lat' dir='ltr'><strong>dubio</strong></span> <span class='ocrx_word' id='word_1_254' title='bbox 861 2791 922 2828; x_wconf 78' lang='lat' dir='ltr'><strong>entre</strong></span> 
     </span>
    </p>
   </div>
   <div class='ocr_carea' id='block_1_7' title="bbox 125 2836 921 2955">
    <p class='ocr_par' dir='ltr' id='par_1_10' title="bbox 125 2836 921 2955">
     <span class='ocr_line' id='line_1_36' title="bbox 125 2836 921 2943; baseline 0.009 -62"><span class='ocrx_word' id='word_1_255' title='bbox 125 2836 253 2943; x_wconf 54' lang='lat' dir='ltr'><strong>Ecoltguernt</strong></span> <span class='ocrx_word' id='word_1_256' title='bbox 266 2841 414 2887; x_wconf 83' lang='lat' dir='ltr'><strong>Innocentius</strong></span> <span class='ocrx_word' id='word_1_257' title='bbox 426 2842 460 2885; x_wconf 82' lang='lat' dir='ltr'><strong>ur</strong></span> <span class='ocrx_word' id='word_1_258' title='bbox 469 2848 508 2899; x_wconf 84' lang='lat' dir='ltr'><strong>‚ut</strong></span> <span class='ocrx_word' id='word_1_259' title='bbox 522 2854 574 2899; x_wconf 84' lang='lat' dir='ltr'><strong>cop.</strong></span> <span class='ocrx_word' id='word_1_260' title='bbox 590 2844 693 2899; x_wconf 84' lang='lat' dir='ltr'><strong>itajoree</strong></span> <span class='ocrx_word' id='word_1_261' title='bbox 706 2842 783 2889; x_wconf 85' lang='lat' dir='ltr'><strong>videre</strong></span> <span class='ocrx_word' id='word_1_262' title='bbox 798 2851 849 2903; x_wconf 87' lang='lat' dir='ltr'><strong>est,</strong></span> <span class='ocrx_word' id='word_1_263' title='bbox 859 2848 921 2891; x_wconf 67' lang='lat' dir='ltr'><strong>extre</strong></span> 
     </span>
     <span class='ocr_line' id='line_1_37' title="bbox 187 2912 294 2955; baseline 0.037 -12"><span class='ocrx_word' id='word_1_264' title='bbox 187 2912 215 2955; x_wconf 82' lang='lat' dir='ltr'><strong>op</strong></span> <span class='ocrx_word' id='word_1_265' title='bbox 226 2912 294 2947; x_wconf 85' lang='lat' dir='ltr'><strong>remo.</strong></span> 
     </span>
    </p>
   </div>
   <div class='ocr_carea' id='block_1_8' title="bbox 0 0 979 3284">
    <p class='ocr_par' dir='ltr' id='par_1_11' title="bbox 0 0 979 3284">
     <span class='ocr_line' id='line_1_38' title="bbox 0 0 979 3284; baseline 0 0"><span class='ocrx_word' id='word_1_266' title='bbox 0 0 979 3284; x_wconf 95' lang='lat' dir='ltr'><strong> </strong></span> 
     </span>
    </p>
   </div>
  </div>
 </body>
</html>
