1942 3284
119 188 165 236 216
310 201 368 238 rans
384 203 423 250 ιιι,
438 192 533 244 ounsr.
551 193 629 252 tixrr,
643 203 698 239 ιιιτ.
713 196 741 239 rt.

116 276 244 340 61666666
261 275 456 339 iterantibus,
473 278 553 328 velex
572 277 750 341 quibuscumque
770 277 821 328 aliis
841 279 910 329 relus.

117 347 168 396 Non
182 359 235 409 ergo
251 347 324 396 solum
338 347 412 396 oleum
430 345 541 408 olivarum
556 349 625 398 dehet
641 349 726 398 assumi
741 349 770 398 66
789 348 912 413 hujusmodi

116 421 290 466 sacramentum.

149 490 172 536 t.
185 489 313 549 Praeterea,
326 488 394 552 supri
408 488 541 540 dictumest
555 491 604 554 (66.
618 494 664 551 66,
677 493 720 538 art.
735 490 771 553 3),
786 491 849 554 6666
863 503 913 554 aqua
950 487 953 517 ³

119 559 241 608 assumitur
258 563 284 608 ut
301 561 394 609 materia
410 561 438 609 66
457 561 636 624 baptizandam,
654 562 707 624 quia
719 561 803 625 uirique
816 564 846 612 66
860 561 912 612 lacili

118 628 239 679 inuenitur.
255 631 301 681 Sed
313 631 387 681 oleum
399 629 510 680 olivarum
525 645 571 682 nou
587 632 804 696 ubiqueinueuitor,
815 632 912 684 etmulti

85 701 95 722 ⁸
118 698 196 750 minius
211 700 345 751 balsamum.
360 702 410 751 Nou
426 714 480 765 ergo
494 702 601 764 chrisma,
614 703 673 766 6666
687 716 716 752 ex
735 703 771 753 his
786 703 912 761 conficitur,
950 730 958 763 ,t

119 772 154 818 est
170 773 311 822 conveniens
330 772 424 822 materia
438 773 508 836 hujus
526 774 671 826 sacramenti.

150 845 196 896 Sed
208 849 286 895 contra
298 848 347 908 est,
356 845 417 908 6666
429 845 551 908 Gregorius
565 845 620 896 dicit
632 845 657 894 iu
670 847 786 908 Repietro
801 863 810 896 .·
826 863 841 894 ιι
856 848 914 895 Pras·

118 916 194 980 hylari
214 917 339 980 baptizatos
359 917 458 966 inientes
478 917 568 980 signare
593 918 616 966 iu
639 916 749 967 frontibus
769 930 837 968 sacro
853 917 914 966 chris·

119 993 181 1038 mate
195 1001 240 1037 non
254 991 399 1052 presumant.
418 1004 432 1035 u
453 989 513 1052 Ergo
527 989 624 1040 chrisma
643 991 681 1038 est
691 989 787 1039 materia
801 991 872 1053 hujus
884 1001 913 1037 sa·

120 1061 239 1111 crementi.

153 1130 421 1197 (Concessum—cm
435 1145 477 1196 per
492 1132 566 1182 oleum
582 1131 724 1194 significetur
737 1131 840 1194 Spiritus
850 1128 915 1179 sanci

119 1204 251 1266 plenitudo,
263 1217 314 1266 666
323 1203 347 1252 iu
357 1203 526 1254 confirmatione
536 1204 564 1253 66
574 1204 641 1254 rohur
649 1203 772 1264 confertur,
782 1202 914 1252 conueniens

119 1276 189 1338 hujus
203 1274 337 1324 sacramenti
352 1275 448 1324 materia
458 1279 496 1324 est
511 1275 604 1336 oleum,
618 1274 718 1324 balsamo
731 1279 828 1337 propter
848 1274 915 1324 odoris

118 1347 263 1409 fragrantiam
284 1345 403 1405 mixtum.)

150 1417 287 1480 Respondeo
298 1417 427 1478 dicendum,
441 1415 503 1480 6666
513 1417 611 1468 chrisma
624 1421 660 1468 est
669 1417 811 1468 conueniens
829 1415 915 1466 materia

119 1489 189 1552 hujus
203 1487 345 1538 sacramenti.
359 1487 422 1536 Sicut
433 1489 496 1538 euim
508 1489 591 1538 dictum
607 1493 641 1538 est
654 1488 770 1552 (6661),
785 1489 811 1538 in
827 1491 872 1538 hoc
884 1499 915 1537 sa·

119 1566 235 1611 eramento
249 1562 315 1611 datur
327 1558 444 1623 plenitudo
456 1559 555 1623 Spiritus
572 1561 645 1610 sancti
664 1561 691 1610 66
707 1561 776 1610 rohur
793 1560 913 1625 spirituale,

120 1634 180 1696 6666
195 1631 303 1696 competit
313 1632 419 1698 perfecte
430 1633 500 1682 etati.
514 1633 586 1682 Homo
600 1637 677 1681 autem
688 1630 741 1681 cium
754 1633 783 1682 ad
798 1634 915 1696 perlectam
958 1685 959 1694 ¹

120 1707 211 1755 etatem
228 1703 373 1767 pervenerit,
393 1703 473 1766 incipit
491 1703 539 1770 jem
563 1703 728 1753 communicare
746 1703 851 1754 actiones
870 1713 916 1752 snas
958 1735 959 1754 ι

121 1775 225 1838 adalios,
241 1775 374 1826 armaverit
388 1775 452 1838 quasi
471 1769 617 1838 siu‘gulariter
634 1774 678 1825 sihi
695 1775 740 1838 ipsi
759 1775 824 1825 uiuit.
847 1773 915 1826 Gratia
958 1829 959 1836 ¹

121 1847 176 1897 terh
189 1847 285 1909 Spiritus
296 1846 368 1896 sancti
380 1847 405 1895 in
421 1847 471 1896 oleo
482 1847 628 1910 designatum
644 1847 705 1896 unde
720 1847 829 1898 Christus
843 1847 916 1898 dicitur
958 1881 959 1890 ,

121 1930 172 1967 esse
190 1923 273 1967 unctas
284 1917 335 1968 oleo
348 1917 446 1980 letitie,
459 1921 553 1981 propter
561 1917 726 1982 plenitudinem
739 1919 842 1982 Spiritus
851 1915 915 1968 macti

121 2000 188 2051 quam
201 1987 295 2051 hahuit;
316 1991 339 2037 et
359 1989 410 2038 ideo
431 1990 507 2038 oleum
525 1989 633 2053 competit
651 1989 752 2038 materie
767 1990 839 2053 hujus
850 1999 916 2038 sacra·

121 2059 202 2109 menti.
228 2060 373 2109 Admiscetur
395 2063 469 2111 antem
493 2060 637 2124 halsamum,
659 2065 751 2125 propter
776 2060 915 2124 fragrantiam

120 2131 204 2193 odoris,
213 2144 264 2194 quae
277 2131 387 2187 redundat
404 2133 431 2181 ad
444 2130 516 2195 alios3
527 2133 587 2184 unde
596 2133 716 2198 Apostolus
726 2132 790 2195 dicit,
800 2133 831 2183 11.
854 2134 914 2184 Cor..

120 2201 140 2250 lt
153 2217 185 2251 :u
199 2203 283 2252 Christi
296 2202 369 2252 honus
382 2204 437 2254 odor
451 2217 531 2254 somus
543 2206 601 2266 heo,
610 2220 624 2252 u
632 2207 676 2254 etc.
689 2205 718 2253 66
728 2203 780 2254 lieet
795 2206 867 2256 matta
878 2202 915 2251 alta

120 2275 167 2326 sint
183 2274 311 2336 odorifera,
330 2278 406 2326 tamen
425 2277 539 2340 precipue
560 2277 670 2342 accipitur
693 2277 819 2327 halsamam
832 2282 916 2342 propter

120 2349 164 2397 troc
180 2346 240 2409 6666
253 2346 323 2395 hahet
336 2347 472 2411 precipuum
491 2349 595 2409 odorem,
611 2351 634 2399 et
647 2349 700 2411 qnia
716 2347 784 2398 etiam
801 2347 916 2409 incorrup-

120 2418 204 2468 tionem
216 2422 318 2482 praestat.
331 2418 395 2469 Unde
409 2419 499 2475 ticeli..
515 2419 585 2470 xxiv
593 2457 602 2484 ,
616 2419 701 2469 dicitur
715 2434 721 2468 :
738 2419 833 2476 «Quasi
849 2419 915 2469 halm-

120 2501 184 2537 mum
203 2501 249 2538 non
267 2489 361 2539 mixtum
378 2491 432 2540 odor
447 2502 545 2541 meus»

151 2558 188 2608 ltu
207 2559 306 2622 primum
324 2572 378 2623 ergo
399 2561 535 2622 dicendum,
557 2562 616 2627 6666
636 2561 737 2613 Christus
761 2575 790 2613 ex
810 2565 913 2628 potestate

120 2631 262 2682 excellentie
275 2645 343 2696 quam
359 2633 428 2684 hahet
441 2633 465 2682 in
481 2634 638 2695 sacramentis,
649 2633 743 2684 contulit
755 2634 863 2698 apostolis
872 2641 913 2681 mm

119 2702 189 2767 hujus
204 2703 379 2767 sacramenti,id
394 2707 430 2754 est
443 2704 607 2768 plenitudinem
619 2705 718 2768 Spiritus
733 2707 808 2755 sancti
823 2708 871 2756 sine
880 2715 912 2752 sa-

120 2780 243 2836 cramento,
252 2790 280 2827 eo
288 2775 349 2839 quid
359 2777 403 2842 ipsi
412 2795 426 2825 6
435 2778 548 2841 primitias
556 2778 654 2842 Spiritus
664 2777 737 2827 sancti
750 2781 912 2844 acceperunt»

122 2846 180 2896 sicut
190 2845 273 2897 dicitur
283 2851 364 2906 llum„
377 2849 433 2899 ttlll.
449 2849 602 2900 Nihilominus
614 2854 689 2899 tamen
704 2849 789 2912 aliquid
805 2851 913 2900 contortae

122 2919 221 2970 66666ιί6
234 2921 303 2983 hujus
318 2923 451 2998 sacramenti
469 2921 593 2971 exhibitum
607 2921 649 2969 luit
663 2921 770 2983 apostolis
784 2919 913 2972 sensibiliter
