1942 3284
256 185 288 221 ιιι
304 182 462 223 sacraturo
477 183 686 224 cuurrrntrtcnrs.
826 179 871 226 m

356 368 515 420 indictitiis
533 369 591 420 v111.

131 495 216 539 Utrum
235 496 276 539 duc
289 497 467 540 sacramentum
481 495 513 539 aii
531 495 640 540 omnibus
651 495 817 542 exhidendum.

105 621 138 670 td
147 624 252 672 οιιιιιιιιι
261 622 295 672 sic
308 622 438 686 proceditur
449 624 490 686 (tt.
505 621 599 672 Videtur
609 621 670 686 qudd
683 623 728 673 hoc
737 635 873 674 cacumen-

78 697 121 742 tum
131 707 179 744 nun
196 694 225 744 sit
235 694 340 745 omnibns
355 694 517 746 exhibendum.
531 695 578 745 lioc
591 695 650 745 enirn
665 699 829 746 aeramentum
843 698 871 748 ed

78 768 193 829 pandam
208 766 365 818 exceltentiam
376 769 454 828 datur,
465 770 492 816 ut
506 766 636 817 dictumest
650 767 702 830 (ert.
714 770 726 816 1
742 771 765 818 et
776 771 809 828 t).
824 767 870 820 Sed

78 837 97 886 id
115 839 176 901 quud
197 839 225 888 ad
244 838 402 888 excellentiam
424 838 537 903 pertinet,
558 850 603 888 non
626 839 734 902 competit
756 839 869 891 erunibus.

78 909 186 972 nguine
195 915 359 961 sacramentum
370 924 416 962 non
430 912 498 961 debet
508 910 612 961 omnihus
626 909 682 958 dari.

105 984 127 1029 2.
143 983 271 1045 Preterea‚
286 996 328 1047 per
346 984 390 1033 hnc
407 985 575 1033 sacramentum
588 985 682 1045 augetur
700 981 781 1045 aliquis
804 982 872 1047 spiri·

78 1054 165 1103 tualiter
177 1053 338 1117 inperfectam
347 1058 444 1105 etatem.
457 1055 502 1105 Sed
513 1055 613 1117 perfecta
623 1057 678 1103 aetas
687 1056 797 1117 repugnat
809 1055 871 1105 etati

78 1125 163 1186 puerili.
178 1125 238 1188 Ergo
254 1126 282 1175 ed
296 1125 374 1175 miuus
387 1125 463 1188 pueris
477 1126 526 1175 dari
541 1139 586 1175 nun
596 1125 672 1175 debet.

106 1200 128 1245 3.
142 1197 264 1257 Praeterea,
276 1196 333 1246 sicut
345 1197 481 1248 melchiades
492 1198 552 1261 Papa
562 1195 673 1262 dicittubi
687 1195 779 1260 suprd),
795 1199 870 1260 upost

80 1267 210 1329 baptismum
224 1268 384 1318 rnudrmamur
396 1270 424 1319 ad
438 1282 546 1333 pugnant.
559 1284 573 1315 ιι
588 1269 631 1320 Sed
642 1279 743 1332 pugnare
754 1281 801 1318 nun
811 1281 871 1318 cum-

79 1339 130 1400 petit
145 1339 291 1400 mulieribus,
306 1344 397 1404 propter
407 1338 551 1403 fragilitatem
569 1340 647 1391 scrius.
662 1340 720 1403 Ergo
736 1351 779 1389 nec
791 1338 871 1389 mulie·

80 1410 135 1460 ribus
146 1413 192 1462 huc
202 1414 368 1462 sacramentnm
381 1411 429 1460 dari
443 1411 517 1462 debet.

108 1486 128 1531 t.
148 1484 280 1544 Praeterea,
303 1482 438 1533 Melchiades
462 1485 523 1546 Papa
547 1481 601 1533 dicit
618 1483 671 1546 (nbi
693 1481 792 1546 supet),
813 1481 873 1546 qudd

82 1554 200 1616 «quamvis
212 1552 320 1603 continnd
338 1553 469 1604 transituris
480 1553 594 1604 sufficiant
607 1553 785 1617 regenerationis
799 1553 873 1604 bene:

82 1624 139 1685 tinia,
151 1625 247 1675 victuris
262 1628 339 1674 iumen
360 1624 538 1674 confirmationis
552 1624 635 1674 auxilia
658 1625 785 1675 necessaria
802 1634 871 1687 eunt,

29 1734 30 1740 ,
82 1695 127 1758 puin
139 1694 280 1746 confirmatio
294 1699 365 1745 armat
379 1700 403 1745 et
417 1695 511 1745 instruit
529 1695 558 1744 ad
571 1707 657 1757 agones
670 1695 748 1746 mundi
761 1696 831 1760 hujus
849 1701 872 1746 et

29 1806 30 1809 ,
82 1769 151 1830 prelia
162 1769 319 1818 reservandus.
330 1769 373 1826 Qui
386 1771 463 1818 autem
477 1770 532 1830 pust
544 1767 682 1830 baptismum
697 1780 748 1816 cnm
764 1767 873 1831 acquisita

82 1839 201 1891 inducentia
217 1840 377 1890 immaculatus
396 1839 526 1904 peruenerit
549 1839 577 1888 ad
596 1842 707 1901 mortem,
726 1839 874 1890 runfirrnatur

84 1915 154 1973 uerte,
169 1912 222 1975 quia
233 1911 338 1974 jamnon
351 1915 427 1975 potest
437 1923 532 1975 peecare
547 1913 711 1974 postmortem.
724 1926 738 1957 ιι
753 1911 813 1972 Ergo
826 1914 872 1960 sta-

83 1982 118 2032 tin
126 1984 237 2034 morituris
249 1996 295 2034 nun
306 1984 372 2034 debet
382 1985 426 2033 hoc
440 1985 605 2034 sacramentum
617 1982 728 2046 conferri3
740 1984 763 2032 ct
776 1981 810 2032 sic
825 1995 872 2032 nun

84 2055 142 2105 dedet
154 2055 261 2106 omnihus
273 2055 330 2105 dari

110 2126 238 2178 Sedcuntra
249 2128 367 2190 estquod
379 2125 461 2177 dicitnr
470 2127 538 2186 Aet
547 2126 566 2176 ii
574 2126 653 2190 ,qudd
668 2124 768 2190 Spiritus
777 2127 872 2175 sanctus

86 2198 194 2256 adueniens
208 2214 223 2245 ι
241 2198 338 2263 repleuit
349 2201 420 2247 tutarn
433 2198 526 2248 demum
540 2213 553 2244 ιι
575 2196 633 2260 (per
649 2209 717 2262 quani
731 2195 870 2259 significatur

86 2269 207 2334 Ecclesia),
221 2273 244 2320 et
258 2272 338 2333 postea
355 2269 458 2319 subditur
469 2267 529 2332 qudd
544 2285 558 2316 ιι
573 2268 653 2332 repleti
664 2270 717 2318 snut
730 2279 810 2318 omnes
821 2265 873 2330 Spi-

87 2341 215 2392 ritusauctc.
234 2358 248 2388 u
264 2341 309 2390 Sed
325 2341 353 2390 ed
368 2339 430 2389 iliam
444 2339 609 2403 plenitudinem
623 2338 807 2402 consequendam
825 2339 873 2387 hoc

89 2416 239 2462 sacamentum
257 2413 331 2462 datur.
350 2413 409 2474 Ergo
429 2416 464 2462 est
481 2411 586 2462 omnibus
607 2411 714 2475 quisunt
732 2409 756 2458 in
772 2407 875 2459 Ecclesia

90 2484 234 2534 exhibendum.

118 2555 305 2618 (Cuncuusru.-
313 2554 369 2604 cium
381 2555 439 2606 Deus
448 2555 524 2606 omniu
539 2556 566 2605 ad
576 2553 738 2619 perfectionem
747 2553 873 2618 perducere

92 2624 184 2688 intendat,
192 2626 369 2677 euntirmatiunis
379 2631 555 2691 sacramentum,
564 2640 604 2692 per
613 2626 672 2690 quud
681 2623 756 2676 anina
767 2625 874 2688 spiritua-

29 2734 30 2773 t
93 2694 130 2746 len
136 2699 201 2748 etatis
211 2696 374 2762 perfectionem
383 2698 539 2762 consequitur
546 2697 652 2750 omnibus
665 2695 768 2748 exhiberi
777 2695 854 2746 debet
864 2693 873 2756 t

97 2847 154 2958 mida)
159 2851 243 2960 lgent?
257 2852 328 2898 etiam
341 2851 474 2913 mitent.
488 2852 569 2899 diet't
578 2865 639 2912 ,.qu
658 2851 690 2911 3,
701 2853 744 2896 art.
758 2847 782 2907 2,
797 2858 872 2906 quus-
