1942 3284
221 164 254 201 us
267 163 315 201 usn
328 164 495 203 summorum
512 166 557 205 run
572 162 700 207 curremus.
813 154 856 203 til

50 242 98 289 turn
113 240 364 303 pessumdedit„
384 244 433 293 lili.
452 244 477 293 Si
494 256 548 309 ergo
562 258 643 309 eorpus
660 256 726 293 suum
746 244 767 295 ei
780 245 857 306 dedit,

47 312 140 363 ridetur
158 312 226 376 quod
245 314 288 363 sub
303 314 403 365 buonella
416 314 438 365 ei
451 316 554 376 dederit,
568 315 685 381 praeoipnb
699 315 750 366 olum
770 318 859 380 legatur

50 383 153 442 ibidem,
171 384 239 447 subd
262 402 276 433 u
292 390 344 449 post
358 386 480 437 buccellam
499 387 602 438 introivit
618 388 642 437 in
659 388 857 438 suessulanus.»

49 455 92 505 Ubi
103 456 254 518 Augustinus
264 456 321 507 dioit
333 460 416 522 (Treui.
424 460 494 521 dxli)
505 474 511 510 r
521 476 534 508 n
545 460 602 509 liluo
614 473 657 509 nos
666 461 783 523 doeemur,
792 459 859 523 quim

48 528 78 576 sit
99 529 235 579 eusendum
254 528 313 579 meib
326 530 429 594 accipere
446 533 545 593 bonum;
562 532 581 581 si
599 532 660 582 enim
680 531 799 597 corripitur
818 530 857 595 qui

49 611 94 648 uon
107 598 243 661 dijudicat,
256 600 281 650 id
300 604 335 651 est
352 614 398 652 nou
417 601 526 652 discernit
544 614 625 665 eorpus
640 601 730 652 Domini
746 602 860 653 testeris

47 669 117 731 olbis,
133 671 256 733 quomodo
268 685 315 722 nou
329 673 473 723 damnabitur
485 672 525 736 oui
540 674 568 723 erl
581 675 632 738 ejus
654 686 756 725 mensam
769 673 859 735 lingens

49 755 74 792 se
83 741 208 804 amioum,
219 744 307 793 aroedit
320 744 468 795 inimicust»
480 746 526 796 Sed
539 758 590 797 uum
600 745 700 796 buoeella
710 746 805 797 lutinota
813 760 859 797 uon

48 814 140 878 aceepit
151 829 240 881 eorpus
251 815 353 878 cbristi3
369 818 464 867 atenim
477 817 617 881 Augustinus
628 830 696 883 super
706 818 761 868 illud
774 819 859 878 doum,

47 887 96 936 lllll
116 904 123 938 r
142 888 231 938 «cunr
251 888 382 939 intinxisset
395 902 496 952 panem,
513 888 576 939 dedit
595 889 657 939 ludae
678 888 779 939 Simonis
799 890 859 939 lsua·

49 958 128 1020 riolas,
139 976 156 1007 n
173 960 233 1011 dioit
243 960 348 1025 (ibidem)
361 976 367 1009 ε
381 962 466 1019 «Non,
478 964 504 1011 ut
512 964 594 1025 putant
604 959 703 1023 quidam,
717 959 859 1023 negligenter

48 1030 171 1095 legentes,
187 1035 244 1081 tuno
258 1032 327 1083 ludas
344 1045 426 1096 eorpus
442 1034 531 1083 Christi
546 1032 641 1097 nouepil.
662 1034 750 1096 »Ergo
771 1032 861 1083 videtur

49 1102 109 1165 qubd
128 1104 207 1153 ludas
220 1116 304 1167 eorpus
318 1103 403 1154 Christi
417 1118 464 1154 uon
479 1104 600 1168 aoueperit.

80 1174 127 1224 Sed
140 1178 228 1225 oontm
238 1177 357 1239 est,quod
370 1177 547 1240 chrysostomus
562 1176 617 1226 dicit
630 1177 724 1240 (Homil.
738 1178 859 1227 Llilllilll.

52 1244 79 1292 in
93 1245 226 1306 Matrini:
243 1262 257 1291 u
268 1247 337 1296 Judas
347 1247 461 1311 particeps
472 1247 573 1298 existens
583 1248 749 1313 mysteriorum,
765 1260 861 1299 eonver-

53 1330 158 1367 sunnon
176 1321 228 1380 esl3
249 1319 309 1368 unde
327 1320 353 1369 lit
369 1320 443 1370 seelns
459 1321 512 1383 ejus
531 1321 636 1383 utrinque
657 1320 796 1378 immanius,
812 1324 861 1370 lum

53 1388 106 1450 quia
125 1390 171 1439 teli
192 1391 313 1453 proposito
331 1391 430 1441 imbutus
444 1392 501 1442 adiit
516 1392 639 1455 mysteria,
652 1396 701 1441 tum
716 1391 768 1455 qula
782 1391 862 1443 adiens

53 1461 136 1511 melior
149 1463 229 1512 taetus
242 1476 289 1513 uon
298 1464 351 1525 luit,
361 1476 404 1513 uec
417 1468 489 1528 metu,
498 1478 540 1515 neo
553 1464 673 1524 beneficio,
682 1478 724 1515 neo
736 1465 835 1515 bonore.
846 1480 861 1511 n

87 1531 255 1595 (Concessio.
268 1560 300 1571 —
312 1535 414 1585 Tametsi
426 1536 495 1585 ludas
506 1540 598 1599 propter
617 1548 681 1585 snam
697 1534 808 1585 malitiam
823 1548 861 1585 sn·

55 1609 175 1656 eramento
182 1606 271 1669 privari
285 1608 426 1670 merebatur,
434 1607 479 1670 ipsi
492 1612 568 1657 tamen
578 1608 686 1657 borninus
698 1618 781 1669 eorpus
795 1618 862 1657 snum

57 1679 80 1724 et
94 1677 236 1741 sangninem
249 1678 358 1737 tradidit,
373 1692 403 1729 ne
416 1680 531 1729 oecultum
548 1682 688 1742 peuoatorem
704 1678 752 1727 siue
767 1690 863 1729 aoousa-

58 1749 104 1797 tore
119 1754 145 1798 et
157 1749 259 1800 evidenti
269 1750 401 1813 probatione
411 1750 439 1799 ab
449 1750 544 1801 aliorum
558 1749 716 1801 communione
725 1750 863 1813 separaret.)

88 1818 229 1883 despondeo
239 1814 370 1882 dicendum,
384 1820 445 1883 nubd
459 1820 559 1871 Hilarius
575 1820 667 1885 posuit,
681 1832 757 1884 nuper
771 1820 861 1871 Multi.

61 1891 125 1953 (ean.
141 1894 197 1953 ab),
215 1892 276 1956 qubd
291 1891 397 1944 cbristus
416 1893 480 1943 ludar
501 1905 583 1957 onrprm
606 1905 672 1941 suum
691 1895 714 1941 et
730 1890 864 1953 sanguinem

60 1974 103 2011 non
117 1965 190 2015 dedit,
206 1965 285 2013 litboc
298 1964 391 2027 quidem
404 1964 545 2014 conueniens
554 1963 645 2024 luisset,
657 1962 801 2013 considerati
815 1974 863 2013 me-

60 2033 110 2085 litii
123 2037 198 2086 luda.
208 2036 252 2087 Sed
261 2034 314 2098 quia
328 2034 432 2087 Christus
444 2036 512 2087 uobis
524 2034 601 2087 debuit
609 2048 659 2086 esse
676 2034 806 2099 exemplum
813 2034 864 2097 jue·

61 2105 130 2170 title,
151 2120 198 2158 nou
214 2107 365 2157 conueniebat
378 2109 431 2171 ejus
449 2106 593 2170 magisterio,
606 2110 631 2155 ut
647 2107 728 2156 ludam
748 2106 864 2155 ooeullnm

62 2184 215 2241 peecatorem,
226 2180 277 2229 sine
292 2181 424 2229 amusatore
437 2181 461 2229 et
473 2177 574 2228 euidenti
585 2176 717 2241 probatione
732 2178 759 2227 ab
770 2175 865 2226 aliorum

64 2252 225 2302 communione
243 2254 372 2315 separaret,
388 2262 418 2300 ne
437 2262 479 2314 per
496 2250 540 2300 boo
562 2249 652 2299 daretur
664 2250 793 2312 exemplum
808 2259 866 2311 prae·

64 2319 114 2371 latis
124 2321 235 2372 Erolesiae
247 2322 331 2372 similia
343 2322 452 2383 leniendi,
461 2324 486 2371 et
495 2321 545 2385 ipse
559 2320 628 2370 ludas
642 2323 799 2383 exasperatus,
811 2318 866 2368 inde

66 2397 165 2444 sumeret
187 2394 330 2444 suessionem
350 2393 469 2456 pereundi.
488 2394 518 2443 lit
541 2392 593 2442 ideo
610 2392 730 2442 dioeudum
750 2390 866 2453 estquod

67 2463 133 2517 ludas
144 2479 197 2516 oum
206 2465 257 2515 aliis
265 2464 381 2528 discipulis
389 2476 472 2529 eorpus
479 2464 568 2515 bomini
577 2468 601 2514 et
611 2461 744 2528 sangninem
756 2462 865 2527 suscepit,

68 2536 93 2582 ut
104 2537 159 2587 dicit
178 2536 301 2600 bioupsius
315 2536 340 2585 iu
356 2535 397 2585 lib.
418 2534 512 2585 Erotes.
531 2535 672 2591 Hierurcb„
687 2539 711 2585 et
727 2534 867 2597 Augustinus

66 2619 142 2669 super
151 2610 226 2657 loon.

97 2680 129 2729 Ad
144 2679 245 2743 primum
258 2690 314 2741 ergo
325 2678 462 2741 dicendum,
475 2678 535 2742 qubd
552 2677 591 2728 illa
606 2680 642 2729 oet
659 2673 822 2738 retrudimur,
839 2677 867 2727 ad

68 2752 229 2803 ostendendum
249 2750 310 2814 qubd
327 2750 399 2801 indus
416 2763 500 2814 eorpus
519 2748 605 2802 Christi
625 2760 671 2799 nou
690 2746 802 2811 sumpsit3
821 2760 868 2799 uon

69 2824 142 2873 tamen
159 2820 295 2885 cogitque
309 2821 414 2873 cnutus
426 2821 525 2885 loquitur
543 2819 677 2883 discipulis,
689 2818 808 2881 aquarum
821 2816 866 2869 eol·
916 2838 918 2843 ·

68 2890 125 2955 lep'n
135 2894 208 2945 iudas
217 2904 242 2944 so
253 2892 375 2957 wurdt,
386 2904 433 2945 nou
450 2896 527 2948 nutem
536 2891 639 2945 Cbldut
654 2903 707 2946 enm
718 2887 825 2940 euolueit.
838 2889 869 2941 lli
