<?xml version="1.0" encoding="UTF-8"?>
<!DOCTYPE html PUBLIC "-//W3C//DTD XHTML 1.0 Transitional//EN"
    "http://www.w3.org/TR/xhtml1/DTD/xhtml1-transitional.dtd">
<html xmlns="http://www.w3.org/1999/xhtml" xml:lang="en" lang="en">
 <head>
  <title>
</title>
<meta http-equiv="Content-Type" content="text/html;charset=utf-8" />
  <meta name='ocr-system' content='tesseract 3.04.00' />
  <meta name='ocr-capabilities' content='ocr_page ocr_carea ocr_par ocr_line ocrx_word'/>
</head>
<body>
  <div class='ocr_page' id='page_1' title='image "./summatheologica01nicogoog_0290.png"; bbox 0 0 1942 3284; ppageno 0'>
   <div class='ocr_carea' id='block_1_1' title="bbox 430 193 1668 249">
    <p class='ocr_par' dir='ltr' id='par_1_1' title="bbox 430 193 1668 249">
     <span class='ocr_line' id='line_1_1' title="bbox 430 193 1668 249; baseline -0.006 -9"><span class='ocrx_word' id='word_1_1' title='bbox 430 193 518 241; x_wconf 52' lang='lat'><strong>*232</strong></span> <span class='ocrx_word' id='word_1_2' title='bbox 789 200 907 238; x_wconf 70' lang='lat' dir='ltr'><strong>rAns</strong></span> <span class='ocrx_word' id='word_1_3' title='bbox 937 199 1022 249; x_wconf 85' lang='lat' dir='ltr'><strong>m,</strong></span> <span class='ocrx_word' id='word_1_4' title='bbox 1053 198 1240 243; x_wconf 63' lang='lat' dir='ltr'><strong>onaesr.</strong></span> <span class='ocrx_word' id='word_1_5' title='bbox 1272 198 1418 249; x_wconf 62' lang='lat' dir='ltr'><strong>mxxv,</strong></span> <span class='ocrx_word' id='word_1_6' title='bbox 1450 196 1564 234; x_wconf 68' lang='lat' dir='ltr'><strong>Aur.</strong></span> <span class='ocrx_word' id='word_1_7' title='bbox 1599 198 1668 235; x_wconf 69' lang='grc' dir='ltr'><strong>ιν.</strong></span> 
     </span>
    </p>
   </div>
   <div class='ocr_carea' id='block_1_2' title="bbox 434 272 1942 2629">
    <p class='ocr_par' dir='ltr' id='par_1_2' title="bbox 434 272 1922 412">
     <span class='ocr_line' id='line_1_2' title="bbox 434 272 1922 345; baseline -0.004 -16"><span class='ocrx_word' id='word_1_8' title='bbox 434 281 450 345; x_wconf 65' lang='grc' dir='ltr'><strong>ιζ</strong></span> <span class='ocrx_word' id='word_1_9' title='bbox 474 293 518 329; x_wconf 71' lang='lat' dir='ltr'><strong>ra</strong></span> <span class='ocrx_word' id='word_1_10' title='bbox 530 293 574 341; x_wconf 83' lang='lat' dir='ltr'><strong>p.</strong></span> <span class='ocrx_word' id='word_1_11' title='bbox 602 278 671 327; x_wconf 81' lang='lat' dir='ltr'><strong>De</strong></span> <span class='ocrx_word' id='word_1_12' title='bbox 709 276 993 326; x_wconf 70' lang='lat' dir='ltr'><strong>substantia</strong></span> <span class='ocrx_word' id='word_1_13' title='bbox 1016 278 1060 337; x_wconf 88' lang='lat'><strong>).</strong></span> <span class='ocrx_word' id='word_1_14' title='bbox 1085 276 1185 327; x_wconf 90' lang='lat' dir='ltr'><strong>Non</strong></span> <span class='ocrx_word' id='word_1_15' title='bbox 1214 287 1322 336; x_wconf 85' lang='lat' dir='ltr'><strong>ergo</strong></span> <span class='ocrx_word' id='word_1_16' title='bbox 1350 276 1499 337; x_wconf 89' lang='lat' dir='ltr'><strong>potest</strong></span> <span class='ocrx_word' id='word_1_17' title='bbox 1525 286 1625 323; x_wconf 85' lang='lat' dir='ltr'><strong>esse</strong></span> <span class='ocrx_word' id='word_1_18' title='bbox 1652 272 1775 336; x_wconf 76' lang='lat' dir='ltr'><strong>quod</strong></span> <span class='ocrx_word' id='word_1_19' title='bbox 1805 274 1922 323; x_wconf 77' lang='lat' dir='ltr'><strong>tota</strong></span> 
     </span>
     <span class='ocr_line' id='line_1_3' title="bbox 434 345 1541 412; baseline -0.006 -10"><span class='ocrx_word' id='word_1_20' title='bbox 434 349 598 401; x_wconf 64' lang='lat' dir='ltr'><strong>stantia</strong></span> <span class='ocrx_word' id='word_1_21' title='bbox 620 349 753 412; x_wconf 86' lang='lat' dir='ltr'><strong>panis</strong></span> <span class='ocrx_word' id='word_1_22' title='bbox 780 350 1071 399; x_wconf 82' lang='lat' dir='ltr'><strong>convertatur</strong></span> <span class='ocrx_word' id='word_1_23' title='bbox 1093 347 1140 397; x_wconf 87' lang='lat' dir='ltr'><strong>in</strong></span> <span class='ocrx_word' id='word_1_24' title='bbox 1165 359 1332 409; x_wconf 87' lang='lat' dir='ltr'><strong>corpus</strong></span> <span class='ocrx_word' id='word_1_25' title='bbox 1353 345 1541 396; x_wconf 84' lang='lat' dir='ltr'><strong>Christi.</strong></span> 
     </span>
    </p>

    <p class='ocr_par' dir='ltr' id='par_1_3' title="bbox 434 415 1942 1109">
     <span class='ocr_line' id='line_1_4' title="bbox 494 415 1942 481; baseline -0.003 -12"><span class='ocrx_word' id='word_1_26' title='bbox 494 425 542 469; x_wconf 61' lang='grc' dir='ltr'><strong>ἓ,</strong></span> <span class='ocrx_word' id='word_1_27' title='bbox 573 421 796 469; x_wconf 86' lang='lat' dir='ltr'><strong>Praeterea</strong></span> <span class='ocrx_word' id='word_1_28' title='bbox 812 454 825 481; x_wconf 86' lang='lat'>‚</span> <span class='ocrx_word' id='word_1_29' title='bbox 871 419 1015 469; x_wconf 81' lang='lat' dir='ltr'><strong>forma</strong></span> <span class='ocrx_word' id='word_1_30' title='bbox 1042 418 1164 470; x_wconf 85' lang='lat' dir='ltr'><strong>illius</strong></span> <span class='ocrx_word' id='word_1_31' title='bbox 1199 417 1249 465; x_wconf 87' lang='lat' dir='ltr'><strong>in</strong></span> <span class='ocrx_word' id='word_1_32' title='bbox 1289 417 1410 479; x_wconf 85' lang='lat' dir='ltr'><strong>quod</strong></span> <span class='ocrx_word' id='word_1_33' title='bbox 1449 415 1620 481; x_wconf 85' lang='lat' dir='ltr'><strong>aliquid</strong></span> <span class='ocrx_word' id='word_1_34' title='bbox 1662 416 1942 467; x_wconf 78' lang='lat' dir='ltr'><strong>convertitu</strong></span> 
     </span>
     <span class='ocr_line' id='line_1_5' title="bbox 434 488 1942 553; baseline -0.003 -12"><span class='ocrx_word' id='word_1_35' title='bbox 434 505 554 541; x_wconf 65' lang='lat' dir='ltr'><strong>rimu}</strong></span> <span class='ocrx_word' id='word_1_36' title='bbox 578 529 590 553; x_wconf 72' lang='lat'><strong>,</strong></span> <span class='ocrx_word' id='word_1_37' title='bbox 612 489 772 553; x_wconf 82' lang='lat' dir='ltr'><strong>incipit</strong></span> <span class='ocrx_word' id='word_1_38' title='bbox 793 502 905 550; x_wconf 80' lang='lat' dir='ltr'><strong>esse</strong></span> <span class='ocrx_word' id='word_1_39' title='bbox 926 489 978 539; x_wconf 91' lang='lat' dir='ltr'><strong>in</strong></span> <span class='ocrx_word' id='word_1_40' title='bbox 996 489 1182 539; x_wconf 87' lang='lat' dir='ltr'><strong>materia</strong></span> <span class='ocrx_word' id='word_1_41' title='bbox 1210 488 1312 551; x_wconf 87' lang='lat' dir='ltr'><strong>ejus</strong></span> <span class='ocrx_word' id='word_1_42' title='bbox 1333 489 1456 551; x_wconf 87' lang='lat' dir='ltr'><strong>quod</strong></span> <span class='ocrx_word' id='word_1_43' title='bbox 1477 488 1529 537; x_wconf 90' lang='lat' dir='ltr'><strong>in</strong></span> <span class='ocrx_word' id='word_1_44' title='bbox 1559 489 1710 551; x_wconf 86' lang='lat' dir='ltr'><strong>ipsum</strong></span> <span class='ocrx_word' id='word_1_45' title='bbox 1732 492 1942 538; x_wconf 80' lang='lat' dir='ltr'><strong>convert</strong></span> 
     </span>
     <span class='ocr_line' id='line_1_6' title="bbox 434 560 1934 625; baseline -0.003 -12"><span class='ocrx_word' id='word_1_46' title='bbox 434 565 550 613; x_wconf 63' lang='lat' dir='ltr'><strong>sinit</strong></span> <span class='ocrx_word' id='word_1_47' title='bbox 578 561 679 611; x_wconf 75' lang='lat' dir='ltr'><strong>cnm</strong></span> <span class='ocrx_word' id='word_1_48' title='bbox 706 575 784 612; x_wconf 88' lang='lat' dir='ltr'><strong>aer</strong></span> <span class='ocrx_word' id='word_1_49' title='bbox 810 561 1091 613; x_wconf 80' lang='lat' dir='ltr'><strong>convertitur</strong></span> <span class='ocrx_word' id='word_1_50' title='bbox 1119 560 1341 623; x_wconf 84' lang='lat' dir='ltr'><strong>inignem</strong></span> <span class='ocrx_word' id='word_1_51' title='bbox 1370 560 1496 625; x_wconf 73' lang='lat' dir='ltr'><strong>prins</strong></span> <span class='ocrx_word' id='word_1_52' title='bbox 1523 572 1618 611; x_wconf 90' lang='lat' dir='ltr'><strong>non</strong></span> <span class='ocrx_word' id='word_1_53' title='bbox 1634 560 1934 610; x_wconf 78' lang='lat' dir='ltr'><strong>existentem</strong></span> 
     </span>
     <span class='ocr_line' id='line_1_7' title="bbox 438 630 1942 698; baseline -0.001 -17"><span class='ocrx_word' id='word_1_54' title='bbox 438 633 582 681; x_wconf 72' lang='lat' dir='ltr'><strong>surina</strong></span> <span class='ocrx_word' id='word_1_55' title='bbox 614 632 735 696; x_wconf 79' lang='lat' dir='ltr'><strong>ignis</strong></span> <span class='ocrx_word' id='word_1_56' title='bbox 765 632 925 698; x_wconf 80' lang='lat' dir='ltr'><strong>incipit</strong></span> <span class='ocrx_word' id='word_1_57' title='bbox 944 634 1002 683; x_wconf 86' lang='lat' dir='ltr'><strong>de</strong></span> <span class='ocrx_word' id='word_1_58' title='bbox 1028 646 1149 683; x_wconf 84' lang='lat' dir='ltr'><strong>novo</strong></span> <span class='ocrx_word' id='word_1_59' title='bbox 1173 644 1272 683; x_wconf 86' lang='lat' dir='ltr'><strong>esse</strong></span> <span class='ocrx_word' id='word_1_60' title='bbox 1299 632 1348 682; x_wconf 90' lang='lat' dir='ltr'><strong>in</strong></span> <span class='ocrx_word' id='word_1_61' title='bbox 1377 630 1566 682; x_wconf 85' lang='lat' dir='ltr'><strong>materia</strong></span> <span class='ocrx_word' id='word_1_62' title='bbox 1593 630 1737 693; x_wconf 84' lang='lat' dir='ltr'><strong>aeris;</strong></span> <span class='ocrx_word' id='word_1_63' title='bbox 1761 634 1816 681; x_wconf 84' lang='lat' dir='ltr'><strong>et</strong></span> <span class='ocrx_word' id='word_1_64' title='bbox 1838 630 1942 681; x_wconf 83' lang='lat' dir='ltr'><strong>sim</strong></span> 
     </span>
     <span class='ocr_line' id='line_1_8' title="bbox 442 702 1942 768; baseline -0.001 -15"><span class='ocrx_word' id='word_1_65' title='bbox 442 705 542 753; x_wconf 72' lang='lat' dir='ltr'><strong>niun</strong></span> <span class='ocrx_word' id='word_1_66' title='bbox 570 704 694 754; x_wconf 72' lang='lat' dir='ltr'><strong>ribus</strong></span> <span class='ocrx_word' id='word_1_67' title='bbox 711 706 993 756; x_wconf 85' lang='lat' dir='ltr'><strong>convertitur</strong></span> <span class='ocrx_word' id='word_1_68' title='bbox 1007 704 1057 754; x_wconf 88' lang='lat' dir='ltr'><strong>in</strong></span> <span class='ocrx_word' id='word_1_69' title='bbox 1075 703 1308 755; x_wconf 87' lang='lat' dir='ltr'><strong>hominem</strong></span> <span class='ocrx_word' id='word_1_70' title='bbox 1326 702 1453 768; x_wconf 75' lang='lat' dir='ltr'><strong>prius</strong></span> <span class='ocrx_word' id='word_1_71' title='bbox 1469 716 1562 753; x_wconf 90' lang='lat' dir='ltr'><strong>non</strong></span> <span class='ocrx_word' id='word_1_72' title='bbox 1581 702 1891 765; x_wconf 76' lang='lat' dir='ltr'><strong>existentem,</strong></span> <span class='ocrx_word' id='word_1_73' title='bbox 1912 702 1942 752; x_wconf 70' lang='lat' dir='ltr'><strong>f«</strong></span> 
     </span>
     <span class='ocr_line' id='line_1_9' title="bbox 438 772 1942 840; baseline -0.001 -15"><span class='ocrx_word' id='word_1_74' title='bbox 438 774 635 825; x_wconf 75' lang='lat' dir='ltr'><strong>linniiuis</strong></span> <span class='ocrx_word' id='word_1_75' title='bbox 678 776 837 840; x_wconf 86' lang='lat' dir='ltr'><strong>incipit</strong></span> <span class='ocrx_word' id='word_1_76' title='bbox 877 789 978 827; x_wconf 85' lang='lat' dir='ltr'><strong>esse</strong></span> <span class='ocrx_word' id='word_1_77' title='bbox 1014 778 1070 827; x_wconf 86' lang='lat' dir='ltr'><strong>de</strong></span> <span class='ocrx_word' id='word_1_78' title='bbox 1101 789 1221 826; x_wconf 86' lang='lat' dir='ltr'><strong>novo</strong></span> <span class='ocrx_word' id='word_1_79' title='bbox 1248 775 1296 825; x_wconf 93' lang='lat' dir='ltr'><strong>in</strong></span> <span class='ocrx_word' id='word_1_80' title='bbox 1327 773 1516 825; x_wconf 86' lang='lat' dir='ltr'><strong>materia</strong></span> <span class='ocrx_word' id='word_1_81' title='bbox 1543 774 1649 823; x_wconf 91' lang='lat' dir='ltr'><strong>cibi.</strong></span> <span class='ocrx_word' id='word_1_82' title='bbox 1679 772 1729 822; x_wconf 89' lang='lat' dir='ltr'><strong>Si</strong></span> <span class='ocrx_word' id='word_1_83' title='bbox 1769 787 1898 837; x_wconf 84' lang='lat' dir='ltr'><strong>ergo</strong></span> <span class='ocrx_word' id='word_1_84' title='bbox 1928 789 1942 837; x_wconf 70' lang='grc' dir='ltr'>ι</span> 
     </span>
     <span class='ocr_line' id='line_1_10' title="bbox 442 845 1942 913; baseline 0.001 -21"><span class='ocrx_word' id='word_1_85' title='bbox 442 847 720 896; x_wconf 62' lang='lat' dir='ltr'><strong>convertitur</strong></span> <span class='ocrx_word' id='word_1_86' title='bbox 736 848 785 896; x_wconf 89' lang='lat' dir='ltr'><strong>in</strong></span> <span class='ocrx_word' id='word_1_87' title='bbox 811 862 978 913; x_wconf 88' lang='lat' dir='ltr'><strong>corpus</strong></span> <span class='ocrx_word' id='word_1_88' title='bbox 1007 848 1198 911; x_wconf 83' lang='lat' dir='ltr'><strong>Christi,</strong></span> <span class='ocrx_word' id='word_1_89' title='bbox 1220 859 1412 897; x_wconf 85' lang='lat' dir='ltr'><strong>necesse</strong></span> <span class='ocrx_word' id='word_1_90' title='bbox 1442 850 1510 896; x_wconf 88' lang='lat' dir='ltr'><strong>est</strong></span> <span class='ocrx_word' id='word_1_91' title='bbox 1532 845 1656 909; x_wconf 77' lang='lat' dir='ltr'><strong>quod</strong></span> <span class='ocrx_word' id='word_1_92' title='bbox 1678 845 1830 895; x_wconf 70' lang='lat' dir='ltr'><strong>forma</strong></span> <span class='ocrx_word' id='word_1_93' title='bbox 1853 859 1942 896; x_wconf 86' lang='lat' dir='ltr'><strong>eor</strong></span> 
     </span>
     <span class='ocr_line' id='line_1_11' title="bbox 446 917 1942 983; baseline 0 -18"><span class='ocrx_word' id='word_1_94' title='bbox 446 917 615 965; x_wconf 69' lang='lat' dir='ltr'><strong>Christi</strong></span> <span class='ocrx_word' id='word_1_95' title='bbox 640 919 695 968; x_wconf 89' lang='lat' dir='ltr'><strong>de</strong></span> <span class='ocrx_word' id='word_1_96' title='bbox 723 932 842 969; x_wconf 86' lang='lat' dir='ltr'><strong>novo</strong></span> <span class='ocrx_word' id='word_1_97' title='bbox 870 918 1057 983; x_wconf 84' lang='lat' dir='ltr'><strong>incipiat</strong></span> <span class='ocrx_word' id='word_1_98' title='bbox 1082 932 1182 970; x_wconf 87' lang='lat' dir='ltr'><strong>esse</strong></span> <span class='ocrx_word' id='word_1_99' title='bbox 1211 920 1262 969; x_wconf 90' lang='lat' dir='ltr'><strong>in</strong></span> <span class='ocrx_word' id='word_1_100' title='bbox 1289 917 1480 969; x_wconf 85' lang='lat' dir='ltr'><strong>materia</strong></span> <span class='ocrx_word' id='word_1_101' title='bbox 1511 917 1676 981; x_wconf 84' lang='lat' dir='ltr'><strong>panis3</strong></span> <span class='ocrx_word' id='word_1_102' title='bbox 1705 918 1832 980; x_wconf 88' lang='lat' dir='ltr'><strong>quod</strong></span> <span class='ocrx_word' id='word_1_103' title='bbox 1865 920 1942 967; x_wconf 85' lang='lat' dir='ltr'><strong>est</strong></span> 
     </span>
     <span class='ocr_line' id='line_1_12' title="bbox 445 988 1941 1055; baseline 0 -18"><span class='ocrx_word' id='word_1_104' title='bbox 445 1005 562 1037; x_wconf 62' lang='lat' dir='ltr'><strong>suin.</strong></span> <span class='ocrx_word' id='word_1_105' title='bbox 602 990 704 1039; x_wconf 90' lang='lat' dir='ltr'><strong>Non</strong></span> <span class='ocrx_word' id='word_1_106' title='bbox 748 1003 854 1054; x_wconf 87' lang='lat' dir='ltr'><strong>ergo</strong></span> <span class='ocrx_word' id='word_1_107' title='bbox 899 991 1032 1055; x_wconf 87' lang='lat' dir='ltr'><strong>panis</strong></span> <span class='ocrx_word' id='word_1_108' title='bbox 1079 989 1360 1042; x_wconf 82' lang='lat' dir='ltr'><strong>convertitur</strong></span> <span class='ocrx_word' id='word_1_109' title='bbox 1400 990 1450 1039; x_wconf 89' lang='lat' dir='ltr'><strong>in</strong></span> <span class='ocrx_word' id='word_1_110' title='bbox 1498 988 1800 1040; x_wconf 82' lang='lat' dir='ltr'><strong>substantiam</strong></span> <span class='ocrx_word' id='word_1_111' title='bbox 1853 1002 1941 1039; x_wconf 87' lang='lat' dir='ltr'><strong>cor</strong></span> 
     </span>
     <span class='ocr_line' id='line_1_13' title="bbox 446 1060 633 1109; baseline 0 0"><span class='ocrx_word' id='word_1_112' title='bbox 446 1060 633 1109; x_wconf 54' lang='lat' dir='ltr'><strong>aluisti.</strong></span> 
     </span>
    </p>

    <p class='ocr_par' dir='ltr' id='par_1_4' title="bbox 446 1133 1942 1911">
     <span class='ocr_line' id='line_1_14' title="bbox 510 1133 1942 1198; baseline 0.001 -17"><span class='ocrx_word' id='word_1_113' title='bbox 510 1141 554 1181; x_wconf 72' lang='lat'><strong>3.</strong></span> <span class='ocrx_word' id='word_1_114' title='bbox 586 1135 836 1194; x_wconf 76' lang='lat' dir='ltr'><strong>Praetereao,</strong></span> <span class='ocrx_word' id='word_1_115' title='bbox 864 1148 918 1185; x_wconf 90' lang='lat' dir='ltr'><strong>ea</strong></span> <span class='ocrx_word' id='word_1_116' title='bbox 942 1148 1042 1198; x_wconf 83' lang='lat' dir='ltr'><strong>quae</strong></span> <span class='ocrx_word' id='word_1_117' title='bbox 1076 1137 1183 1186; x_wconf 88' lang='lat' dir='ltr'><strong>sunt</strong></span> <span class='ocrx_word' id='word_1_118' title='bbox 1211 1134 1466 1185; x_wconf 73' lang='lat' dir='ltr'><strong>secundum</strong></span> <span class='ocrx_word' id='word_1_119' title='bbox 1493 1146 1543 1183; x_wconf 91' lang='lat' dir='ltr'><strong>se</strong></span> <span class='ocrx_word' id='word_1_120' title='bbox 1575 1133 1757 1185; x_wconf 83' lang='lat' dir='ltr'><strong>diversa</strong></span> <span class='ocrx_word' id='word_1_121' title='bbox 1779 1174 1793 1195; x_wconf 90' lang='lat'><strong>,</strong></span> <span class='ocrx_word' id='word_1_122' title='bbox 1813 1148 1942 1196; x_wconf 66' lang='lat' dir='ltr'><strong>nun(</strong></span> 
     </span>
     <span class='ocr_line' id='line_1_15' title="bbox 446 1205 1942 1269; baseline 0.001 -19"><span class='ocrx_word' id='word_1_123' title='bbox 446 1221 586 1253; x_wconf 73' lang='lat' dir='ltr'><strong>unum</strong></span> <span class='ocrx_word' id='word_1_124' title='bbox 616 1217 770 1254; x_wconf 89' lang='lat' dir='ltr'><strong>eorum</strong></span> <span class='ocrx_word' id='word_1_125' title='bbox 806 1206 857 1255; x_wconf 90' lang='lat' dir='ltr'><strong>fit</strong></span> <span class='ocrx_word' id='word_1_126' title='bbox 893 1206 1108 1269; x_wconf 87' lang='lat' dir='ltr'><strong>alterum3</strong></span> <span class='ocrx_word' id='word_1_127' title='bbox 1143 1205 1263 1255; x_wconf 89' lang='lat' dir='ltr'><strong>sicut</strong></span> <span class='ocrx_word' id='word_1_128' title='bbox 1293 1206 1454 1256; x_wconf 87' lang='lat' dir='ltr'><strong>albedo</strong></span> <span class='ocrx_word' id='word_1_129' title='bbox 1482 1218 1714 1267; x_wconf 88' lang='lat' dir='ltr'><strong>nunquam</strong></span> <span class='ocrx_word' id='word_1_130' title='bbox 1752 1207 1805 1255; x_wconf 83' lang='lat' dir='ltr'><strong>tit</strong></span> <span class='ocrx_word' id='word_1_131' title='bbox 1840 1205 1942 1267; x_wconf 79' lang='lat' dir='ltr'><strong>nigr</strong></span> 
     </span>
     <span class='ocr_line' id='line_1_16' title="bbox 449 1276 1942 1342; baseline 0.001 -17"><span class='ocrx_word' id='word_1_132' title='bbox 449 1277 522 1325; x_wconf 62' lang='lat' dir='ltr'><strong>sur]</strong></span> <span class='ocrx_word' id='word_1_133' title='bbox 562 1276 813 1338; x_wconf 72' lang='lat' dir='ltr'><strong>subiectum</strong></span> <span class='ocrx_word' id='word_1_134' title='bbox 854 1278 1074 1327; x_wconf 88' lang='lat' dir='ltr'><strong>albedinis</strong></span> <span class='ocrx_word' id='word_1_135' title='bbox 1107 1278 1156 1327; x_wconf 81' lang='lat' dir='ltr'><strong>fit</strong></span> <span class='ocrx_word' id='word_1_136' title='bbox 1185 1278 1445 1342; x_wconf 86' lang='lat' dir='ltr'><strong>subjectum</strong></span> <span class='ocrx_word' id='word_1_137' title='bbox 1487 1277 1770 1342; x_wconf 81' lang='lat' dir='ltr'><strong>nigrediniS,</strong></span> <span class='ocrx_word' id='word_1_138' title='bbox 1800 1282 1859 1327; x_wconf 87' lang='lat' dir='ltr'><strong>ut</strong></span> <span class='ocrx_word' id='word_1_139' title='bbox 1897 1276 1942 1326; x_wconf 86' lang='lat' dir='ltr'><strong>di</strong></span> 
     </span>
     <span class='ocr_line' id='line_1_17' title="bbox 450 1347 1942 1414; baseline 0.003 -21"><span class='ocrx_word' id='word_1_140' title='bbox 450 1349 494 1393; x_wconf 72' lang='lat' dir='ltr'><strong>in</strong></span> <span class='ocrx_word' id='word_1_141' title='bbox 529 1349 562 1397; x_wconf 82' lang='lat' dir='ltr'><strong>l.</strong></span> <span class='ocrx_word' id='word_1_142' title='bbox 586 1347 784 1412; x_wconf 72' lang='lat' dir='ltr'><strong>Physic.</strong></span> <span class='ocrx_word' id='word_1_143' title='bbox 820 1348 954 1413; x_wconf 83' lang='lat' dir='ltr'><strong>(text.</strong></span> <span class='ocrx_word' id='word_1_144' title='bbox 987 1352 1064 1410; x_wconf 72' lang='lat'><strong>42,</strong></span> <span class='ocrx_word' id='word_1_145' title='bbox 1085 1361 1136 1399; x_wconf 80' lang='lat' dir='ltr'><strong>ac</strong></span> <span class='ocrx_word' id='word_1_146' title='bbox 1162 1349 1427 1414; x_wconf 81' lang='lat' dir='ltr'><strong>deinceps).</strong></span> <span class='ocrx_word' id='word_1_147' title='bbox 1458 1349 1567 1411; x_wconf 86' lang='lat' dir='ltr'><strong>Sed,</strong></span> <span class='ocrx_word' id='word_1_148' title='bbox 1599 1348 1719 1399; x_wconf 89' lang='lat' dir='ltr'><strong>sicut</strong></span> <span class='ocrx_word' id='word_1_149' title='bbox 1754 1349 1866 1399; x_wconf 76' lang='lat' dir='ltr'><strong>duae</strong></span> <span class='ocrx_word' id='word_1_150' title='bbox 1906 1349 1942 1397; x_wconf 75' lang='lat' dir='ltr'><strong>f&lt;</strong></span> 
     </span>
     <span class='ocr_line' id='line_1_18' title="bbox 450 1420 1942 1486; baseline 0.001 -21"><span class='ocrx_word' id='word_1_151' title='bbox 450 1420 684 1470; x_wconf 58' lang='lat' dir='ltr'><strong>suntrariae</strong></span> <span class='ocrx_word' id='word_1_152' title='bbox 710 1424 815 1469; x_wconf 91' lang='lat' dir='ltr'><strong>sunt</strong></span> <span class='ocrx_word' id='word_1_153' title='bbox 830 1421 1078 1471; x_wconf 78' lang='lat' dir='ltr'><strong>secundum</strong></span> <span class='ocrx_word' id='word_1_154' title='bbox 1101 1435 1152 1472; x_wconf 88' lang='lat' dir='ltr'><strong>se</strong></span> <span class='ocrx_word' id='word_1_155' title='bbox 1170 1421 1360 1472; x_wconf 80' lang='lat' dir='ltr'><strong>diversae</strong></span> <span class='ocrx_word' id='word_1_156' title='bbox 1383 1422 1577 1486; x_wconf 89' lang='lat' dir='ltr'><strong>(utpote</strong></span> <span class='ocrx_word' id='word_1_157' title='bbox 1604 1420 1832 1486; x_wconf 84' lang='lat' dir='ltr'><strong>principia</strong></span> <span class='ocrx_word' id='word_1_158' title='bbox 1855 1420 1942 1471; x_wconf 72' lang='lat' dir='ltr'><strong>fori</strong></span> 
     </span>
     <span class='ocr_line' id='line_1_19' title="bbox 454 1489 1942 1555; baseline 0.003 -18"><span class='ocrx_word' id='word_1_159' title='bbox 454 1489 720 1541; x_wconf 61' lang='lat' dir='ltr'><strong>*lill&#39;ercntiae</strong></span> <span class='ocrx_word' id='word_1_160' title='bbox 748 1492 1045 1555; x_wconf 83' lang='lat' dir='ltr'><strong>existentes),</strong></span> <span class='ocrx_word' id='word_1_161' title='bbox 1067 1493 1133 1542; x_wconf 86' lang='lat' dir='ltr'><strong>ita</strong></span> <span class='ocrx_word' id='word_1_162' title='bbox 1165 1494 1263 1543; x_wconf 82' lang='lat' dir='ltr'><strong>duae</strong></span> <span class='ocrx_word' id='word_1_163' title='bbox 1291 1493 1491 1543; x_wconf 64' lang='lat' dir='ltr'><strong>materiai</strong></span> <span class='ocrx_word' id='word_1_164' title='bbox 1519 1492 1709 1555; x_wconf 76' lang='lat' dir='ltr'><strong>signatae</strong></span> <span class='ocrx_word' id='word_1_165' title='bbox 1737 1496 1853 1542; x_wconf 89' lang='lat' dir='ltr'><strong>sunt</strong></span> <span class='ocrx_word' id='word_1_166' title='bbox 1888 1504 1942 1541; x_wconf 83' lang='lat' dir='ltr'><strong>se</strong></span> 
     </span>
     <span class='ocr_line' id='line_1_20' title="bbox 454 1562 1942 1628; baseline 0.003 -20"><span class='ocrx_word' id='word_1_167' title='bbox 454 1565 562 1613; x_wconf 57' lang='lat' dir='ltr'><strong>ilium</strong></span> <span class='ocrx_word' id='word_1_168' title='bbox 604 1576 653 1613; x_wconf 88' lang='lat' dir='ltr'><strong>se</strong></span> <span class='ocrx_word' id='word_1_169' title='bbox 688 1562 903 1628; x_wconf 84' lang='lat' dir='ltr'><strong>diversae,</strong></span> <span class='ocrx_word' id='word_1_170' title='bbox 932 1568 1091 1628; x_wconf 85' lang='lat' dir='ltr'><strong>utpote</strong></span> <span class='ocrx_word' id='word_1_171' title='bbox 1132 1565 1380 1615; x_wconf 84' lang='lat' dir='ltr'><strong>existentes</strong></span> <span class='ocrx_word' id='word_1_172' title='bbox 1417 1563 1641 1627; x_wconf 87' lang='lat' dir='ltr'><strong>principia</strong></span> <span class='ocrx_word' id='word_1_173' title='bbox 1679 1562 1942 1613; x_wconf 82' lang='lat' dir='ltr'><strong>materialis</strong></span> 
     </span>
     <span class='ocr_line' id='line_1_21' title="bbox 454 1633 1942 1700; baseline 0.001 -19"><span class='ocrx_word' id='word_1_174' title='bbox 454 1635 705 1687; x_wconf 73' lang='lat' dir='ltr'><strong>linctioniS.</strong></span> <span class='ocrx_word' id='word_1_175' title='bbox 736 1638 853 1699; x_wconf 77' lang='lat' dir='ltr'><strong>Ergo</strong></span> <span class='ocrx_word' id='word_1_176' title='bbox 885 1650 980 1687; x_wconf 90' lang='lat' dir='ltr'><strong>non</strong></span> <span class='ocrx_word' id='word_1_177' title='bbox 1007 1640 1158 1700; x_wconf 84' lang='lat' dir='ltr'><strong>potest</strong></span> <span class='ocrx_word' id='word_1_178' title='bbox 1183 1648 1284 1687; x_wconf 87' lang='lat' dir='ltr'><strong>esse</strong></span> <span class='ocrx_word' id='word_1_179' title='bbox 1313 1635 1432 1698; x_wconf 81' lang='lat' dir='ltr'><strong>quod</strong></span> <span class='ocrx_word' id='word_1_180' title='bbox 1463 1636 1566 1686; x_wconf 83' lang='lat' dir='ltr'><strong>haec</strong></span> <span class='ocrx_word' id='word_1_181' title='bbox 1592 1635 1785 1684; x_wconf 82' lang='lat' dir='ltr'><strong>materia</strong></span> <span class='ocrx_word' id='word_1_182' title='bbox 1815 1633 1942 1699; x_wconf 63' lang='lat' dir='ltr'><strong>panii</strong></span> 
     </span>
     <span class='ocr_line' id='line_1_22' title="bbox 454 1704 1942 1770; baseline 0 -17"><span class='ocrx_word' id='word_1_183' title='bbox 454 1709 550 1757; x_wconf 55' lang='lat' dir='ltr'><strong>hirc</strong></span> <span class='ocrx_word' id='word_1_184' title='bbox 582 1706 765 1757; x_wconf 86' lang='lat' dir='ltr'><strong>materia</strong></span> <span class='ocrx_word' id='word_1_185' title='bbox 801 1721 890 1770; x_wconf 86' lang='lat' dir='ltr'><strong>qua</strong></span> <span class='ocrx_word' id='word_1_186' title='bbox 914 1706 1222 1757; x_wconf 86' lang='lat' dir='ltr'><strong>individuatur</strong></span> <span class='ocrx_word' id='word_1_187' title='bbox 1261 1718 1424 1769; x_wconf 87' lang='lat' dir='ltr'><strong>corpus</strong></span> <span class='ocrx_word' id='word_1_188' title='bbox 1449 1704 1634 1756; x_wconf 83' lang='lat' dir='ltr'><strong>Christi.</strong></span> <span class='ocrx_word' id='word_1_189' title='bbox 1666 1706 1726 1754; x_wconf 94' lang='lat' dir='ltr'><strong>Et</strong></span> <span class='ocrx_word' id='word_1_190' title='bbox 1755 1705 1822 1755; x_wconf 84' lang='lat' dir='ltr'><strong>ita</strong></span> <span class='ocrx_word' id='word_1_191' title='bbox 1849 1717 1942 1755; x_wconf 89' lang='lat' dir='ltr'><strong>non</strong></span> 
     </span>
     <span class='ocr_line' id='line_1_23' title="bbox 454 1776 1942 1842; baseline 0 -17"><span class='ocrx_word' id='word_1_192' title='bbox 454 1781 546 1825; x_wconf 49' lang='lat' dir='ltr'><strong>laist</strong></span> <span class='ocrx_word' id='word_1_193' title='bbox 566 1792 666 1828; x_wconf 66' lang='lat' dir='ltr'><strong>esse</strong></span> <span class='ocrx_word' id='word_1_194' title='bbox 694 1776 815 1841; x_wconf 77' lang='lat' dir='ltr'><strong>quod</strong></span> <span class='ocrx_word' id='word_1_195' title='bbox 842 1778 1098 1828; x_wconf 87' lang='lat' dir='ltr'><strong>substantia</strong></span> <span class='ocrx_word' id='word_1_196' title='bbox 1125 1779 1261 1841; x_wconf 87' lang='lat' dir='ltr'><strong>hujus</strong></span> <span class='ocrx_word' id='word_1_197' title='bbox 1293 1776 1427 1842; x_wconf 89' lang='lat' dir='ltr'><strong>panis</strong></span> <span class='ocrx_word' id='word_1_198' title='bbox 1451 1779 1741 1827; x_wconf 78' lang='lat' dir='ltr'><strong>convertatur</strong></span> <span class='ocrx_word' id='word_1_199' title='bbox 1763 1776 1815 1826; x_wconf 88' lang='lat' dir='ltr'><strong>in</strong></span> <span class='ocrx_word' id='word_1_200' title='bbox 1837 1777 1942 1827; x_wconf 80' lang='lat' dir='ltr'><strong>subs</strong></span> 
     </span>
     <span class='ocr_line' id='line_1_24' title="bbox 454 1848 991 1911; baseline 0.007 -18"><span class='ocrx_word' id='word_1_201' title='bbox 454 1849 562 1897; x_wconf 63' lang='lat' dir='ltr'><strong>tisun</strong></span> <span class='ocrx_word' id='word_1_202' title='bbox 582 1849 779 1911; x_wconf 74' lang='lat' dir='ltr'><strong>corporis</strong></span> <span class='ocrx_word' id='word_1_203' title='bbox 799 1848 991 1898; x_wconf 84' lang='lat' dir='ltr'><strong>Christi.</strong></span> 
     </span>
    </p>

    <p class='ocr_par' dir='ltr' id='par_1_5' title="bbox 458 1919 1942 2115">
     <span class='ocr_line' id='line_1_25' title="bbox 518 1919 1942 1983; baseline 0.001 -18"><span class='ocrx_word' id='word_1_204' title='bbox 518 1921 602 1969; x_wconf 61' lang='lat' dir='ltr'><strong>Eril</strong></span> <span class='ocrx_word' id='word_1_205' title='bbox 636 1923 792 1969; x_wconf 80' lang='lat' dir='ltr'><strong>contra</strong></span> <span class='ocrx_word' id='word_1_206' title='bbox 818 1923 918 1981; x_wconf 87' lang='lat' dir='ltr'><strong>est,</strong></span> <span class='ocrx_word' id='word_1_207' title='bbox 946 1920 1068 1983; x_wconf 86' lang='lat' dir='ltr'><strong>quod</strong></span> <span class='ocrx_word' id='word_1_208' title='bbox 1095 1920 1316 1971; x_wconf 86' lang='lat' dir='ltr'><strong>Eusebius</strong></span> <span class='ocrx_word' id='word_1_209' title='bbox 1344 1920 1612 1971; x_wconf 87' lang='lat' dir='ltr'><strong>Emissenus</strong></span> <span class='ocrx_word' id='word_1_210' title='bbox 1636 1919 1748 1970; x_wconf 88' lang='lat' dir='ltr'><strong>dicit</strong></span> <span class='ocrx_word' id='word_1_211' title='bbox 1775 1936 1789 1969; x_wconf 72' lang='grc' dir='ltr'><strong>ι</strong></span> <span class='ocrx_word' id='word_1_212' title='bbox 1824 1936 1854 1968; x_wconf 85' lang='grc'>«</span> <span class='ocrx_word' id='word_1_213' title='bbox 1874 1920 1942 1970; x_wconf 86' lang='lat' dir='ltr'><strong>No</strong></span> 
     </span>
     <span class='ocr_line' id='line_1_26' title="bbox 458 1989 1942 2056; baseline 0.003 -19"><span class='ocrx_word' id='word_1_214' title='bbox 458 1993 534 2037; x_wconf 70' lang='lat' dir='ltr'><strong>lihi</strong></span> <span class='ocrx_word' id='word_1_215' title='bbox 578 1992 624 2039; x_wconf 73' lang='lat' dir='ltr'><strong>et</strong></span> <span class='ocrx_word' id='word_1_216' title='bbox 651 1989 929 2053; x_wconf 87' lang='lat' dir='ltr'><strong>impossibile</strong></span> <span class='ocrx_word' id='word_1_217' title='bbox 964 2004 1066 2042; x_wconf 89' lang='lat' dir='ltr'><strong>esse</strong></span> <span class='ocrx_word' id='word_1_218' title='bbox 1102 2004 1196 2042; x_wconf 92' lang='lat' dir='ltr'><strong>non</strong></span> <span class='ocrx_word' id='word_1_219' title='bbox 1231 1992 1390 2055; x_wconf 85' lang='lat' dir='ltr'><strong>debet,</strong></span> <span class='ocrx_word' id='word_1_220' title='bbox 1419 1991 1540 2056; x_wconf 80' lang='lat' dir='ltr'><strong>quod</strong></span> <span class='ocrx_word' id='word_1_221' title='bbox 1564 1992 1614 2041; x_wconf 92' lang='lat' dir='ltr'><strong>in</strong></span> <span class='ocrx_word' id='word_1_222' title='bbox 1645 1991 1821 2042; x_wconf 87' lang='lat' dir='ltr'><strong>Christi</strong></span> <span class='ocrx_word' id='word_1_223' title='bbox 1846 1990 1942 2041; x_wconf 64' lang='lat' dir='ltr'><strong>subi</strong></span> 
     </span>
     <span class='ocr_line' id='line_1_27' title="bbox 458 2061 1508 2115; baseline 0.002 -6"><span class='ocrx_word' id='word_1_224' title='bbox 458 2061 562 2109; x_wconf 68' lang='lat' dir='ltr'><strong>tiarn-</strong></span> <span class='ocrx_word' id='word_1_225' title='bbox 602 2064 781 2111; x_wconf 89' lang='lat' dir='ltr'><strong>terrena</strong></span> <span class='ocrx_word' id='word_1_226' title='bbox 806 2066 854 2112; x_wconf 85' lang='lat' dir='ltr'><strong>et</strong></span> <span class='ocrx_word' id='word_1_227' title='bbox 882 2062 1084 2112; x_wconf 83' lang='lat' dir='ltr'><strong>mortalia</strong></span> <span class='ocrx_word' id='word_1_228' title='bbox 1106 2067 1448 2115; x_wconf 86' lang='lat' dir='ltr'><strong>convertuntur.</strong></span> <span class='ocrx_word' id='word_1_229' title='bbox 1479 2080 1508 2111; x_wconf 90' lang='lat'>»</span> 
     </span>
    </p>

    <p class='ocr_par' dir='ltr' id='par_1_6' title="bbox 454 2133 1942 2558">
     <span class='ocr_line' id='line_1_28' title="bbox 526 2133 1942 2200; baseline 0.001 -19"><span class='ocrx_word' id='word_1_230' title='bbox 526 2133 844 2193; x_wconf 65' lang='lat' dir='ltr'><strong>ffssoncwsro.</strong></span> <span class='ocrx_word' id='word_1_231' title='bbox 872 2162 936 2172; x_wconf 95' lang='lat'>—</span> <span class='ocrx_word' id='word_1_232' title='bbox 961 2134 1077 2186; x_wconf 75' lang='lat' dir='ltr'><strong>Cum</strong></span> <span class='ocrx_word' id='word_1_233' title='bbox 1119 2149 1276 2187; x_wconf 87' lang='lat' dir='ltr'><strong>verum</strong></span> <span class='ocrx_word' id='word_1_234' title='bbox 1322 2135 1494 2186; x_wconf 87' lang='lat' dir='ltr'><strong>Christi</strong></span> <span class='ocrx_word' id='word_1_235' title='bbox 1533 2149 1698 2200; x_wconf 88' lang='lat' dir='ltr'><strong>corpus</strong></span> <span class='ocrx_word' id='word_1_236' title='bbox 1742 2148 1838 2186; x_wconf 89' lang='lat' dir='ltr'><strong>non</strong></span> <span class='ocrx_word' id='word_1_237' title='bbox 1869 2133 1942 2184; x_wconf 88' lang='lat' dir='ltr'><strong>inc</strong></span> 
     </span>
     <span class='ocr_line' id='line_1_29' title="bbox 454 2205 1942 2272; baseline 0.001 -19"><span class='ocrx_word' id='word_1_238' title='bbox 454 2217 554 2253; x_wconf 63' lang='lat' dir='ltr'><strong>usse</strong></span> <span class='ocrx_word' id='word_1_239' title='bbox 594 2205 641 2253; x_wconf 88' lang='lat' dir='ltr'><strong>in</strong></span> <span class='ocrx_word' id='word_1_240' title='bbox 682 2208 963 2258; x_wconf 85' lang='lat' dir='ltr'><strong>sacramento</strong></span> <span class='ocrx_word' id='word_1_241' title='bbox 1001 2222 1084 2271; x_wconf 89' lang='lat' dir='ltr'><strong>per</strong></span> <span class='ocrx_word' id='word_1_242' title='bbox 1125 2207 1324 2272; x_wconf 87' lang='lat' dir='ltr'><strong>aliquam</strong></span> <span class='ocrx_word' id='word_1_243' title='bbox 1361 2208 1498 2257; x_wconf 88' lang='lat' dir='ltr'><strong>molci</strong></span> <span class='ocrx_word' id='word_1_244' title='bbox 1531 2207 1812 2270; x_wconf 83' lang='lat' dir='ltr'><strong>mutatione,</strong></span> <span class='ocrx_word' id='word_1_245' title='bbox 1848 2220 1942 2257; x_wconf 68' lang='lat' dir='ltr'><strong>nec&lt;</strong></span> 
     </span>
     <span class='ocr_line' id='line_1_30' title="bbox 454 2276 1942 2344; baseline 0.003 -23"><span class='ocrx_word' id='word_1_246' title='bbox 454 2277 570 2325; x_wconf 70' lang='lat' dir='ltr'><strong>rim-n</strong></span> <span class='ocrx_word' id='word_1_247' title='bbox 594 2278 660 2325; x_wconf 83' lang='lat' dir='ltr'><strong>est</strong></span> <span class='ocrx_word' id='word_1_248' title='bbox 685 2276 750 2327; x_wconf 89' lang='lat' dir='ltr'><strong>ibi</strong></span> <span class='ocrx_word' id='word_1_249' title='bbox 781 2291 882 2328; x_wconf 89' lang='lat' dir='ltr'><strong>esse</strong></span> <span class='ocrx_word' id='word_1_250' title='bbox 909 2292 993 2343; x_wconf 89' lang='lat' dir='ltr'><strong>per</strong></span> <span class='ocrx_word' id='word_1_251' title='bbox 1012 2278 1140 2343; x_wconf 80' lang='lat' dir='ltr'><strong>panis</strong></span> <span class='ocrx_word' id='word_1_252' title='bbox 1161 2284 1209 2329; x_wconf 81' lang='lat' dir='ltr'><strong>et</strong></span> <span class='ocrx_word' id='word_1_253' title='bbox 1235 2280 1331 2329; x_wconf 84' lang='lat' dir='ltr'><strong>vini</strong></span> <span class='ocrx_word' id='word_1_254' title='bbox 1355 2280 1402 2328; x_wconf 91' lang='lat' dir='ltr'><strong>in</strong></span> <span class='ocrx_word' id='word_1_255' title='bbox 1422 2279 1573 2343; x_wconf 88' lang='lat' dir='ltr'><strong>ipsum</strong></span> <span class='ocrx_word' id='word_1_256' title='bbox 1605 2293 1772 2344; x_wconf 87' lang='lat' dir='ltr'><strong>corpus</strong></span> <span class='ocrx_word' id='word_1_257' title='bbox 1795 2290 1942 2331; x_wconf 55' lang='lat' dir='ltr'><strong>conve}</strong></span> 
     </span>
     <span class='ocr_line' id='line_1_31' title="bbox 458 2349 1942 2414; baseline 0.003 -21"><span class='ocrx_word' id='word_1_258' title='bbox 458 2361 558 2397; x_wconf 70' lang='lat'><strong>11-:12111</strong></span> <span class='ocrx_word' id='word_1_259' title='bbox 582 2365 594 2409; x_wconf 74' lang='grc' dir='ltr'><strong>ς</strong></span> <span class='ocrx_word' id='word_1_260' title='bbox 625 2362 726 2411; x_wconf 81' lang='lat' dir='ltr'><strong>quae</strong></span> <span class='ocrx_word' id='word_1_261' title='bbox 750 2350 1005 2414; x_wconf 83' lang='lat' dir='ltr'><strong>conversio,</strong></span> <span class='ocrx_word' id='word_1_262' title='bbox 1029 2349 1133 2399; x_wconf 76' lang='lat' dir='ltr'><strong>cum</strong></span> <span class='ocrx_word' id='word_1_263' title='bbox 1165 2350 1542 2402; x_wconf 82' lang='lat' dir='ltr'><strong>conversionibus</strong></span> <span class='ocrx_word' id='word_1_264' title='bbox 1578 2351 1862 2401; x_wconf 87' lang='lat' dir='ltr'><strong>naturalibus</strong></span> <span class='ocrx_word' id='word_1_265' title='bbox 1892 2349 1942 2399; x_wconf 75' lang='lat' dir='ltr'><strong>sin</strong></span> 
     </span>
     <span class='ocr_line' id='line_1_32' title="bbox 458 2418 1941 2486; baseline 0.003 -21"><span class='ocrx_word' id='word_1_266' title='bbox 458 2433 546 2469; x_wconf 71' lang='lat' dir='ltr'><strong>nnn</strong></span> <span class='ocrx_word' id='word_1_267' title='bbox 582 2418 667 2479; x_wconf 71' lang='lat' dir='ltr'><strong>sit,</strong></span> <span class='ocrx_word' id='word_1_268' title='bbox 689 2420 767 2469; x_wconf 88' lang='lat' dir='ltr'><strong>sed</strong></span> <span class='ocrx_word' id='word_1_269' title='bbox 795 2422 978 2473; x_wconf 88' lang='lat' dir='ltr'><strong>omnino</strong></span> <span class='ocrx_word' id='word_1_270' title='bbox 1006 2421 1388 2486; x_wconf 85' lang='lat' dir='ltr'><strong>supernaturalis,</strong></span> <span class='ocrx_word' id='word_1_271' title='bbox 1416 2421 1511 2473; x_wconf 87' lang='lat' dir='ltr'><strong>sola</strong></span> <span class='ocrx_word' id='word_1_272' title='bbox 1533 2422 1614 2473; x_wconf 89' lang='lat' dir='ltr'><strong>Dei</strong></span> <span class='ocrx_word' id='word_1_273' title='bbox 1643 2422 1818 2473; x_wconf 83' lang='lat' dir='ltr'><strong>virtute</strong></span> <span class='ocrx_word' id='word_1_274' title='bbox 1854 2420 1941 2473; x_wconf 76' lang='lat' dir='ltr'><strong>effe</strong></span> 
     </span>
     <span class='ocr_line' id='line_1_33' title="bbox 458 2489 1928 2558; baseline 0.003 -20"><span class='ocrx_word' id='word_1_275' title='bbox 458 2489 582 2541; x_wconf 66' lang='lat' dir='ltr'><strong>reete</strong></span> <span class='ocrx_word' id='word_1_276' title='bbox 603 2492 822 2555; x_wconf 88' lang='lat' dir='ltr'><strong>peculiari</strong></span> <span class='ocrx_word' id='word_1_277' title='bbox 850 2494 1034 2544; x_wconf 89' lang='lat' dir='ltr'><strong>nomine</strong></span> <span class='ocrx_word' id='word_1_278' title='bbox 1073 2492 1584 2543; x_wconf 74' lang='lat' dir='ltr'><strong>transsubstantiatio</strong></span> <span class='ocrx_word' id='word_1_279' title='bbox 1611 2493 1699 2544; x_wconf 88' lang='lat' dir='ltr'><strong>dici</strong></span> <span class='ocrx_word' id='word_1_280' title='bbox 1726 2491 1928 2558; x_wconf 87' lang='lat' dir='ltr'><strong>potest.)</strong></span> 
     </span>
    </p>

    <p class='ocr_par' dir='ltr' id='par_1_7' title="bbox 522 2562 1942 2629">
     <span class='ocr_line' id='line_1_34' title="bbox 522 2562 1942 2629; baseline 0.001 -20"><span class='ocrx_word' id='word_1_281' title='bbox 522 2564 787 2627; x_wconf 57' lang='lat' dir='ltr'><strong>{respondeo</strong></span> <span class='ocrx_word' id='word_1_282' title='bbox 807 2563 1066 2627; x_wconf 87' lang='lat' dir='ltr'><strong>dicendum,</strong></span> <span class='ocrx_word' id='word_1_283' title='bbox 1086 2562 1206 2628; x_wconf 78' lang='lat' dir='ltr'><strong>quod</strong></span> <span class='ocrx_word' id='word_1_284' title='bbox 1234 2562 1351 2615; x_wconf 80' lang='lat' dir='ltr'><strong>slent</strong></span> <span class='ocrx_word' id='word_1_285' title='bbox 1377 2564 1514 2629; x_wconf 74' lang='lat' dir='ltr'><strong>supra</strong></span> <span class='ocrx_word' id='word_1_286' title='bbox 1541 2564 1735 2615; x_wconf 88' lang='lat' dir='ltr'><strong>dic-tum</strong></span> <span class='ocrx_word' id='word_1_287' title='bbox 1755 2569 1828 2616; x_wconf 84' lang='lat' dir='ltr'><strong>est</strong></span> <span class='ocrx_word' id='word_1_288' title='bbox 1851 2565 1942 2628; x_wconf 81' lang='lat' dir='ltr'><strong>(art</strong></span> 
     </span>
    </p>
   </div>
   <div class='ocr_carea' id='block_1_3' title="bbox 458 2733 1942 2987">
    <p class='ocr_par' dir='ltr' id='par_1_8' title="bbox 458 2733 1942 2987">
     <span class='ocr_line' id='line_1_35' title="bbox 522 2733 1942 2797; baseline -0.004 -12"><span class='ocrx_word' id='word_1_289' title='bbox 522 2733 586 2797; x_wconf 67' lang='grc' dir='ltr'><strong>Η]</strong></span> <span class='ocrx_word' id='word_1_290' title='bbox 617 2736 787 2783; x_wconf 88' lang='lat' dir='ltr'><strong>Sensus</strong></span> <span class='ocrx_word' id='word_1_291' title='bbox 805 2742 895 2797; x_wconf 84' lang='lat' dir='ltr'><strong>est,</strong></span> <span class='ocrx_word' id='word_1_292' title='bbox 914 2738 1039 2795; x_wconf 80' lang='lat' dir='ltr'><strong>quod</strong></span> <span class='ocrx_word' id='word_1_293' title='bbox 1067 2749 1146 2784; x_wconf 76' lang='lat' dir='ltr'><strong>aer</strong></span> <span class='ocrx_word' id='word_1_294' title='bbox 1171 2738 1454 2784; x_wconf 80' lang='lat' dir='ltr'><strong>convertitur</strong></span> <span class='ocrx_word' id='word_1_295' title='bbox 1477 2738 1700 2795; x_wconf 84' lang='lat' dir='ltr'><strong>inignem</strong></span> <span class='ocrx_word' id='word_1_296' title='bbox 1725 2736 1806 2793; x_wconf 86' lang='lat' dir='ltr'><strong>qui</strong></span> <span class='ocrx_word' id='word_1_297' title='bbox 1831 2744 1942 2781; x_wconf 62' lang='lat' dir='ltr'><strong>non*</strong></span> 
     </span>
     <span class='ocr_line' id='line_1_36' title="bbox 458 2799 1942 2859; baseline 0.001 -18"><span class='ocrx_word' id='word_1_298' title='bbox 458 2805 594 2845; x_wconf 71' lang='lat' dir='ltr'><strong>anien</strong></span> <span class='ocrx_word' id='word_1_299' title='bbox 615 2800 871 2857; x_wconf 86' lang='lat' dir='ltr'><strong>existebat,</strong></span> <span class='ocrx_word' id='word_1_300' title='bbox 899 2802 1051 2857; x_wconf 83' lang='lat' dir='ltr'><strong>qualis</strong></span> <span class='ocrx_word' id='word_1_301' title='bbox 1069 2802 1290 2859; x_wconf 84' lang='lat' dir='ltr'><strong>deinceps</strong></span> <span class='ocrx_word' id='word_1_302' title='bbox 1313 2813 1396 2858; x_wconf 88' lang='lat' dir='ltr'><strong>per</strong></span> <span class='ocrx_word' id='word_1_303' title='bbox 1420 2801 1541 2846; x_wconf 79' lang='lat' dir='ltr'><strong>aeris</strong></span> <span class='ocrx_word' id='word_1_304' title='bbox 1564 2799 1914 2845; x_wconf 81' lang='lat' dir='ltr'><strong>conversionem</strong></span> <span class='ocrx_word' id='word_1_305' title='bbox 1939 2817 1942 2832; x_wconf 64' lang='lat'><strong>⁴</strong></span> 
     </span>
     <span class='ocr_line' id='line_1_37' title="bbox 458 2862 1942 2919; baseline -0.001 -14"><span class='ocrx_word' id='word_1_306' title='bbox 458 2865 645 2917; x_wconf 61' lang='lat' dir='ltr'><strong>incipm</strong></span> <span class='ocrx_word' id='word_1_307' title='bbox 678 2863 799 2907; x_wconf 85' lang='lat' dir='ltr'><strong>sicut</strong></span> <span class='ocrx_word' id='word_1_308' title='bbox 833 2868 881 2907; x_wconf 91' lang='lat' dir='ltr'><strong>et</strong></span> <span class='ocrx_word' id='word_1_309' title='bbox 918 2864 1050 2909; x_wconf 87' lang='lat' dir='ltr'><strong>cibus</strong></span> <span class='ocrx_word' id='word_1_310' title='bbox 1089 2864 1137 2908; x_wconf 90' lang='lat' dir='ltr'><strong>in</strong></span> <span class='ocrx_word' id='word_1_311' title='bbox 1161 2864 1396 2909; x_wconf 75' lang='lat' dir='ltr'><strong>hommem</strong></span> <span class='ocrx_word' id='word_1_312' title='bbox 1424 2863 1550 2919; x_wconf 74' lang='lat' dir='ltr'><strong>prins</strong></span> <span class='ocrx_word' id='word_1_313' title='bbox 1577 2874 1671 2907; x_wconf 90' lang='lat' dir='ltr'><strong>non</strong></span> <span class='ocrx_word' id='word_1_314' title='bbox 1705 2862 1942 2910; x_wconf 74' lang='lat' dir='ltr'><strong>existente!</strong></span> 
     </span>
     <span class='ocr_line' id='line_1_38' title="bbox 458 2926 1694 2987; baseline 0.003 -20"><span class='ocrx_word' id='word_1_315' title='bbox 458 2937 514 2969; x_wconf 75' lang='lat' dir='ltr'><strong>eu</strong></span> <span class='ocrx_word' id='word_1_316' title='bbox 546 2929 670 2970; x_wconf 71' lang='lat' dir='ltr'><strong>statu</strong></span> <span class='ocrx_word' id='word_1_317' title='bbox 691 2938 829 2983; x_wconf 87' lang='lat' dir='ltr'><strong>quem</strong></span> <span class='ocrx_word' id='word_1_318' title='bbox 854 2938 938 2983; x_wconf 85' lang='lat' dir='ltr'><strong>per</strong></span> <span class='ocrx_word' id='word_1_319' title='bbox 955 2926 1112 2973; x_wconf 86' lang='lat' dir='ltr'><strong>cibum</strong></span> <span class='ocrx_word' id='word_1_320' title='bbox 1139 2926 1366 2987; x_wconf 79' lang='lat' dir='ltr'><strong>acquirit,</strong></span> <span class='ocrx_word' id='word_1_321' title='bbox 1395 2926 1694 2973; x_wconf 75' lang='lat' dir='ltr'><strong>convertitur.</strong></span> 
     </span>
    </p>
   </div>
   <div class='ocr_carea' id='block_1_4' title="bbox 0 302 242 3262">
    <p class='ocr_par' dir='ltr' id='par_1_9' title="bbox 0 302 242 3262">
     <span class='ocr_line' id='line_1_39' title="bbox 0 302 242 3262; baseline 0 0"><span class='ocrx_word' id='word_1_322' title='bbox 0 302 242 3262; x_wconf 95' lang='lat' dir='ltr'><strong> </strong></span> 
     </span>
    </p>
   </div>
  </div>
 </body>
</html>
