1942 3284
119 181 166 227 stu
278 185 480 234 spissamenta,
496 183 589 231 unm.
602 184 642 232 nn,
656 182 715 224 sna·
729 184 748 220 1.

116 261 272 316 remissionem
295 262 369 326 culpa
392 261 523 314 ordinatum
545 262 591 311 est.
608 257 654 310 sed
674 258 741 323 cutpa
764 268 808 323 pen
832 259 925 324 prada

116 332 255 385 infusionem
274 332 412 385 sufficienter
429 331 560 384 reminisci.
583 331 643 394 Ergo
657 329 688 380 ad
703 327 869 394 paenitentiam
888 333 927 386 de

116 407 210 469 peccatu
221 405 331 469 medam
341 415 387 456 non
399 405 435 454 est
448 403 577 454 necessaria
586 400 711 452 confessio.

146 479 174 524 s.
184 475 306 535 Praeterea,
314 479 431 538 peccatum
446 473 508 538 qnod
516 485 546 524 ex
555 471 601 523 alio
613 475 756 523 contractum
766 475 816 536 est,
828 485 861 524 ex
869 473 925 526 alin

116 542 184 598 debet
202 546 285 598 habere
301 545 436 598 medicinam
452 558 527 608 :ergo
546 548 665 610 peccatum
687 543 776 596 aetnam
797 545 866 608 quud
887 559 925 596 ex

116 616 208 680 proprio
220 621 283 669 mutu
295 615 526 680 quilibetccmuisit,
539 618 666 680 cpontetex
679 614 755 678 seipso
762 613 858 666 emtum
872 616 924 668 tua·

114 687 170 738 benc
182 687 327 740 medicinam.
341 688 387 740 Sed
397 689 474 740 contre
485 685 656 751 taiepeccatum
664 684 783 736 ordinatur
795 685 925 749 paeniten-

114 757 156 808 da.
174 756 233 820 Engo
243 756 359 816 confessio
371 769 419 811 non
431 759 467 809 est
477 757 508 809 de
523 756 661 808 necessitate
672 753 827 818 poenitentiae.

146 833 171 879 a.
190 828 318 894 Praeterea,
334 828 449 893 aliquibus
467 833 505 881 est
522 832 641 893 peccatam
657 826 778 878 remissum
799 828 857 881 sine
871 831 922 882 ecc

115 897 175 962 quod
194 899 292 952 mniessi
303 900 421 963 legantur,
433 900 496 951 sicut
506 902 572 964 patet
583 899 612 950 de
624 898 692 950 Petro
705 901 730 948 et
740 896 882 961 dissuadens
894 906 924 952 et

115 970 144 1020 de
156 970 236 1023 Paule
251 972 296 1023 sed
309 984 355 1024 non
369 974 405 1024 est
414 971 509 1022 mineris
522 970 631 1021 efficacis
643 968 716 1035 gratia
723 969 851 1021 inmittens
861 984 922 1035 pec·

114 1042 191 1092 catum
202 1053 273 1107 nunc,
285 1042 354 1105 quam
365 1045 421 1094 tunc
433 1042 511 1094 tuerit.
524 1041 585 1105 Ergo
597 1052 641 1092 nec
650 1051 712 1090 nnnc
724 1040 755 1091 de
771 1041 921 1095 mussitate

115 1111 196 1164 salutis
211 1111 327 1175 estquod
339 1113 407 1165 dumo
420 1112 562 1164 cundteatm.

145 1185 170 1233 t.
188 1184 317 1245 Praetema,
329 1182 444 1235 confessio
458 1183 488 1234 ad
501 1184 547 1236 icoc
565 1181 666 1246 exigitur
683 1181 710 1233 in
721 1181 827 1246 jndicio,
837 1187 868 1235 nt
880 1197 919 1236 se

115 1253 214 1305 cundum
226 1253 375 1316 suauitatem
386 1254 459 1317 culpe
471 1265 539 1317 pena
552 1251 675 1315 indigetur.
689 1253 737 1305 sed
750 1253 823 1305 dumo
837 1257 919 1318 potest

115 1336 206 1390 poenam
223 1324 269 1376 sihi
285 1323 330 1388 ipsi
342 1323 446 1387 indigene
461 1323 588 1389 majorem,
601 1323 671 1387 quam
685 1323 756 1374 etiam
767 1323 799 1374 ab
809 1323 857 1376 alio
871 1324 919 1376 sibi

114 1394 237 1516 tuldipatnn.
247 1395 308 1459 Ergo
322 1394 413 1448 videtne
422 1393 484 1460 qued
501 1394 617 1447 muressis
628 1405 675 1446 non
685 1393 716 1444 sit
731 1394 762 1445 de
774 1396 917 1447 necomitam
963 1370 965 1435 ⁴

115 1477 139 1516 sa
149 1465 206 1518 ntis.
411 1473 412 1477 ’

145 1536 191 1589 Sed
206 1539 294 1600 contra,
303 1536 396 1589 Boetius
404 1536 445 1589 tit.
459 1537 498 1588 De
509 1535 609 1589 como.
624 1532 754 1600 (Prosilit)
765 1548 773 1585 c
784 1537 914 1603 «Siopem

115 1607 249 1660 medicantis
268 1612 391 1673 expectas,
406 1609 498 1672 oportet
514 1605 576 1671 qnid
594 1606 697 1658 mochum
715 1606 821 1671 ccupas.
833 1623 851 1656 s
869 1609 916 1659 Sed
964 1590 965 1633 ¹

115 1677 145 1729 de
156 1678 291 1730 necessitate
303 1676 383 1729 salutis
396 1682 442 1739 est,
457 1675 518 1741 quod
531 1679 600 1729 domu
614 1676 643 1727 dc
656 1677 759 1741 peccatis
773 1677 914 1730 medicinam
963 1690 965 1705 ι

115 1749 221 1815 accipiat.
239 1751 334 1816 tinguet
347 1749 376 1801 de
388 1749 525 1802 necessitate
536 1748 615 1802 salutis
626 1751 663 1800 est
674 1746 737 1814 quid
751 1749 859 1800 moenam
872 1762 913 1816 per
962 1728 964 1777 ¹

116 1821 392 1884 confessionemdetegat.
961 1826 962 1833 ’

147 1895 173 1941 2.
183 1893 303 1956 Praeterea,
312 1891 432 1955 injudicio
440 1890 537 1942 seculari
547 1903 594 1943 uon
602 1893 639 1942 est
650 1889 712 1941 idem
724 1889 800 1954 index
812 1894 840 1942 et
851 1904 913 1942 nens.
960 1910 961 1913 ¹

116 1960 161 2013 Sed
174 1961 286 2025 judicium
305 1961 424 2026 spirituale
436 1966 472 2014 cst
487 1961 622 2013 ordinatius.
633 1962 693 2023 Ergo
705 1963 814 2026 peccator
825 1962 869 2026 qni
879 1965 915 2012 est
959 1966 960 1993 ³

115 2044 183 2094 reus,
200 2043 247 2082 non
260 2031 328 2082 dedet
343 2044 395 2084 esse
416 2032 453 2084 sni
463 2032 539 2097 ipsius
548 2032 634 2097 iudex,
650 2032 692 2083 sed
708 2031 738 2083 ab
752 2031 799 2083 atio
814 2031 914 2096 iudicati
958 2054 959 2057 ¹

116 2101 199 2163 dehet,
210 2099 277 2152 etita
290 2106 379 2166 oportet
389 2102 451 2168 quod
460 2104 484 2154 ei
492 2102 636 2155 confiteatur.

146 2170 302 2236 (minensis.
317 2197 349 2212 -
365 2173 422 2225 Cim
435 2187 482 2226 non
495 2173 569 2239 possit
588 2172 728 2238 penitentia
743 2175 912 2224 sacamentum
956 2182 957 2203 i

116 2239 184 2294 aiicni
198 2240 223 2291 in
235 2243 360 2295 remedium
377 2243 493 2306 adhiberi,
505 2243 551 2295 nisi
563 2247 683 2309 peccatum
701 2247 870 2308 cognoscatur,
882 2243 912 2294 ed
955 2252 956 2281 ³

115 2310 173 2377 quid
188 2312 329 2377 incognitum
347 2316 421 2366 curari
435 2326 482 2367 non
499 2314 590 2381 pessit,
608 2315 780 2368 sacramentalis
797 2313 913 2366 confessio
954 2312 955 2351 t

114 2383 291 2518 ffinoeessimf
303 2384 384 2437 salutis
399 2385 515 2449 eiusest,
527 2385 603 2451 quiin
618 2389 738 2449 peccudum
752 2384 913 2437 nemetense·
953 2384 954 2423 t

147 2453 265 2504 ececidit.
952 2464 954 2495 i

145 2523 281 2587 Respondes
293 2525 412 2577 dicendum
420 2562 428 2589 ,
436 2525 499 2589 qued
511 2527 590 2591 pussic
599 2525 704 2589 emisti,
718 2526 769 2577 sine
783 2525 853 2590 cnjus
865 2525 911 2577 sic·

115 2594 164 2643 tute
174 2605 220 2644 nec
232 2594 355 2659 summale,
369 2608 412 2648 nec
424 2597 513 2648 sctuate
524 2601 645 2661 peccatnm
661 2595 791 2658 dimittitur,
804 2596 829 2646 in
841 2595 910 2647 neiis

115 2667 220 2726 operatur
231 2676 273 2728 pen
286 2669 478 2718 sacramentonum
488 2666 669 2731 susceptionem,
683 2679 736 2730 unm
751 2680 781 2718 ex
794 2667 847 2731 ipss
857 2667 909 2717 eiii·

116 2734 202 2785 cacium
213 2734 306 2785 habent.
318 2735 372 2786 Ideo
388 2737 417 2787 ad
428 2737 502 2800 cnipae
514 2736 673 2788 remissionem
686 2740 711 2787 et
722 2737 819 2788 aetnelm
829 2740 856 2788 et
864 2736 910 2788 oni·

116 2804 214 2868 uinetis,
226 2804 347 2869 sequimini
354 2811 519 2857 sacramentnm
531 2806 650 2869 ticciesin,
658 2807 696 2859 nei
704 2810 759 2859 ectu
765 2809 908 2872 susceptum,

116 2876 243 2929 veisaitam
254 2875 529 2943 communicassemus
540 2877 697 2952 necessitatis,
708 2889 754 2931 uun
764 2881 907 2942 contemptus
