1942 3284
146 185 193 231 tit
301 188 504 235 snrrcnncnrcn,
515 188 609 233 onnsr.
625 185 675 233 xiv,
689 186 745 223 aar.
763 188 780 222 r.

147 266 254 317 Ecclesiae
272 264 373 329 snbjicit;
390 278 437 314 non
454 269 532 314 auten
549 266 624 326 potest
641 274 701 311 unus
711 266 884 313 sacamentum
901 278 939 328 qro

147 338 193 388 allo
211 337 327 399 accipere,
339 336 393 399 quia
412 334 437 384 in
459 337 599 383 sacramento
619 332 689 395 gratia
707 331 848 395 suscipienti
863 334 937 390 tatu.

147 422 194 458 non
206 407 252 457 alii.
265 409 295 457 Et
305 407 356 457 ideo
369 418 415 457 non
429 409 466 455 cst
478 403 559 453 similis
570 403 630 453 ratio
641 404 670 453 tle
682 401 939 466 satisiactinnn,eontri

148 480 217 539 tione,
231 478 415 529 etconlessione.

178 548 316 600 nitentium
334 548 466 607 dicendum,
481 546 542 610 qnid
558 546 584 595 in
596 545 708 597 solutione
725 545 802 595 debiti
822 549 938 599 annoni

147 620 260 685 quantitas
272 631 359 683 poenn,
370 620 411 670 sed
422 619 446 667 in
459 618 539 669 merito
552 617 678 667 attenditur
688 617 809 667 chantatis
827 618 938 669 raiirze

158 692 200 741 deo
212 690 251 739 ille
261 689 301 753 qni
317 702 348 739 ex
358 690 468 739 charitate
477 702 519 753 pro
527 688 573 740 alio
585 691 694 748 meretur,
703 687 787 737 saltem
796 689 884 739 merito
894 702 938 741 ooe

145 760 199 811 strui
213 760 282 810 etiarn
293 759 337 810 sibi
350 761 423 823 magis
433 764 546 822 meretnr3
557 772 604 809 non
613 764 690 809 autern
703 758 744 821 qni
758 772 802 821 pro
812 759 863 809 aiio
874 760 939 810 satis-

146 832 218 894 sarit‚
229 831 297 881 etiam
314 845 356 895 pro
372 844 398 881 se
412 830 536 887 satisfacit,
552 831 606 893 quia
624 829 663 879 illa
677 829 796 892 quantitas
807 843 886 894 poenz
901 844 937 881 uos

145 902 233 964 grillicit
249 903 277 952 ad
291 906 410 965 utromque
424 907 558 967 peceatum
568 906 643 951 tanuen
657 900 823 951 satisiadeutlo
841 902 936 966 pnite

145 972 188 1021 sibi
199 976 300 1022 meretur
313 972 399 1035 aliquid
416 974 493 1038 majus
506 973 575 1039 quim
591 973 622 1022 sit
635 970 741 1021 (lininio
753 984 850 1035 unna,
864 973 937 1023 stilos

145 1044 216 1092 vitam
227 1048 341 1101 aternam.

177 1114 212 1163 td
221 1118 325 1177 quartum
339 1110 472 1173 licendum,
483 1112 547 1176 quiri
558 1112 579 1163 si
591 1113 689 1177 ipsemet
698 1112 729 1163 art
740 1112 848 1176 aliquam
858 1127 936 1174 μω

145 1196 171 1234 se
181 1185 314 1247 obligasset,
329 1196 375 1235 non
394 1182 457 1247 priis
468 1184 482 1233 l
494 1184 572 1235 ‹lebito
586 1187 651 1233 esset
668 1182 798 1242 inmunis,
809 1184 883 1247 quin
895 1197 935 1233 ean

146 1254 272 1305 solvisset:
288 1258 311 1304 et
331 1254 384 1303 ideo
401 1267 493 1317 poenam
505 1254 556 1317 ipse
570 1254 678 1317 patietur,
691 1253 804 1317 quantit
823 1253 866 1305 ille
877 1254 936 1303 satis·

145 1325 266 1376 factionem
281 1337 322 1387 pro
343 1337 371 1375 eo
385 1324 477 1388 lecerit3
488 1338 556 1387 quarn
570 1326 591 1375 si
609 1324 763 1386 contecerit,
776 1327 837 1375 tunc
856 1330 936 1387 uterque

144 1396 278 1447 estdebitor
286 1396 348 1445 illius
360 1409 442 1460 prenae,
451 1410 514 1447 unns
524 1408 569 1461 pro
579 1395 712 1458 commisso,
720 1395 785 1447 alius
796 1409 841 1460 pro
853 1397 935 1455 onisco

143 1470 169 1517 el
186 1466 219 1516 ita
231 1478 278 1518 non
291 1467 392 1531 sequitur
403 1466 464 1531 quot
477 1471 596 1532 pectam
606 1480 677 1517 nnnnr
688 1466 855 1529 bisqnniatnr.

403 1811 579 1881 tunstto
596 1808 677 1874 XIV.

158 1955 194 2000 De
206 1955 322 2011 qualitate
333 1953 525 2010 satisfactionis,
537 1953 568 1996 in
579 1952 685 2009 quinque
698 1953 824 1998 articulos
838 1954 921 1999 diuisa.

174 2100 258 2150 Deinde
270 2099 457 2149 considerandum
474 2103 512 2149 est
523 2100 553 2150 ile
565 2098 675 2163 qualitate
686 2098 870 2151 satisfactionis.

174 2172 201 2219 Et
213 2171 273 2219 cnon
287 2170 332 2219 trec
341 2175 472 2232 queruntur
485 2168 587 2233 quinque
602 2185 609 2218 ε
621 2173 647 2219 1·
656 2167 736 2219 Uirium
748 2170 824 2222 horno
835 2169 935 2234 pooe'tte

141 2254 187 2291 nno
199 2245 292 2303 peccato
300 2241 429 2291 satisfacere
439 2241 553 2291 sinealio.
563 2244 591 2289 2⁰
601 2238 680 2289 titrirnr
690 2238 730 2289 ille
743 2239 785 2303 qni
795 2241 828 2291 (le
840 2242 934 2291 omnibns

146 2310 245 2373 peccatis
253 2309 316 2373 priis
329 2310 439 2360 contritus
452 2311 506 2371 init,
517 2314 545 2361 et
556 2314 636 2373 postea
645 2310 670 2359 in
681 2314 804 2373 noeentum
816 2311 934 2373 inciditis

141 2380 192 2431 aliis
207 2380 365 2444 peccatisque
379 2378 423 2429 sibi
434 2381 642 2445 percontationem
654 2379 750 2429 dimissa
762 2370 869 2443 luerunt,
879 2382 935 2431 asts
956 2399 957 2406 ¹

141 2451 214 2501 tacere
229 2450 303 2514 possit
313 2456 376 2500 extra
391 2452 523 2501 charitatem
531 2451 642 2501 existens.
653 2448 769 2500 erutum
781 2451 875 2501 ltonrini
882 2457 934 2514 post·

141 2534 208 2583 qoam
223 2520 358 2572 charitatem
370 2521 462 2583 naluit,
470 2522 547 2571 valere
555 2520 652 2585 incipiat
662 2519 787 2571 satistaesso
801 2523 934 2584 praestes.

145 2594 172 2639 te
191 2590 269 2640 Utrirru
286 2602 355 2652 opera
375 2595 440 2641 extra
462 2592 597 2642 charitatem
620 2591 693 2651 lacu,
707 2590 755 2639 sint
775 2590 876 2655 alicujus
890 2593 935 2646 boni

142 2660 268 2710 meritorio.
284 2664 310 2707 5⁰
326 2661 406 2711 tltrlrm
418 2674 489 2726 opera
502 2661 613 2725 prutina
625 2661 714 2713 ruunt
728 2662 756 2710 acl
774 2674 852 2725 pene
869 2662 934 2713 inter·

138 2731 198 2781 natis
211 2730 382 2793 mitigationem.
