1942 3284
344 208 566 249 assumamus.
825 198 854 249 tl

68 286 271 349 annumerati,
283 286 549 338 suilieeteultusdiviuus
559 287 736 353 etmnotillmtle
745 286 856 341 murinis.

66 359 154 416 burun
165 360 265 423 primum
281 359 384 424 pertinet
395 360 425 410 ad
442 359 546 410 bomines
563 372 604 425 per
622 360 815 425 comparationem
829 361 859 412 ad

67 431 142 494 leun3
154 432 282 482 seeundum
303 431 409 483 autent
425 444 536 483 conuerso
558 433 656 497 pertinet
676 434 705 483 ad
722 434 794 485 boum
813 446 858 498 per

67 502 247 566 oompumtiouem
259 504 290 553 ad
305 504 432 555 bominem
447 506 498 555 Nou
514 507 589 555 autem
602 505 702 569 pertinet
716 505 743 555 ad
758 505 856 569 aliquem

65 575 207 627 &tmuium
220 575 278 626 illud
289 577 351 640 quod
367 576 437 626 estin
449 579 562 640 potestate
576 576 677 638 alterius,
694 576 734 627 sed
746 576 819 627 solbm
833 578 857 629 id

17 687 18 700 ι
66 650 118 712 quod
128 649 198 699 estin
212 662 256 699 sua
267 653 390 714 potestate.
405 649 462 710 Quia
480 664 534 713 ergo
551 650 699 701 sanctificatio
708 650 807 701 bominis
817 656 872 703 est·

66 720 206 783 inpotestate
221 720 263 771 liei
277 721 450 785 mnotibmutis,
465 734 512 771 non
525 723 625 785 pertinet
638 723 666 772 ad
683 722 855 774 bominem·suo

17 782 18 816 ¹
64 793 141 855 judicio
156 806 274 844 assumere
291 808 328 844 res
338 795 419 857 quibus
435 795 602 856 sanetillaetur,
617 796 657 847 sed
668 797 712 846 boo
726 795 793 846 debet
806 808 856 848 esse

65 865 173 915 exdidna
186 865 332 915 institutione
344 866 529 917 determinatum.
546 868 575 917 Et
589 866 657 930 ideo,
670 866 694 917 lu
707 868 854 919 sacramentis

65 948 122 987 nore
134 937 205 1001 legis,
220 937 303 1000 quibus
321 938 426 989 homines
437 939 614 1000 sanetifieantur,
626 939 748 989 seouudbm
759 939 814 989 illud
832 940 850 990 l

64 1009 95 1056 ud
108 1009 177 1068 Cor„
189 1010 239 1058 vl:
255 1025 270 1055 u
280 1009 355 1059 llblutl
367 1010 436 1071 estis,
452 1010 587 1061 sanctificati
604 1010 668 1073 estis,
688 1026 702 1058 u
719 1015 808 1075 oportet
821 1012 855 1063 uti

62 1079 124 1131 rebus
135 1094 165 1131 ex
178 1080 258 1130 divina
270 1080 415 1131 institutione
428 1082 591 1133 determinetis.

89 1153 119 1202 td
133 1151 236 1232 primuni
251 1164 306 1213 ergo
316 1152 436 1203 dicendum
443 1153 536 1217 ,‚qnbd
550 1154 593 1203 etsi
607 1153 666 1204 idem
680 1156 755 1233 potest
763 1166 804 1217 per
821 1154 856 1205 di·

62 1236 119 1273 rusa
128 1223 196 1287 si00ua
212 1223 349 1286 significari,
361 1224 511 1275 determinare
523 1228 599 1275 umen
612 1238 657 1288 quo
671 1224 736 1289 signo
750 1224 779 1275 sit
789 1228 855 1275 utem

62 1295 108 1343 dum
118 1296 145 1345 ad
155 1294 348 1357 dominandum,
362 1296 462 1359 pertinet
474 1297 502 1347 ad
515 1294 691 1359 signteantsm.
706 1297 765 1347 Deus
779 1300 856 1347 autem

61 1368 144 1429 estqui
156 1367 227 1417 nobis
241 1365 353 1429 signifimt
365 1367 491 1431 spiritantia
506 1380 594 1432 porres
609 1366 727 1418 sensibiles
741 1367 765 1417 iu
780 1376 856 1419 satra·

63 1440 149 1502 mnus,
165 1444 191 1489 et
208 1452 253 1503 per
271 1439 343 1489 uerba
361 1439 543 1489 similitudinarie
557 1440 581 1489 in
599 1438 731 1503 seripturis.
751 1438 780 1487 lit
795 1439 855 1503 ideo,

65 1509 113 1560 deut
123 1510 216 1576 judicio
228 1508 330 1573 Spiritus
341 1510 415 1560 saneti
427 1511 600 1561 determinatum
612 1513 646 1559 est
658 1509 740 1573 quibus
752 1508 857 1561 similitu·

68 1581 145 1633 diibus
158 1585 186 1633 in
203 1581 276 1633 certis
290 1581 412 1645 scripturn
425 1582 481 1633 loeis
498 1595 534 1634 res
548 1581 676 1646 spirituales
690 1581 853 1645 significentur,
896 1645 899 1650 Ι

68 1650 95 1701 ib
108 1656 177 1705 etiam
192 1654 265 1705 debet
284 1666 334 1703 esse
351 1653 429 1703 dimna
443 1654 586 1705 instillatione
600 1652 789 1715 determinatum,
805 1666 856 1716 que

64 1738 95 1775 tes
104 1728 131 1777 ad
145 1726 327 1791 signiduamum
339 1729 480 1775 assumantur
492 1724 514 1774 in
526 1726 570 1775 boe
580 1724 616 1775 vel
624 1723 694 1774 luillo
705 1728 854 1775 sacramento.

87 1801 117 1849 ld
128 1799 260 1851 seeundum
273 1797 407 1858 dioendm,
416 1796 478 1861 qubd
489 1811 525 1848 res
540 1796 659 1849 sensibiles
672 1796 756 1847 babent
765 1800 856 1848 natura·

61 1871 105 1922 liter
115 1872 159 1923 subi
175 1869 264 1921 inditas
279 1868 376 1919 uirtutes
394 1870 535 1921 conterentes
547 1869 576 1919 ad
587 1869 726 1933 corporalem
741 1868 853 1933 salutem,

62 1944 140 1995 etideo
154 1956 205 1993 non
221 1941 294 1991 relert
307 1941 327 1991 si
339 1942 391 2009 dne
404 1954 482 1991 earum
501 1942 604 1991 eamdem
619 1940 727 1991 virtutem
741 1940 855 2004 babeant,

61 2028 101 2077 ona
116 2017 171 2079 quis
185 2016 275 2065 utatur.
289 2013 335 2064 Sed
353 2015 382 2066 ad
399 2013 601 2065 insinuationem
616 2026 663 2064 nou
678 2013 810 2064 ordinantur
827 2027 857 2065 ex

61 2085 128 2150 dipsa
135 2087 225 2137 virtute
239 2084 283 2135 sibi
296 2085 428 2135 naturaliter
442 2085 523 2148 indita,
537 2085 577 2137 sed
587 2083 661 2139 solum
674 2098 703 2135 ex
713 2084 856 2137 institutione

61 2156 137 2209 dirim.
152 2160 185 2209 Β
205 2158 260 2207 ideo
278 2157 380 2221 oportuit
397 2156 505 2208 diuinitus
522 2156 668 2208 determinari
688 2157 770 2221 quibus
787 2158 856 2209 rebus

62 2230 202 2281 umbilibus
214 2228 246 2280 sit
258 2228 283 2278 iu
291 2228 438 2279 samamentis
449 2229 567 2279 utendum.

86 2304 117 2353 ld
133 2303 233 2355 tertium
252 2302 386 2363 dicendum,
397 2299 473 2365 quod,
488 2301 546 2352 deut
558 2298 696 2366 Augustinus
712 2300 782 2363 dett,
796 2302 855 2357 lllll.

69 2373 151 2426 emera
174 2377 303 2425 Faustum
323 2375 394 2438 (cap.
413 2376 443 2423 lo
456 2372 575 2435 t,dirersa
598 2376 737 2425 sacramenta
761 2366 858 2426 dirersis

53 2438 200 2513 'bipedum
217 2448 358 2509 eougruunt3
374 2444 436 2495 siem
455 2444 522 2495 mam
536 2445 631 2497 dirersis
651 2444 805 2508 significantur
818 2446 857 2497 di-

63 2531 119 2570 msa
134 2525 261 2583 tempora,
275 2516 362 2567 sediost
376 2528 490 2580 praeseus,
505 2516 643 2580 preteritum
661 2519 685 2566 et
701 2516 811 2567 tuburum.
829 2518 858 2567 ut

61 2587 118 2654 ileo,
138 2593 202 2642 sieut
215 2590 242 2639 in
260 2592 321 2639 statu
332 2587 391 2651 legis
404 2589 490 2638 namra
504 2588 608 2639 homines
620 2588 682 2637 nuda
694 2587 744 2651 lege
758 2586 858 2641 exterirls

62 2661 118 2726 data,
135 2664 179 2715 sed
201 2662 251 2712 solo
264 2659 369 2710 nteriori
386 2658 496 2709 lustinum
514 2660 662 2711 movebantur
676 2661 704 2711 ad
723 2660 793 2709 ileum
814 2674 857 2711 oo-

60 2730 161 2796 ludum,
176 2734 213 2784 ita
232 2732 303 2783 etiam
318 2744 349 2781 ex
369 2729 472 2781 interiori
492 2730 602 2782 instinctu
615 2731 803 2781 determinabatur
823 2730 858 2782 eis

60 2805 137 2867 ouibus
145 2808 217 2858 rebus
226 2803 372 2856 sensibilibus
383 2803 412 2857 ad
424 2802 466 2853 bei
479 2803 698 2858 cummunionem.
712 2802 859 2853 Postmodum

60 2877 216 2930 rmbnoeesse
226 2875 272 2927 luit
280 2875 351 2927 edam
359 2872 541 2938 exteriirslegem
550 2876 607 2939 dari,
618 2878 666 2924 tum
677 2876 769 2937 propter
778 2872 860 2921 obseu-

59 2945 145 3000 daun
164 2948 227 3014 legis
247 2950 351 3010 natum,
367 2958 397 2996 ex
414 2946 514 3009 poetalis
531 2946 662 3009 bominum,
679 2946 727 2994 tum
745 2940 813 2993 etiam
831 2941 860 2990 ad
