1942 3284
127 195 156 234 nr
169 195 348 236 mmmmm
364 195 399 236 nn
413 195 591 238 ermemirus
606 196 727 239 aarrrsrrr.
790 189 821 238 tt

50 272 78 318 ert
86 274 214 325 «merrae
225 275 376 338 elementum,
391 291 406 323 n
421 279 445 326 et
457 276 482 326 in
494 275 626 328 delinitione
646 274 754 342 baptismi
766 275 822 328 dicit

51 341 96 402 pald
108 348 163 395 «est
172 359 236 410 aqna,
247 363 262 393 »
271 346 317 397 Sed
330 348 374 397 hoe
386 359 433 398 non
442 346 532 398 ridetur
540 361 688 399 essevernm.
699 345 824 399 Chmenim

49 419 169 467 armamenta
181 430 246 469 nore
262 417 320 482 legis
338 419 538 470 sanctificationem
551 421 671 484 quamdam
686 424 821 486 operentur,

46 482 71 532 ihi
82 487 187 550 perficitur
201 493 366 541 sacramentum
377 490 417 541 uhi
434 491 551 554 perficitur
565 492 722 543 sanctificatio.
733 493 758 542 ln
767 505 825 556 apua

45 561 107 608 autern
125 574 169 612 non
182 561 298 626 perficitur
316 561 475 624 sanctificatio,
491 564 531 614 sed
543 565 579 614 est
594 563 626 615 ihi
639 565 743 630 quadam
761 577 826 616 sanc·

44 625 156 682 tihnhonis
167 633 236 684 nrtus
251 632 449 696 instrumentalis,
467 646 513 684 non
533 647 681 699 permanens,
698 635 737 686 sed
751 637 825 686 fluens

44 697 200 767 inhominem,
213 705 253 770 qui
263 709 369 757 estsere
380 705 567 756 sanctificationis
580 705 717 770 subjectum.
731 707 759 756 nt
773 707 826 758 iden

47 780 191 826 mennonium
205 789 251 828 non
269 776 386 841 perficitur
395 777 419 826 in
432 777 483 841 ipse
496 790 571 840 aqua,
586 779 625 828 sed
638 777 663 827 in
675 777 825 842 applicatione

45 849 133 905 amaad
148 849 261 899 homiuem
269 886 277 913 ‚
292 862 345 913 que
362 853 398 899 est
409 848 503 900 ablutio.
518 849 547 898 Et
565 849 617 900 ideo
632 850 740 913 Magister
750 850 774 900 iu
785 851 823 900 lll.

42 913 141 980 lisl.,ll.
160 922 283 981 Sentent„
299 920 356 970 dicit
368 920 430 984 qudd
448 920 603 986 «baptismus
623 923 658 971 est
671 921 757 971 ahlutio
773 923 824 974 etr-

41 989 91 1049 htris
100 993 214 1054 exterior,
228 994 291 1044 lacta
311 993 355 1042 suh
369 994 442 1043 torma
454 991 584 1062 praecripta
606 993 735 1044 nechoram.
751 1009 765 1041 o
780 993 825 1043 lles

41 1063 137 1113 tutemet
152 1068 321 1116 sacramentnm
335 1067 371 1115 est
382 1065 498 1114 character
512 1063 655 1129 baptismalis
662 1101 670 1128 ,
682 1065 722 1129 qui
740 1067 774 1116 est
789 1077 826 1116 res

42 1132 149 1194 apheo
167 1150 207 1200 per
226 1135 364 1187 exteriorem
381 1135 536 1197 ablutionem,
552 1138 576 1186 et
589 1139 624 1188 est
641 1136 730 1200 signum
747 1149 826 1187 sacra-

43 1207 125 1258 ueotale
144 1207 258 1260 interioris
274 1207 462 1272 justificationis,
482 1221 534 1271 qua
550 1211 587 1258 est
600 1221 638 1259 res
654 1207 744 1258 tanthnn
757 1210 826 1273 hujus

44 1279 173 1342 annuenti,
187 1281 274 1331 seilicet
287 1278 416 1343 significata
424 1283 449 1330 et
462 1292 508 1328 nou
518 1279 659 1343 significans.

66 1350 196 1415 ltprimum
206 1366 261 1416 ergo
271 1350 409 1417 dicendum,
423 1350 484 1416 quod
498 1351 590 1416 idquod
610 1359 645 1404 est
659 1354 824 1404 sacramentum

45 1419 115 1470 tanthm
126 1423 151 1474 in
170 1423 285 1488 baptismo
299 1423 393 1487 transit,
408 1426 526 1486 permanet
540 1427 630 1486 autem,
643 1428 667 1474 et
681 1424 704 1474 id
717 1423 776 1488 quod
792 1425 826 1474 est

47 1499 228 1557 mummium,
244 1500 268 1546 et
280 1509 335 1552 reo,
350 1495 436 1546 seilicet
447 1496 574 1557 character,
587 1500 611 1546 et
623 1496 647 1546 id
665 1496 725 1559 quod
739 1499 775 1545 est
785 1509 825 1544 res

49 1562 125 1638 halim,
144 1568 235 1619 seilicet
253 1568 349 1619 interior
359 1567 508 1632 justificati03
524 1568 564 1618 sed
575 1569 691 1618 character
703 1571 820 1632 permanet

51 1634 175 1691 ltddetiliter
184 1644 227 1701 ,ut
240 1639 311 1704 sopra
323 1640 408 1689 dietum
423 1643 460 1690 est
474 1640 524 1702 (qu.
536 1643 575 1703 itt,
589 1644 633 1690 art.
645 1639 677 1703 5);
692 1639 825 1703 justificatio

50 1708 109 1758 solen
117 1715 247 1776 permanet,
256 1712 298 1763 sed
311 1710 474 1761 amissihihter.
485 1713 638 1762 hamasoeuns
652 1714 726 1761 autem
736 1711 825 1775 baptis-

48 1789 95 1828 uom
106 1781 212 1847 dehnirit,
227 1797 275 1834 non
289 1781 401 1847 quantum
413 1776 478 1832 ad'id
489 1783 549 1846 quod
563 1781 661 1834 exteriirs
670 1782 751 1846 agitur,
764 1782 824 1845 quod

47 1853 75 1897 tsl
84 1858 241 1905 sacamentum
257 1853 360 1918 tanthm,
372 1855 413 1905 sed
432 1853 544 1918 quanthm
558 1855 585 1905 ad
600 1855 623 1904 id
638 1855 699 1918 quod
712 1857 748 1904 est
760 1854 826 1904 inte-

45 1920 96 1986 riise
109 1927 166 1978 uude
183 1927 263 1991 posuit
280 1928 326 1978 duo
350 1926 488 1990 pertinentia
509 1927 537 1977 ad
554 1928 717 1989 characterem,
737 1926 827 1991 scilicet

46 1994 143 2056 optilam
154 2003 180 2049 et
194 1999 354 2059 custodium,
367 1998 392 2049 in
407 2002 518 2063 quantum
534 1999 582 2064 ipse
597 2001 720 2060 character,
737 1997 775 2062 qui
788 1999 823 2046 rt·

47 2066 226 2133 pr'llomdicitnr,
241 2069 350 2134 quanthm
360 2073 397 2121 est
409 2071 438 2120 de
452 2083 486 2131 se,
495 2069 594 2121 custodit
607 2071 706 2120 animam
720 2069 745 2118 in
755 2069 824 2120 hono.

47 2136 85 2188 lloo
93 2140 156 2191 chiam
165 2144 243 2208 posuit
256 2143 396 2207 pertinentia
408 2143 436 2193 ad
444 2141 546 2192 ultimam
557 2155 605 2192 rem
619 2142 764 2205 sacramenti,
781 2143 826 2193 sei-

48 2208 90 2261 lea
99 2217 324 2278 repererotionem,
338 2229 388 2278 qnae
402 2216 431 2265 ad
440 2215 485 2265 hoo
495 2213 595 2278 pertinet
607 2213 667 2278 quod
681 2227 722 2278 per
736 2214 827 2278 baptis-

48 2293 97 2332 num
106 2286 170 2341 horno
180 2288 273 2337 inchoat
281 2299 365 2338 noram
373 2286 446 2337 sitam
455 2285 561 2350 justitie,
570 2289 593 2336 et
601 2285 827 2346 illuminationem,

49 2367 87 2417 itu
98 2359 190 2422 pertinet
202 2359 331 2425 specialiter
344 2360 371 2410 ad
380 2358 462 2422 fidem,
474 2371 591 2423 perquam
601 2359 669 2409 homo
683 2358 825 2422 spiritualem

49 2426 105 2479 nun
115 2431 199 2495 aceepit
206 2468 215 2495 ,
229 2429 355 2481 seeundhm
372 2430 427 2480 illud
438 2429 541 2486 Hodoc,
556 2429 575 2479 ll
590 2443 596 2478 t
614 2430 722 2480 «iustus
736 2443 765 2481 en
782 2431 828 2482 lide

50 2499 126 2564 sirit3a
139 2502 267 2568 baptismus
282 2505 358 2552 antem
367 2505 403 2552 est
417 2501 521 2564 quedam
535 2500 588 2551 fidei
604 2502 752 2565 protestatio,
767 2503 828 2554 unde

52 2571 117 2623 licitu
133 2574 208 2625 slidei
220 2578 395 2624 sacramentnm.
410 2589 424 2619 o
439 2573 467 2621 ht
484 2571 588 2622 similiter
600 2572 723 2637 llionpsius
742 2573 828 2638 baptis-

53 2655 102 2693 uun
112 2645 186 2697 dedrdt
197 2659 239 2710 per
250 2645 352 2696 ordinem
365 2645 393 2694 sd
402 2643 444 2694 alie
458 2647 612 2707 sacramenta,
626 2645 716 2708 dicens,
733 2644 762 2695 ll.
776 2659 826 2710 cap.

55 2713 127 2769 aare.
142 2717 275 2774 aaaron„
289 2715 349 2780 quod
361 2720 398 2767 est
410 2733 426 2764 e
437 2715 549 2780 quoddam
564 2715 700 2781 principium
713 2716 828 2768 sanctissi-

36 2814 37 2829 κ
55 2799 124 2839 uorum
138 2791 295 2840 mandatorum
317 2801 386 2840 sacrae
402 2787 514 2851 actionis,
528 2789 556 2838 ad
575 2801 653 2838 eorum
675 2787 828 2851 susceptivam

36 2865 37 2873 ’
54 2863 221 2924 oposuuutem
231 2861 334 2912 formans
345 2864 435 2914 rrodros
446 2859 554 2912 animales
565 2859 671 2924 hahitrs3
683 2876 697 2907 o
711 2860 828 2910 etiterum

37 2974 38 2983 ,
54 2927 149 2986 hordine
165 2934 194 2985 ad
209 2933 327 2986 caelestem
342 2931 451 2998 porum,
463 2945 516 2998 que
530 2935 567 2986 eat
582 2931 674 2984 altinus
686 2931 739 2982 huis
751 2941 827 2980 saera-

37 3002 38 3039 l
