1942 3284
240 186 271 223 ne
285 184 417 230 deterrere
433 188 634 227 snrrsuncrrorrrs.
792 181 838 227 did

333 370 491 422 naiteinos
505 371 544 421 ΙΙΙ.
559 368 564 374 '

82 493 171 542 Utrum
187 494 420 555 neminemneminer
433 497 575 544 choritotem
589 500 711 555 mouerit,
720 500 799 545 vadere

244 559 629 617 incipiotsottrsoctioprmcedeus.
658 583 660 588 ·

71 688 107 741 nd
115 686 206 741 tertium
214 688 247 740 sic
256 688 391 753 proceditur.
403 689 496 741 Videtur
504 690 564 753 qudd
571 692 692 755 postqu'am
701 694 770 746 domo
778 693 832 743 chu-

35 760 135 812 ritatem
151 758 269 820 tabuerit,
283 760 357 811 ualere
371 758 467 823 incipiat
480 760 606 813 satisfactio
617 763 756 825 praecedens.
775 763 833 823 Quis

35 843 112 895 snper
125 830 181 882 illud
195 830 287 892 decit,
296 831 356 882 XXV
369 845 376 881 ι
392 830 438 881 usi
451 834 583 885 attenuatus.
593 834 663 884 irater
674 837 736 895 tuns,
748 851 762 881 n
776 839 832 897 etc,

35 902 98 953 dicit
109 901 197 965 Glossa,
211 900 270 965 quod
285 904 396 953 enudus
408 904 473 953 hona
488 904 666 956 conuersationis
679 904 763 956 tenent
773 918 833 957 com·

35 972 117 1038 putari
130 985 160 1023 ex
171 984 199 1023 eo
211 976 313 1038 tempore
325 986 371 1037 quo
380 973 494 1037 peccarit.
504 990 520 1021 n
528 974 574 1025 Sed
585 987 632 1026 non
641 979 832 1039 computarentur,

36 1043 85 1093 nisi
99 1042 199 1106 aliquam
214 1043 338 1095 efficaciam
351 1044 480 1107 acciperent
491 1055 522 1095 ex
530 1044 638 1095 charitate
649 1046 763 1109 sequenti.
774 1047 833 1110 Ergo

35 1118 92 1179 post
105 1114 239 1165 charitatem
251 1117 405 1180 recuperatam
417 1114 493 1165 valere
503 1114 625 1180 incipiunt.

75 1191 100 1237 2.
122 1188 248 1249 Preterea‚
269 1185 328 1236 sicut
347 1186 447 1237 eiticaoia
468 1186 631 1238 satisfactionis
649 1186 773 1250 impeditur
791 1200 834 1251 per

36 1259 178 1322 peccatum,
191 1256 223 1307 ita
235 1256 336 1308 efficacia
348 1255 455 1321 baptismi
468 1257 592 1321 impeditur
602 1270 643 1321 per
656 1257 778 1308 fictionem.
789 1260 833 1309 Sed

36 1327 167 1393 baptismus
176 1326 257 1392 incipit
271 1327 347 1379 ualere
358 1328 478 1379 recedente
488 1327 589 1380 fictione.
597 1328 657 1392 Ergo
670 1332 695 1379 et
708 1328 833 1379 satisfactio

38 1400 163 1451 recedente
175 1402 276 1463 moneto.

72 1474 97 1519 e.
113 1470 237 1532 praterea,
251 1467 273 1519 si
285 1468 355 1521 alicui
367 1482 408 1533 pro
420 1470 520 1533 peccetis
531 1469 659 1522 commissis
669 1470 772 1535 iniuncta
783 1473 845 1523 tue·

38 1541 88 1591 rint
100 1540 204 1604 jejunia,
214 1543 238 1591 ct
246 1539 270 1589 in
282 1540 400 1604 peccatum
411 1540 496 1591 cadens
511 1552 538 1591 ea
550 1541 681 1604 pertenent,
697 1554 742 1592 non
753 1542 833 1606 iniun-

39 1615 112 1677 gitur,
125 1612 177 1663 cdm
192 1612 274 1663 iterim
289 1611 418 1674 confitetur,
432 1615 459 1661 ut
473 1612 562 1677 jejunia
575 1612 614 1663 itta
627 1611 707 1675 iteret3
722 1613 833 1678 injunge-

38 1688 104 1735 retur
116 1688 191 1735 autom
203 1684 239 1745 ei,
248 1684 319 1748 siper
328 1696 356 1735 ea
367 1682 491 1734 mtisiactio
506 1695 553 1734 non
568 1683 706 1747 impleretur.
716 1684 775 1749 Ergo
793 1698 833 1749 per

39 1753 199 1819 poenitentiam
208 1757 339 1817 sequentem
348 1764 418 1817 opera
428 1751 579 1816 praecedentia
591 1753 747 1805 sanstaciendi
756 1754 833 1806 citica-

39 1824 100 1875 ciam
113 1824 235 1888 accipiunt.

72 1896 120 1949 sed
129 1900 216 1957 contra,
227 1908 296 1961 opera
305 1899 370 1947 extre
384 1895 515 1946 charitatem
526 1894 585 1945 tacta
596 1894 649 1945 ideo
659 1905 707 1946 non
717 1900 781 1947 eram
795 1910 833 1949 sa·

37 1968 179 2031 tistactoria,
193 1967 245 2032 quia
264 1968 354 2019 tuemnt
372 1970 468 2017 mortue.
484 1966 529 2018 Sed
551 1980 592 2030 per
611 1966 767 2031 punientiam
786 1982 836 2023 non

37 2038 194 2089 vivificantur.
210 2037 269 2101 Ergo
280 2050 323 2090 nec
332 2037 443 2101 incipiunt
454 2050 507 2089 esse
521 2037 681 2089 satisfactoria.

70 2112 197 2172 Prmterea,
206 2109 303 2160 charitas
312 2121 358 2160 uon
369 2108 477 2160 informat
490 2113 575 2168 actoni,
584 2107 631 2158 uisi
642 2108 682 2171 qui
691 2109 720 2159 atr
728 2109 778 2175 ipse
790 2110 833 2162 ali·

38 2180 138 2245 qualiter
148 2180 257 2244 procedit.
272 2178 318 2230 Sed
326 2190 395 2243 opere
405 2191 452 2231 uon
464 2182 561 2243 possunt
572 2191 625 2229 csse
635 2179 682 2230 lieo
690 2185 796 2245 accepta,
805 2195 832 2234 ac

38 2265 81 2316 per
92 2252 138 2302 troc
155 2262 199 2301 nec
208 2250 371 2311 satisfactoria,
388 2249 433 2299 nisi
448 2248 495 2299 sint
510 2248 618 2300 unedone
630 2248 759 2301 informata.
772 2251 832 2315 Ergo

38 2323 92 2374 cium
100 2333 170 2385 opera
180 2320 240 2372 tecta
251 2325 314 2371 extra
323 2319 454 2369 chantstem
464 2319 529 2370 nntlo
539 2320 607 2369 modo
614 2332 644 2369 ex
654 2321 766 2373 charitate
778 2334 831 2387 pro·

37 2392 159 2455 cesserint,
169 2392 208 2442 ret
217 2392 246 2442 de
259 2394 341 2443 cetero
350 2390 473 2455 procedere
483 2390 585 2454 possint,
596 2390 659 2442 nulio
670 2394 738 2445 modo
749 2398 832 2458 potne-

36 2468 92 2516 mnt
105 2463 131 2513 iu
146 2460 323 2515 satisfactionem
341 2459 476 2524 computari.

70 2534 233 2600 (spumosus.
247 2532 360 2596 -opera
372 2536 436 2582 extra
453 2532 587 2583 cherintum
603 2531 664 2584 iacta
682 2545 725 2597 per
736 2532 832 2585 edenta-

36 2612 84 2658 tem
94 2606 231 2669 sequentem
241 2614 287 2654 non
302 2602 459 2661 vivificantun
470 2614 499 2652 ac
510 2615 552 2665 per
564 2604 609 2653 hoc
621 2615 668 2654 uon
683 2602 745 2654 umet
760 2604 832 2654 satis-

36 2676 107 2728 factio
124 2675 264 2741 precedens,
278 2672 367 2724 eiumsi
379 2673 478 2723 channe
493 2673 631 2738 sequatur.)

68 2745 206 2810 Respondes
223 2744 358 2805 dicendum,
370 2744 431 2807 qudd
448 2744 542 2809 quidam
559 2744 677 2806 dixerunt,
690 2743 750 2807 quod
763 2758 832 2809 opera

35 2820 60 2868 in
77 2816 188 2867 charitate
209 2813 282 2877 iacta,
298 2828 349 2878 quac
367 2814 422 2865 nire
441 2814 554 2877 dicuntm,
572 2820 625 2866 sunt
645 2814 758 2867 meritorie
780 2816 833 2868 vite

37 2893 140 2951 uterne,
154 2887 180 2937 et
194 2883 342 2937 satisfactoria
352 2888 456 2949 respectu
470 2898 545 2951 poena
562 2884 716 2949 dimittendae3
731 2890 754 2936 et
770 2886 832 2951 quod
