1942 3284
283 186 313 236 po
328 185 471 236 ammonens
487 185 608 235 emmor,
796 177 842 234 tto

77 261 236 322 (mummolo.
244 287 273 300 -
281 261 338 312 cum
352 275 393 326 per
399 261 540 326 baptismum
552 261 644 313 Clanio
657 261 841 326 incorporemur,

49 345 88 382 nou
104 331 169 383 modo
185 332 297 396 patiam,
315 335 355 386 sed
379 334 448 384 etiam
463 334 559 386 virtutes
571 347 613 398 per
630 333 703 398 ipsius
718 334 844 398 suseeptio·

49 418 94 455 uem
108 405 214 457 homiues
227 409 422 470 consequuntur.)

75 478 207 542 Respondeo
227 478 425 542 licentiorum
442 479 502 531 sieut
520 479 658 541 Augustinus
680 478 735 529 dicit
758 478 783 528 iu
801 478 842 533 tit.

51 551 80 599 lle
90 550 213 614 baptismo
232 551 398 614 porvulorum
410 551 459 615 (l),
478 553 504 606 ad
522 553 566 602 hoe
580 551 706 615 baptismus
728 550 804 613 ualet,
819 555 845 602 ιιι

51 621 144 685 baptizali
163 621 261 672 Christo
278 622 460 686 incorporentur,
481 626 508 672 ut
530 624 630 674 membra
652 623 713 686 ejus.
731 624 750 672 ι
769 622 862 686 eapite·

51 697 114 748 eumn
128 693 223 745 Christo
234 693 260 750 in
276 693 352 747 omnia
361 694 461 744 membru
478 694 529 758 ejus
545 695 624 758 gratie
635 699 658 746 et
667 693 758 747 virtum
769 694 845 758 pleui-

54 763 98 815 tnlo
116 764 248 828 tenuatur,
262 763 385 818 seeundum
399 765 454 816 illud
474 766 558 819 loon„
573 766 583 814 l
599 780 604 813 :
624 781 638 817 u
657 766 688 816 ne
700 764 843 830 plenitudine

52 835 94 901 ejus
103 849 142 890 uos
158 849 246 888 omues
260 835 423 900 accepimus.»
436 837 502 886 Unde
516 836 664 889 manifestum
680 841 716 889 est
728 836 788 900 quod
802 849 844 900 per

50 906 176 971 baptismum
191 909 278 973 aliquis
290 908 436 972 consequitur
445 908 540 972 gratiam
553 911 578 958 et
589 908 693 963 imolen.

75 980 219 1044 ltprimum
239 992 294 1044 ergo
311 978 518 1044 dicendum,un
536 979 597 1031 siout
609 993 668 1044 aqna
681 979 788 1044 baptismi
802 993 844 1044 par

49 1064 103 1102 suam
114 1052 261 1114 ablutionem
271 1051 386 1115 signifieat
398 1051 583 1104 emundationem
598 1052 679 1115 eulpa,
695 1057 719 1101 et
727 1065 844 1115 persuum

49 1122 182 1187 refrigerium
194 1123 310 1187 signifieat
326 1123 480 1183 liberationem
497 1123 603 1187 ipoeua,
622 1125 655 1177 ita
666 1137 706 1188 pet·
717 1124 844 1183 memnon

49 1193 165 1246 claritatem
180 1195 298 1260 signifieat
314 1196 456 1259 splendorem
472 1195 717 1260 uulneratorum.

74 1266 105 1315 rid
123 1269 255 1328 seeundum
275 1266 411 1326 uiuendum,
429 1267 490 1329 quod
502 1266 563 1320 siout
576 1267 660 1321 tutum
680 1272 717 1321 est
735 1267 796 1330 (art.
813 1270 845 1329 1,

51 1334 73 1383 al
85 1336 128 1400 ι),
139 1337 202 1402 quod
216 1337 376 1394 remissionem
387 1341 533 1402 peccatorum
542 1337 623 1401 anquis
635 1338 784 1400 consequitur
792 1342 846 1398 unte

51 1404 194 1472 baptismum,
213 1408 338 1460 seeundum
357 1407 416 1472 quod
436 1411 506 1460 ualet
523 1410 663 1474 baptismum
680 1408 705 1459 in
725 1413 794 1471 voto,
809 1400 847 1458 uel

51 1478 147 1540 explicite
158 1481 200 1532 uel
214 1479 340 1546 implicite3
355 1484 468 1538 ettamen
481 1481 535 1533 cun
551 1481 641 1534 realiter
654 1479 750 1544 suscipit
760 1479 847 1544 baptis·

53 1561 120 1613 uum,
134 1552 159 1602 tit
172 1553 267 1618 plenior
283 1551 399 1614 remissio,
418 1553 528 1616 quantiam
548 1554 576 1608 ud
599 1551 756 1605 liberationem
770 1551 784 1602 ‘a
799 1555 847 1605 iola

53 1633 124 1687 pouu3
140 1625 173 1682 ita
196 1625 282 1685 eliam,
299 1627 351 1675 aute
371 1625 518 1688 baptismum,
536 1624 655 1677 Cornelius
674 1627 698 1675 et
710 1623 749 1672 alii
760 1622 848 1677 similes

52 1701 216 1759 consequuntur
232 1695 326 1760 maiam
340 1699 364 1746 et
378 1695 490 1759 virtutes,
506 1710 548 1760 per
565 1696 631 1747 inem
649 1694 733 1745 Corioli
749 1697 773 1744 et
787 1693 848 1746 desi·

55 1764 130 1817 lerium
141 1768 252 1834 baptismi
265 1767 374 1832 implicite
388 1769 426 1820 vel
439 1767 562 1833 explicite,
577 1768 720 1832 postmodum
737 1767 848 1820 tamenin

55 1834 155 1901 urnae
173 1842 287 1906 utmorem
303 1840 391 1904 rupium
407 1841 484 1904 gratie
499 1846 523 1899 et
536 1841 646 1892 ιιιιιιιιιιιι
666 1843 845 1904 consequuntur.

56 1907 109 1962 lule
123 1927 194 1978 super
217 1914 271 1970 illud
294 1914 389 1966 Protea.
405 1915 467 1965 llltll
485 1929 491 1964 :
508 1914 608 1977 «Super
627 1926 698 1977 auom
716 1912 848 1966 retentionis

56 1981 148 2037 educauit
163 2000 222 2048 roe,
242 2001 255 2032 ιι
270 1985 326 2039 dicit
339 1985 419 2040 otosaa
434 2001 440 2036 ι
460 2003 474 2034 ιι
491 1989 535 2039 Per
553 1990 697 2048 augmentum
717 1985 808 2038 antuus
824 1988 849 2036 et

57 2049 112 2110 tana
123 2057 268 2120 operationis
282 2057 388 2110 edomuit
404 2057 429 2112 io
446 2058 567 2122 baptismo.
582 2074 596 2111 u

82 2127 373 2191 sementationem,
389 2130 450 2194 quod
472 2130 593 2182 difficultas
612 2133 641 2183 etl
653 2131 738 2184 bonum
756 2133 780 2182 et
796 2143 849 2196 pro·

59 2194 106 2248 nitas
116 2202 143 2254 ad
160 2201 248 2255 molum
262 2201 410 2254 inueniuntur
425 2201 449 2254 iu
463 2201 597 2266 baptimlis,
607 2216 653 2253 nou
666 2207 759 2267 propter
771 2203 850 2254 deleo·

59 2267 96 2318 lum
109 2271 202 2323 habitus
217 2271 336 2337 virtutum,
350 2273 390 2323 sed
407 2277 501 2338 pmpter
514 2273 732 2338 commiserantium,
745 2287 795 2336 qun
803 2287 850 2324 uon

61 2339 134 2401 lollitpr
146 2344 171 2396 iu
190 2343 317 2408 oapttum.
332 2343 396 2397 ulum
408 2349 485 2398 lamen
506 2359 548 2410 per
563 2345 703 2409 baptismum
716 2344 851 2396 diminuitur

61 2415 249 2484 oncupiscentia,
260 2418 287 2464 ιιι
298 2428 344 2464 nou
353 2416 496 2476 dominetur,
504 2416 536 2466 ita
543 2417 614 2467 etiam
621 2416 753 2467 diminuitur
764 2419 851 2467 utrum·

62 2493 96 2556 uun
113 2487 242 2551 littorum,
258 2499 287 2536 ne
301 2488 370 2538 nomo
383 2489 411 2538 ab
420 2487 456 2538 luis
470 2492 598 2553 superetur.

21 2701 23 2704 ,
87 2635 113 2700 (¹)
128 2644 178 2691 Siue
197 2643 235 2690 De
249 2644 407 2702 peecatorum
418 2645 513 2692 meritis
526 2647 547 2691 et
559 2645 713 2703 remissione,
724 2643 747 2703 1,
756 2639 797 2688 ιθ.
