<?xml version="1.0" encoding="UTF-8"?>
<!DOCTYPE html PUBLIC "-//W3C//DTD XHTML 1.0 Transitional//EN"
    "http://www.w3.org/TR/xhtml1/DTD/xhtml1-transitional.dtd">
<html xmlns="http://www.w3.org/1999/xhtml" xml:lang="en" lang="en">
 <head>
  <title>
</title>
<meta http-equiv="Content-Type" content="text/html;charset=utf-8" />
  <meta name='ocr-system' content='tesseract 3.04.00' />
  <meta name='ocr-capabilities' content='ocr_page ocr_carea ocr_par ocr_line ocrx_word'/>
</head>
<body>
  <div class='ocr_page' id='page_1' title='image "./summatheologica01nicogoog_0708.png"; bbox 0 0 1942 3284; ppageno 0'>
   <div class='ocr_carea' id='block_1_1' title="bbox 121 146 778 208">
    <p class='ocr_par' dir='ltr' id='par_1_1' title="bbox 121 146 778 208">
     <span class='ocr_line' id='line_1_1' title="bbox 121 146 778 208; baseline 0.002 -16"><span class='ocrx_word' id='word_1_1' title='bbox 121 146 168 193; x_wconf 83' lang='lat' dir='ltr'>‘lto</span> <span class='ocrx_word' id='word_1_2' title='bbox 267 156 465 207; x_wconf 72' lang='lat' dir='ltr'>warunnam,</span> <span class='ocrx_word' id='word_1_3' title='bbox 482 156 576 201; x_wconf 78' lang='lat' dir='ltr'>onnsr.</span> <span class='ocrx_word' id='word_1_4' title='bbox 591 156 656 208; x_wconf 80' lang='lat' dir='ltr'>run,</span> <span class='ocrx_word' id='word_1_5' title='bbox 674 156 734 195; x_wconf 79' lang='lat' dir='ltr'>aar.</span> <span class='ocrx_word' id='word_1_6' title='bbox 751 156 778 194; x_wconf 91' lang='lat' dir='ltr'>u.</span> 
     </span>
    </p>
   </div>
   <div class='ocr_carea' id='block_1_2' title="bbox 119 230 927 368">
    <p class='ocr_par' dir='ltr' id='par_1_2' title="bbox 119 230 927 368">
     <span class='ocr_line' id='line_1_2' title="bbox 119 230 927 296; baseline 0 -13"><span class='ocrx_word' id='word_1_7' title='bbox 119 235 144 283; x_wconf 84' lang='lat' dir='ltr'>et</span> <span class='ocrx_word' id='word_1_8' title='bbox 156 232 223 292; x_wconf 80' lang='lat' dir='ltr'>cccli,</span> <span class='ocrx_word' id='word_1_9' title='bbox 242 232 297 296; x_wconf 79' lang='lat' dir='ltr'>quia</span> <span class='ocrx_word' id='word_1_10' title='bbox 309 247 338 282; x_wconf 84' lang='lat' dir='ltr'>ex</span> <span class='ocrx_word' id='word_1_11' title='bbox 352 234 396 282; x_wconf 93' lang='lat' dir='ltr'>hoc</span> <span class='ocrx_word' id='word_1_12' title='bbox 408 232 459 295; x_wconf 87' lang='lat' dir='ltr'>ipso</span> <span class='ocrx_word' id='word_1_13' title='bbox 476 230 537 296; x_wconf 81' lang='lat' dir='ltr'>qudd</span> <span class='ocrx_word' id='word_1_14' title='bbox 550 231 619 283; x_wconf 91' lang='lat' dir='ltr'>alicui</span> <span class='ocrx_word' id='word_1_15' title='bbox 639 232 745 296; x_wconf 85' lang='lat' dir='ltr'>aperitur</span> <span class='ocrx_word' id='word_1_16' title='bbox 757 246 851 295; x_wconf 76' lang='lat' dir='ltr'>mum,</span> <span class='ocrx_word' id='word_1_17' title='bbox 864 232 927 283; x_wconf 86' lang='lat' dir='ltr'>clar-</span> 
     </span>
     <span class='ocr_line' id='line_1_3' title="bbox 120 302 689 368; baseline 0.002 -15"><span class='ocrx_word' id='word_1_18' title='bbox 120 302 183 353; x_wconf 88' lang='lat' dir='ltr'>ditur</span> <span class='ocrx_word' id='word_1_19' title='bbox 195 304 305 366; x_wconf 84' lang='lat' dir='ltr'>alterum3</span> <span class='ocrx_word' id='word_1_20' title='bbox 320 304 360 354; x_wconf 89' lang='lat' dir='ltr'>sed</span> <span class='ocrx_word' id='word_1_21' title='bbox 379 303 539 354; x_wconf 80' lang='lat' dir='ltr'><strong>denominatur</strong></span> <span class='ocrx_word' id='word_1_22' title='bbox 552 303 566 353; x_wconf 80' lang='lat' dir='ltr'>a</span> <span class='ocrx_word' id='word_1_23' title='bbox 580 304 689 368; x_wconf 82' lang='lat' dir='ltr'>digniori.</span> 
     </span>
    </p>
   </div>
   <div class='ocr_carea' id='block_1_3' title="bbox 191 480 962 675">
    <p class='ocr_par' dir='ltr' id='par_1_3' title="bbox 191 480 962 675">
     <span class='ocr_line' id='line_1_4' title="bbox 410 480 622 533; baseline 0 -2"><span class='ocrx_word' id='word_1_24' title='bbox 410 480 572 533; x_wconf 82' lang='lat' dir='ltr'>th&#39;lCULUS</span> <span class='ocrx_word' id='word_1_25' title='bbox 591 482 622 531; x_wconf 89' lang='lat' dir='ltr'>ll.</span> 
     </span>
     <span class='ocr_line' id='line_1_5' title="bbox 191 606 962 675; baseline 0 -23"><span class='ocrx_word' id='word_1_26' title='bbox 191 606 276 653; x_wconf 78' lang='lat' dir='ltr'>Utrdm</span> <span class='ocrx_word' id='word_1_27' title='bbox 287 607 361 652; x_wconf 79' lang='lat' dir='ltr'>clavia</span> <span class='ocrx_word' id='word_1_28' title='bbox 378 607 410 651; x_wconf 81' lang='lat' dir='ltr'>ait</span> <span class='ocrx_word' id='word_1_29' title='bbox 423 610 526 664; x_wconf 75' lang='lat' dir='ltr'>potestne</span> <span class='ocrx_word' id='word_1_30' title='bbox 539 607 633 663; x_wconf 69' lang='lat' dir='ltr'>licendi</span> <span class='ocrx_word' id='word_1_31' title='bbox 643 610 666 651; x_wconf 85' lang='lat' dir='ltr'>ct</span> <span class='ocrx_word' id='word_1_32' title='bbox 681 607 799 663; x_wconf 79' lang='lat' dir='ltr'>solvendi,</span> <span class='ocrx_word' id='word_1_33' title='bbox 817 611 867 653; x_wconf 81' lang='lat' dir='ltr'>etc.</span> <span class='ocrx_word' id='word_1_34' title='bbox 961 666 962 675; x_wconf 11' lang='grc' dir='ltr'>ἵ</span> 
     </span>
    </p>
   </div>
   <div class='ocr_carea' id='block_1_4' title="bbox 117 731 966 2223">
    <p class='ocr_par' dir='ltr' id='par_1_4' title="bbox 117 731 928 1298">
     <span class='ocr_line' id='line_1_6' title="bbox 151 731 928 797; baseline -0.003 -12"><span class='ocrx_word' id='word_1_35' title='bbox 151 735 186 785; x_wconf 79' lang='lat' dir='ltr'>dd</span> <span class='ocrx_word' id='word_1_36' title='bbox 203 732 327 784; x_wconf 87' lang='lat' dir='ltr'>secuudum</span> <span class='ocrx_word' id='word_1_37' title='bbox 345 732 379 783; x_wconf 88' lang='lat' dir='ltr'>sic</span> <span class='ocrx_word' id='word_1_38' title='bbox 396 732 535 797; x_wconf 88' lang='lat' dir='ltr'>pmceditur.</span> <span class='ocrx_word' id='word_1_39' title='bbox 553 732 649 782; x_wconf 89' lang='lat' dir='ltr'>llidetur</span> <span class='ocrx_word' id='word_1_40' title='bbox 666 731 728 795; x_wconf 83' lang='lat' dir='ltr'>qudd</span> <span class='ocrx_word' id='word_1_41' title='bbox 742 732 818 783; x_wconf 83' lang='lat' dir='ltr'>clauis</span> <span class='ocrx_word' id='word_1_42' title='bbox 834 747 882 785; x_wconf 85' lang='lat' dir='ltr'>uon</span> <span class='ocrx_word' id='word_1_43' title='bbox 902 734 928 784; x_wconf 85' lang='lat' dir='ltr'>sit</span> 
     </span>
     <span class='ocr_line' id='line_1_7' title="bbox 121 803 925 870; baseline 0 -15"><span class='ocrx_word' id='word_1_44' title='bbox 121 809 246 870; x_wconf 71' lang='lat' dir='ltr'>«potestas</span> <span class='ocrx_word' id='word_1_45' title='bbox 255 804 341 868; x_wconf 81' lang='lat' dir='ltr'>ligandi</span> <span class='ocrx_word' id='word_1_46' title='bbox 352 807 377 855; x_wconf 91' lang='lat' dir='ltr'>et</span> <span class='ocrx_word' id='word_1_47' title='bbox 385 804 499 865; x_wconf 87' lang='lat' dir='ltr'>solvendi,</span> <span class='ocrx_word' id='word_1_48' title='bbox 511 816 557 867; x_wconf 88' lang='lat' dir='ltr'>qua</span> <span class='ocrx_word' id='word_1_49' title='bbox 568 803 748 853; x_wconf 74' lang='lat' dir='ltr'>Ecclesiasticus</span> <span class='ocrx_word' id='word_1_50' title='bbox 756 804 835 867; x_wconf 81' lang='lat' dir='ltr'>judex</span> <span class='ocrx_word' id='word_1_51' title='bbox 849 804 925 868; x_wconf 77' lang='lat' dir='ltr'>dignos</span> 
     </span>
     <span class='ocr_line' id='line_1_8' title="bbox 118 873 925 941; baseline 0 -15"><span class='ocrx_word' id='word_1_52' title='bbox 118 876 237 941; x_wconf 89' lang='lat' dir='ltr'>recipere,</span> <span class='ocrx_word' id='word_1_53' title='bbox 253 875 360 938; x_wconf 77' lang='lat' dir='ltr'>indignos</span> <span class='ocrx_word' id='word_1_54' title='bbox 373 875 493 925; x_wconf 83' lang='lat' dir='ltr'>excludere</span> <span class='ocrx_word' id='word_1_55' title='bbox 507 874 574 925; x_wconf 86' lang='lat' dir='ltr'>dehet</span> <span class='ocrx_word' id='word_1_56' title='bbox 593 873 606 923; x_wconf 83' lang='lat' dir='ltr'>a</span> <span class='ocrx_word' id='word_1_57' title='bbox 626 886 713 937; x_wconf 81' lang='lat' dir='ltr'>reguo,</span> <span class='ocrx_word' id='word_1_58' title='bbox 731 891 747 922; x_wconf 91' lang='lat'>»</span> <span class='ocrx_word' id='word_1_59' title='bbox 766 878 792 925; x_wconf 92' lang='lat' dir='ltr'>ut</span> <span class='ocrx_word' id='word_1_60' title='bbox 810 888 843 926; x_wconf 87' lang='lat' dir='ltr'>ex</span> <span class='ocrx_word' id='word_1_61' title='bbox 856 876 925 926; x_wconf 83' lang='lat' dir='ltr'>littera</span> 
     </span>
     <span class='ocr_line' id='line_1_9' title="bbox 117 945 925 1011; baseline -0.001 -15"><span class='ocrx_word' id='word_1_62' title='bbox 117 946 170 1009; x_wconf 81' lang='lat' dir='ltr'>(lv.</span> <span class='ocrx_word' id='word_1_63' title='bbox 181 946 300 1004; x_wconf 74' lang='lat' dir='ltr'>Sentent„</span> <span class='ocrx_word' id='word_1_64' title='bbox 316 945 370 997; x_wconf 89' lang='lat' dir='ltr'>dist.</span> <span class='ocrx_word' id='word_1_65' title='bbox 385 946 435 1008; x_wconf 82' lang='lat'><strong>18),</strong></span> <span class='ocrx_word' id='word_1_66' title='bbox 448 946 555 1005; x_wconf 90' lang='lat' dir='ltr'>hahetur,</span> <span class='ocrx_word' id='word_1_67' title='bbox 574 949 597 995; x_wconf 89' lang='lat' dir='ltr'>et</span> <span class='ocrx_word' id='word_1_68' title='bbox 614 958 643 995; x_wconf 83' lang='lat' dir='ltr'>ex</span> <span class='ocrx_word' id='word_1_69' title='bbox 656 946 738 996; x_wconf 81' lang='lat' dir='ltr'>Glossa</span> <span class='ocrx_word' id='word_1_70' title='bbox 753 946 894 1011; x_wconf 75' lang='lat' dir='ltr'>Hieronymi</span> <span class='ocrx_word' id='word_1_71' title='bbox 907 948 925 995; x_wconf 90' lang='lat' dir='ltr'>iu</span> 
     </span>
     <span class='ocr_line' id='line_1_10' title="bbox 120 1016 924 1081; baseline -0.001 -11"><span class='ocrx_word' id='word_1_72' title='bbox 120 1019 225 1078; x_wconf 76' lang='lat' dir='ltr'>alceta,</span> <span class='ocrx_word' id='word_1_73' title='bbox 239 1020 299 1069; x_wconf 91' lang='lat' dir='ltr'>lllll.</span> <span class='ocrx_word' id='word_1_74' title='bbox 313 1019 418 1069; x_wconf 74' lang='lat' dir='ltr'>Potestas</span> <span class='ocrx_word' id='word_1_75' title='bbox 428 1018 491 1068; x_wconf 90' lang='lat' dir='ltr'>enim</span> <span class='ocrx_word' id='word_1_76' title='bbox 502 1016 627 1081; x_wconf 87' lang='lat' dir='ltr'>spiritualis</span> <span class='ocrx_word' id='word_1_77' title='bbox 640 1016 665 1065; x_wconf 89' lang='lat' dir='ltr'>iu</span> <span class='ocrx_word' id='word_1_78' title='bbox 679 1022 830 1069; x_wconf 88' lang='lat' dir='ltr'>sacramento</span> <span class='ocrx_word' id='word_1_79' title='bbox 841 1018 924 1073; x_wconf 79' lang='lat' dir='ltr'>collata</span> 
     </span>
     <span class='ocr_line' id='line_1_11' title="bbox 119 1089 927 1155; baseline -0.002 -14"><span class='ocrx_word' id='word_1_80' title='bbox 119 1094 156 1141; x_wconf 83' lang='lat' dir='ltr'>cst</span> <span class='ocrx_word' id='word_1_81' title='bbox 169 1089 231 1141; x_wconf 88' lang='lat' dir='ltr'>idem</span> <span class='ocrx_word' id='word_1_82' title='bbox 246 1090 306 1155; x_wconf 83' lang='lat' dir='ltr'>quod</span> <span class='ocrx_word' id='word_1_83' title='bbox 321 1092 445 1140; x_wconf 75' lang='lat' dir='ltr'>character.</span> <span class='ocrx_word' id='word_1_84' title='bbox 455 1090 502 1140; x_wconf 87' lang='lat' dir='ltr'>Sed</span> <span class='ocrx_word' id='word_1_85' title='bbox 515 1090 585 1140; x_wconf 88' lang='lat' dir='ltr'>clauis</span> <span class='ocrx_word' id='word_1_86' title='bbox 595 1094 618 1140; x_wconf 90' lang='lat' dir='ltr'>et</span> <span class='ocrx_word' id='word_1_87' title='bbox 629 1090 748 1139; x_wconf 84' lang='lat' dir='ltr'>character</span> <span class='ocrx_word' id='word_1_88' title='bbox 761 1102 810 1139; x_wconf 92' lang='lat' dir='ltr'>nou</span> <span class='ocrx_word' id='word_1_89' title='bbox 824 1090 927 1141; x_wconf 82' lang='lat' dir='ltr'>videntur</span> 
     </span>
     <span class='ocr_line' id='line_1_12' title="bbox 119 1160 925 1226; baseline -0.002 -13"><span class='ocrx_word' id='word_1_90' title='bbox 119 1162 181 1213; x_wconf 87' lang='lat' dir='ltr'>idem</span> <span class='ocrx_word' id='word_1_91' title='bbox 199 1175 265 1225; x_wconf 89' lang='lat' dir='ltr'>csse;</span> <span class='ocrx_word' id='word_1_92' title='bbox 279 1163 332 1224; x_wconf 87' lang='lat' dir='ltr'>quia</span> <span class='ocrx_word' id='word_1_93' title='bbox 343 1175 383 1226; x_wconf 91' lang='lat' dir='ltr'>per</span> <span class='ocrx_word' id='word_1_94' title='bbox 394 1164 548 1211; x_wconf 85' lang='lat' dir='ltr'>characterem</span> <span class='ocrx_word' id='word_1_95' title='bbox 564 1162 632 1211; x_wconf 94' lang='lat' dir='ltr'>homo</span> <span class='ocrx_word' id='word_1_96' title='bbox 646 1162 673 1211; x_wconf 90' lang='lat' dir='ltr'>ad</span> <span class='ocrx_word' id='word_1_97' title='bbox 687 1160 759 1211; x_wconf 85' lang='lat' dir='ltr'>Deum</span> <span class='ocrx_word' id='word_1_98' title='bbox 774 1165 925 1226; x_wconf 82' lang='lat' dir='ltr'>comparatur,</span> 
     </span>
     <span class='ocr_line' id='line_1_13' title="bbox 118 1232 900 1298; baseline -0.005 -15"><span class='ocrx_word' id='word_1_99' title='bbox 118 1246 163 1298; x_wconf 89' lang='lat' dir='ltr'>per</span> <span class='ocrx_word' id='word_1_100' title='bbox 176 1235 251 1283; x_wconf 85' lang='lat' dir='ltr'>claues</span> <span class='ocrx_word' id='word_1_101' title='bbox 263 1237 338 1282; x_wconf 89' lang='lat' dir='ltr'>autem</span> <span class='ocrx_word' id='word_1_102' title='bbox 352 1234 380 1283; x_wconf 89' lang='lat' dir='ltr'>ad</span> <span class='ocrx_word' id='word_1_103' title='bbox 396 1234 509 1283; x_wconf 90' lang='lat' dir='ltr'>suhditos.</span> <span class='ocrx_word' id='word_1_104' title='bbox 526 1233 585 1295; x_wconf 76' lang='lat' dir='ltr'>Ergo</span> <span class='ocrx_word' id='word_1_105' title='bbox 594 1232 664 1282; x_wconf 87' lang='lat' dir='ltr'>clavis</span> <span class='ocrx_word' id='word_1_106' title='bbox 675 1244 721 1281; x_wconf 93' lang='lat' dir='ltr'>uon</span> <span class='ocrx_word' id='word_1_107' title='bbox 737 1236 775 1282; x_wconf 86' lang='lat' dir='ltr'>est</span> <span class='ocrx_word' id='word_1_108' title='bbox 785 1238 900 1296; x_wconf 88' lang='lat' dir='ltr'>poteslas.</span> 
     </span>
    </p>

    <p class='ocr_par' dir='ltr' id='par_1_5' title="bbox 119 1303 965 1581">
     <span class='ocr_line' id='line_1_14' title="bbox 153 1303 928 1368; baseline 0.001 -14"><span class='ocrx_word' id='word_1_109' title='bbox 153 1310 178 1354; x_wconf 75' lang='lat'>2.</span> <span class='ocrx_word' id='word_1_110' title='bbox 192 1307 320 1365; x_wconf 80' lang='lat' dir='ltr'>Praeterea,</span> <span class='ocrx_word' id='word_1_111' title='bbox 332 1304 403 1368; x_wconf 81' lang='lat' dir='ltr'>judex</span> <span class='ocrx_word' id='word_1_112' title='bbox 422 1303 593 1355; x_wconf 80' lang='lat' dir='ltr'>Ecclesiasticus</span> <span class='ocrx_word' id='word_1_113' title='bbox 612 1318 658 1355; x_wconf 91' lang='lat' dir='ltr'>nou</span> <span class='ocrx_word' id='word_1_114' title='bbox 676 1304 761 1354; x_wconf 89' lang='lat' dir='ltr'>dicitur</span> <span class='ocrx_word' id='word_1_115' title='bbox 777 1304 827 1355; x_wconf 89' lang='lat' dir='ltr'>nisi</span> <span class='ocrx_word' id='word_1_116' title='bbox 841 1306 881 1355; x_wconf 89' lang='lat' dir='ltr'>ille</span> <span class='ocrx_word' id='word_1_117' title='bbox 894 1304 928 1368; x_wconf 77' lang='lat' dir='ltr'>nui</span> 
     </span>
     <span class='ocr_line' id='line_1_15' title="bbox 121 1375 926 1439; baseline 0.002 -14"><span class='ocrx_word' id='word_1_118' title='bbox 121 1376 190 1426; x_wconf 91' lang='lat' dir='ltr'>hahet</span> <span class='ocrx_word' id='word_1_119' title='bbox 203 1375 386 1439; x_wconf 71' lang='lat' dir='ltr'>iurisdictionem</span> <span class='ocrx_word' id='word_1_120' title='bbox 397 1412 406 1438; x_wconf 90' lang='lat'><em>,</em></span> <span class='ocrx_word' id='word_1_121' title='bbox 417 1388 468 1439; x_wconf 81' lang='lat' dir='ltr'>que</span> <span class='ocrx_word' id='word_1_122' title='bbox 485 1375 553 1429; x_wconf 85' lang='lat' dir='ltr'>simul</span> <span class='ocrx_word' id='word_1_123' title='bbox 567 1388 619 1425; x_wconf 92' lang='lat' dir='ltr'>cnm</span> <span class='ocrx_word' id='word_1_124' title='bbox 633 1375 710 1426; x_wconf 90' lang='lat' dir='ltr'>ordine</span> <span class='ocrx_word' id='word_1_125' title='bbox 728 1388 777 1425; x_wconf 92' lang='lat' dir='ltr'>uou</span> <span class='ocrx_word' id='word_1_126' title='bbox 794 1376 874 1426; x_wconf 88' lang='lat' dir='ltr'>datur.</span> <span class='ocrx_word' id='word_1_127' title='bbox 890 1376 926 1427; x_wconf 82' lang='lat' dir='ltr'>sel</span> 
     </span>
     <span class='ocr_line' id='line_1_16' title="bbox 119 1444 925 1510; baseline 0 -13"><span class='ocrx_word' id='word_1_128' title='bbox 119 1446 197 1497; x_wconf 84' lang='lat' dir='ltr'>claues</span> <span class='ocrx_word' id='word_1_129' title='bbox 206 1447 231 1496; x_wconf 93' lang='lat' dir='ltr'>iu</span> <span class='ocrx_word' id='word_1_130' title='bbox 246 1446 332 1497; x_wconf 88' lang='lat' dir='ltr'>ordinis</span> <span class='ocrx_word' id='word_1_131' title='bbox 345 1447 496 1510; x_wconf 82' lang='lat' dir='ltr'>susceptione</span> <span class='ocrx_word' id='word_1_132' title='bbox 511 1444 667 1497; x_wconf 82' lang='lat' dir='ltr'>conferuntur.</span> <span class='ocrx_word' id='word_1_133' title='bbox 676 1446 737 1509; x_wconf 82' lang='lat' dir='ltr'>Ergo</span> <span class='ocrx_word' id='word_1_134' title='bbox 751 1460 801 1498; x_wconf 91' lang='lat' dir='ltr'>nou</span> <span class='ocrx_word' id='word_1_135' title='bbox 811 1447 892 1497; x_wconf 85' lang='lat' dir='ltr'>debuit</span> <span class='ocrx_word' id='word_1_136' title='bbox 902 1447 925 1497; x_wconf 86' lang='lat' dir='ltr'>de</span> 
     </span>
     <span class='ocr_line' id='line_1_17' title="bbox 120 1516 965 1581; baseline -0.001 -14"><span class='ocrx_word' id='word_1_137' title='bbox 120 1517 279 1568; x_wconf 85' lang='lat' dir='ltr'>Ecclesiastico</span> <span class='ocrx_word' id='word_1_138' title='bbox 294 1517 371 1581; x_wconf 87' lang='lat' dir='ltr'>judice</span> <span class='ocrx_word' id='word_1_139' title='bbox 381 1516 407 1565; x_wconf 90' lang='lat' dir='ltr'>iu</span> <span class='ocrx_word' id='word_1_140' title='bbox 424 1516 556 1567; x_wconf 86' lang='lat' dir='ltr'>defiuitione</span> <span class='ocrx_word' id='word_1_141' title='bbox 570 1516 668 1574; x_wconf 86' lang='lat' dir='ltr'>clavium</span> <span class='ocrx_word' id='word_1_142' title='bbox 683 1517 773 1568; x_wconf 86' lang='lat' dir='ltr'>mentio</span> <span class='ocrx_word' id='word_1_143' title='bbox 788 1517 853 1567; x_wconf 86' lang='lat' dir='ltr'>heri.</span> <span class='ocrx_word' id='word_1_144' title='bbox 964 1554 965 1561; x_wconf 14' lang='grc' dir='ltr'><strong>κ</strong></span> 
     </span>
    </p>

    <p class='ocr_par' dir='ltr' id='par_1_6' title="bbox 119 1588 966 2151">
     <span class='ocr_line' id='line_1_18' title="bbox 154 1588 925 1654; baseline -0.001 -14"><span class='ocrx_word' id='word_1_145' title='bbox 154 1594 176 1639; x_wconf 78' lang='lat' dir='ltr'>t.</span> <span class='ocrx_word' id='word_1_146' title='bbox 192 1591 317 1650; x_wconf 77' lang='lat' dir='ltr'>Praeterea,</span> <span class='ocrx_word' id='word_1_147' title='bbox 328 1589 356 1638; x_wconf 91' lang='lat' dir='ltr'>ad</span> <span class='ocrx_word' id='word_1_148' title='bbox 370 1588 393 1638; x_wconf 92' lang='lat' dir='ltr'>id</span> <span class='ocrx_word' id='word_1_149' title='bbox 409 1589 469 1651; x_wconf 88' lang='lat' dir='ltr'>quod</span> <span class='ocrx_word' id='word_1_150' title='bbox 482 1588 563 1651; x_wconf 84' lang='lat' dir='ltr'>aliquis</span> <span class='ocrx_word' id='word_1_151' title='bbox 571 1588 640 1638; x_wconf 90' lang='lat' dir='ltr'>hahet</span> <span class='ocrx_word' id='word_1_152' title='bbox 651 1601 679 1637; x_wconf 85' lang='lat' dir='ltr'>er</span> <span class='ocrx_word' id='word_1_153' title='bbox 690 1588 768 1653; x_wconf 88' lang='lat' dir='ltr'>scipso</span> <span class='ocrx_word' id='word_1_154' title='bbox 780 1600 830 1640; x_wconf 91' lang='lat' dir='ltr'>uon</span> <span class='ocrx_word' id='word_1_155' title='bbox 843 1590 925 1654; x_wconf 79' lang='lat' dir='ltr'>indiget</span> 
     </span>
     <span class='ocr_line' id='line_1_19' title="bbox 121 1660 925 1726; baseline -0.001 -13"><span class='ocrx_word' id='word_1_156' title='bbox 121 1660 196 1725; x_wconf 85' lang='lat' dir='ltr'>aliqua</span> <span class='ocrx_word' id='word_1_157' title='bbox 213 1665 326 1726; x_wconf 82' lang='lat' dir='ltr'>potestate</span> <span class='ocrx_word' id='word_1_158' title='bbox 341 1660 429 1721; x_wconf 82' lang='lat' dir='ltr'>activa,</span> <span class='ocrx_word' id='word_1_159' title='bbox 443 1673 484 1723; x_wconf 92' lang='lat' dir='ltr'>per</span> <span class='ocrx_word' id='word_1_160' title='bbox 501 1672 569 1723; x_wconf 84' lang='lat' dir='ltr'>qnam</span> <span class='ocrx_word' id='word_1_161' title='bbox 586 1660 708 1711; x_wconf 87' lang='lat' dir='ltr'>reducatur</span> <span class='ocrx_word' id='word_1_162' title='bbox 729 1662 758 1710; x_wconf 94' lang='lat' dir='ltr'>ad</span> <span class='ocrx_word' id='word_1_163' title='bbox 780 1662 925 1711; x_wconf 72' lang='lat' dir='ltr'>natumsed</span> 
     </span>
     <span class='ocr_line' id='line_1_20' title="bbox 120 1732 924 1797; baseline -0.001 -13"><span class='ocrx_word' id='word_1_164' title='bbox 120 1745 149 1784; x_wconf 85' lang='lat' dir='ltr'>eo</span> <span class='ocrx_word' id='word_1_165' title='bbox 168 1734 219 1797; x_wconf 87' lang='lat' dir='ltr'>ipso</span> <span class='ocrx_word' id='word_1_166' title='bbox 233 1745 279 1797; x_wconf 79' lang='lat' dir='ltr'>quo</span> <span class='ocrx_word' id='word_1_167' title='bbox 293 1732 378 1795; x_wconf 87' lang='lat' dir='ltr'>aliquis</span> <span class='ocrx_word' id='word_1_168' title='bbox 396 1735 432 1781; x_wconf 88' lang='lat' dir='ltr'>est</span> <span class='ocrx_word' id='word_1_169' title='bbox 448 1732 544 1795; x_wconf 83' lang='lat' dir='ltr'>dignus,</span> <span class='ocrx_word' id='word_1_170' title='bbox 557 1732 584 1781; x_wconf 91' lang='lat' dir='ltr'>ad</span> <span class='ocrx_word' id='word_1_171' title='bbox 600 1744 696 1794; x_wconf 83' lang='lat' dir='ltr'>reguum</span> <span class='ocrx_word' id='word_1_172' title='bbox 712 1732 857 1782; x_wconf 88' lang='lat' dir='ltr'>admittitur.</span> <span class='ocrx_word' id='word_1_173' title='bbox 874 1734 924 1795; x_wconf 74' lang='lat' dir='ltr'>Ergo</span> 
     </span>
     <span class='ocr_line' id='line_1_21' title="bbox 121 1802 925 1869; baseline -0.004 -13"><span class='ocrx_word' id='word_1_174' title='bbox 121 1817 169 1856; x_wconf 86' lang='lat' dir='ltr'>hon</span> <span class='ocrx_word' id='word_1_175' title='bbox 181 1804 282 1869; x_wconf 71' lang='lat' dir='ltr'>pertinet</span> <span class='ocrx_word' id='word_1_176' title='bbox 291 1804 319 1853; x_wconf 90' lang='lat' dir='ltr'>ad</span> <span class='ocrx_word' id='word_1_177' title='bbox 330 1806 466 1867; x_wconf 87' lang='lat' dir='ltr'>potestatem</span> <span class='ocrx_word' id='word_1_178' title='bbox 479 1803 578 1852; x_wconf 84' lang='lat' dir='ltr'>clavium</span> <span class='ocrx_word' id='word_1_179' title='bbox 595 1802 676 1865; x_wconf 79' lang='lat' dir='ltr'>dignos</span> <span class='ocrx_word' id='word_1_180' title='bbox 691 1803 718 1853; x_wconf 90' lang='lat' dir='ltr'>ad</span> <span class='ocrx_word' id='word_1_181' title='bbox 733 1816 835 1866; x_wconf 79' lang='lat' dir='ltr'>reguum</span> <span class='ocrx_word' id='word_1_182' title='bbox 848 1804 925 1855; x_wconf 84' lang='lat' dir='ltr'>admit·</span> 
     </span>
     <span class='ocr_line' id='line_1_22' title="bbox 123 1878 966 1925; baseline -0.005 0"><span class='ocrx_word' id='word_1_183' title='bbox 123 1878 181 1925; x_wconf 88' lang='lat' dir='ltr'>tere.</span> <span class='ocrx_word' id='word_1_184' title='bbox 965 1904 966 1921; x_wconf 63' lang='lat'>2</span> 
     </span>
     <span class='ocr_line' id='line_1_23' title="bbox 154 1944 966 2009; baseline 0.002 -14"><span class='ocrx_word' id='word_1_185' title='bbox 154 1950 176 1996; x_wconf 85' lang='lat' dir='ltr'>t.</span> <span class='ocrx_word' id='word_1_186' title='bbox 192 1946 314 2007; x_wconf 70' lang='lat' dir='ltr'>umora,</span> <span class='ocrx_word' id='word_1_187' title='bbox 334 1948 463 2007; x_wconf 79' lang='lat' dir='ltr'>peccatores</span> <span class='ocrx_word' id='word_1_188' title='bbox 483 1944 574 2007; x_wconf 82' lang='lat' dir='ltr'>indigui</span> <span class='ocrx_word' id='word_1_189' title='bbox 590 1947 643 1995; x_wconf 88' lang='lat' dir='ltr'>sunt</span> <span class='ocrx_word' id='word_1_190' title='bbox 660 1958 739 2009; x_wconf 79' lang='lat' dir='ltr'>reguo.</span> <span class='ocrx_word' id='word_1_191' title='bbox 753 1945 801 1995; x_wconf 84' lang='lat' dir='ltr'>Sed</span> <span class='ocrx_word' id='word_1_192' title='bbox 823 1944 924 1997; x_wconf 78' lang='lat' dir='ltr'>Ecclrs&#39;c</span> <span class='ocrx_word' id='word_1_193' title='bbox 965 1994 966 1997; x_wconf 74' lang='grc'>,</span> 
     </span>
     <span class='ocr_line' id='line_1_24' title="bbox 120 2015 925 2081; baseline -0.005 -13"><span class='ocrx_word' id='word_1_194' title='bbox 120 2028 162 2081; x_wconf 88' lang='lat' dir='ltr'>pro</span> <span class='ocrx_word' id='word_1_195' title='bbox 185 2015 340 2079; x_wconf 79' lang='lat' dir='ltr'>peecatoribus</span> <span class='ocrx_word' id='word_1_196' title='bbox 356 2021 406 2066; x_wconf 91' lang='lat' dir='ltr'>orat</span> <span class='ocrx_word' id='word_1_197' title='bbox 424 2021 452 2067; x_wconf 91' lang='lat' dir='ltr'>nt</span> <span class='ocrx_word' id='word_1_198' title='bbox 470 2017 498 2067; x_wconf 88' lang='lat' dir='ltr'>ad</span> <span class='ocrx_word' id='word_1_199' title='bbox 521 2030 617 2079; x_wconf 81' lang='lat' dir='ltr'>reguum</span> <span class='ocrx_word' id='word_1_200' title='bbox 632 2016 778 2081; x_wconf 76' lang='lat' dir='ltr'>perveniunt.</span> <span class='ocrx_word' id='word_1_201' title='bbox 804 2019 868 2081; x_wconf 77' lang='lat' dir='ltr'>Ergo</span> <span class='ocrx_word' id='word_1_202' title='bbox 885 2029 925 2067; x_wconf 86' lang='lat' dir='ltr'>ocu</span> 
     </span>
     <span class='ocr_line' id='line_1_25' title="bbox 119 2086 884 2151; baseline 0.001 -13"><span class='ocrx_word' id='word_1_203' title='bbox 119 2088 222 2139; x_wconf 74' lang='lat' dir='ltr'>excludit</span> <span class='ocrx_word' id='word_1_204' title='bbox 231 2087 349 2151; x_wconf 74' lang='lat' dir='ltr'>indignos,</span> <span class='ocrx_word' id='word_1_205' title='bbox 366 2089 407 2138; x_wconf 87' lang='lat' dir='ltr'>sed</span> <span class='ocrx_word' id='word_1_206' title='bbox 422 2088 495 2151; x_wconf 77' lang='lat' dir='ltr'>magis</span> <span class='ocrx_word' id='word_1_207' title='bbox 506 2088 619 2149; x_wconf 85' lang='lat' dir='ltr'>admittit,</span> <span class='ocrx_word' id='word_1_208' title='bbox 633 2086 781 2150; x_wconf 77' lang='lat' dir='ltr'>quantumin</span> <span class='ocrx_word' id='word_1_209' title='bbox 795 2102 824 2139; x_wconf 82' lang='lat' dir='ltr'>ee</span> <span class='ocrx_word' id='word_1_210' title='bbox 834 2092 884 2139; x_wconf 88' lang='lat' dir='ltr'>est.</span> 
     </span>
    </p>

    <p class='ocr_par' dir='ltr' id='par_1_7' title="bbox 152 2158 966 2223">
     <span class='ocr_line' id='line_1_26' title="bbox 152 2158 966 2223; baseline -0.002 -16"><span class='ocrx_word' id='word_1_211' title='bbox 152 2163 175 2208; x_wconf 80' lang='lat'>5.</span> <span class='ocrx_word' id='word_1_212' title='bbox 195 2160 326 2221; x_wconf 81' lang='lat' dir='ltr'>Preterea,·</span> <span class='ocrx_word' id='word_1_213' title='bbox 337 2158 362 2207; x_wconf 94' lang='lat' dir='ltr'>iu</span> <span class='ocrx_word' id='word_1_214' title='bbox 376 2160 480 2210; x_wconf 90' lang='lat' dir='ltr'>omnihus</span> <span class='ocrx_word' id='word_1_215' title='bbox 499 2160 618 2223; x_wconf 82' lang='lat' dir='ltr'>agentibus</span> <span class='ocrx_word' id='word_1_216' title='bbox 636 2158 746 2209; x_wconf 86' lang='lat' dir='ltr'>ordinatis</span> <span class='ocrx_word' id='word_1_217' title='bbox 759 2158 861 2211; x_wconf 90' lang='lat' dir='ltr'>ultimus</span> <span class='ocrx_word' id='word_1_218' title='bbox 877 2160 925 2210; x_wconf 77' lang='lat' dir='ltr'>duis</span> <span class='ocrx_word' id='word_1_219' title='bbox 965 2160 966 2205; x_wconf 84' lang='lat' dir='ltr'>l</span> 
     </span>
    </p>
   </div>
   <div class='ocr_carea' id='block_1_5' title="bbox 9 2229 966 2295">
    <p class='ocr_par' dir='ltr' id='par_1_8' title="bbox 9 2229 966 2295">
     <span class='ocr_line' id='line_1_27' title="bbox 9 2229 966 2295; baseline 0.006 -17"><span class='ocrx_word' id='word_1_220' title='bbox 9 2255 15 2270; x_wconf 55' lang='grc' dir='ltr'><em>ι</em></span> <span class='ocrx_word' id='word_1_221' title='bbox 119 2229 220 2294; x_wconf 90' lang='lat' dir='ltr'>pertinet</span> <span class='ocrx_word' id='word_1_222' title='bbox 232 2232 261 2281; x_wconf 89' lang='lat' dir='ltr'>ad</span> <span class='ocrx_word' id='word_1_223' title='bbox 272 2230 399 2295; x_wconf 88' lang='lat' dir='ltr'>principale</span> <span class='ocrx_word' id='word_1_224' title='bbox 409 2244 488 2294; x_wconf 81' lang='lat' dir='ltr'>agens,</span> <span class='ocrx_word' id='word_1_225' title='bbox 501 2246 545 2282; x_wconf 90' lang='lat' dir='ltr'>uon</span> <span class='ocrx_word' id='word_1_226' title='bbox 559 2232 588 2281; x_wconf 89' lang='lat' dir='ltr'>ad</span> <span class='ocrx_word' id='word_1_227' title='bbox 601 2244 671 2295; x_wconf 78' lang='lat' dir='ltr'>agens</span> <span class='ocrx_word' id='word_1_228' title='bbox 681 2231 870 2283; x_wconf 85' lang='lat' dir='ltr'>iustrumentale.</span> <span class='ocrx_word' id='word_1_229' title='bbox 886 2232 926 2283; x_wconf 80' lang='lat' dir='ltr'>sel</span> <span class='ocrx_word' id='word_1_230' title='bbox 965 2232 966 2249; x_wconf 61' lang='lat'>*</span> 
     </span>
    </p>
   </div>
   <div class='ocr_carea' id='block_1_6' title="bbox 117 2298 925 2720">
    <p class='ocr_par' dir='ltr' id='par_1_9' title="bbox 117 2298 925 2720">
     <span class='ocr_line' id='line_1_28' title="bbox 119 2298 925 2366; baseline 0.005 -17"><span class='ocrx_word' id='word_1_231' title='bbox 119 2298 244 2366; x_wconf 87' lang='lat' dir='ltr'>principale</span> <span class='ocrx_word' id='word_1_232' title='bbox 254 2315 325 2365; x_wconf 73' lang='lat' dir='ltr'>agens</span> <span class='ocrx_word' id='word_1_233' title='bbox 338 2302 475 2352; x_wconf 84' lang='lat' dir='ltr'>adsalutem</span> <span class='ocrx_word' id='word_1_234' title='bbox 492 2302 592 2353; x_wconf 90' lang='lat' dir='ltr'>hominis</span> <span class='ocrx_word' id='word_1_235' title='bbox 604 2306 640 2353; x_wconf 92' lang='lat' dir='ltr'>est</span> <span class='ocrx_word' id='word_1_236' title='bbox 653 2304 721 2353; x_wconf 86' lang='lat' dir='ltr'>heus.</span> <span class='ocrx_word' id='word_1_237' title='bbox 735 2302 797 2365; x_wconf 75' lang='lat' dir='ltr'>Ergo</span> <span class='ocrx_word' id='word_1_238' title='bbox 808 2304 839 2353; x_wconf 83' lang='lat' dir='ltr'>ad</span> <span class='ocrx_word' id='word_1_239' title='bbox 853 2302 925 2353; x_wconf 81' lang='lat' dir='ltr'>ileum</span> 
     </span>
     <span class='ocr_line' id='line_1_29' title="bbox 119 2372 924 2437; baseline 0.002 -16"><span class='ocrx_word' id='word_1_240' title='bbox 119 2372 217 2436; x_wconf 91' lang='lat' dir='ltr'>pertinet</span> <span class='ocrx_word' id='word_1_241' title='bbox 225 2374 252 2423; x_wconf 89' lang='lat' dir='ltr'>ad</span> <span class='ocrx_word' id='word_1_242' title='bbox 263 2386 357 2436; x_wconf 80' lang='lat' dir='ltr'>regnum</span> <span class='ocrx_word' id='word_1_243' title='bbox 367 2372 496 2434; x_wconf 87' lang='lat' dir='ltr'>admittere,</span> <span class='ocrx_word' id='word_1_244' title='bbox 508 2375 568 2437; x_wconf 82' lang='lat' dir='ltr'>quod</span> <span class='ocrx_word' id='word_1_245' title='bbox 580 2378 615 2424; x_wconf 90' lang='lat' dir='ltr'>est</span> <span class='ocrx_word' id='word_1_246' title='bbox 623 2374 718 2424; x_wconf 88' lang='lat' dir='ltr'>ultimus</span> <span class='ocrx_word' id='word_1_247' title='bbox 726 2373 793 2434; x_wconf 89' lang='lat' dir='ltr'>duis,</span> <span class='ocrx_word' id='word_1_248' title='bbox 806 2378 832 2424; x_wconf 87' lang='lat' dir='ltr'>et</span> <span class='ocrx_word' id='word_1_249' title='bbox 841 2386 892 2427; x_wconf 85' lang='lat' dir='ltr'>nou</span> <span class='ocrx_word' id='word_1_250' title='bbox 900 2374 924 2423; x_wconf 85' lang='lat' dir='ltr'>ad</span> 
     </span>
     <span class='ocr_line' id='line_1_30' title="bbox 118 2443 896 2506; baseline 0.003 -13"><span class='ocrx_word' id='word_1_251' title='bbox 118 2443 239 2493; x_wconf 87' lang='lat' dir='ltr'>habentem</span> <span class='ocrx_word' id='word_1_252' title='bbox 252 2444 342 2502; x_wconf 87' lang='lat' dir='ltr'>claues,</span> <span class='ocrx_word' id='word_1_253' title='bbox 355 2444 395 2506; x_wconf 86' lang='lat' dir='ltr'>qni</span> <span class='ocrx_word' id='word_1_254' title='bbox 410 2447 447 2494; x_wconf 91' lang='lat' dir='ltr'>est</span> <span class='ocrx_word' id='word_1_255' title='bbox 460 2443 519 2493; x_wconf 89' lang='lat' dir='ltr'>sicut</span> <span class='ocrx_word' id='word_1_256' title='bbox 531 2444 707 2494; x_wconf 88' lang='lat' dir='ltr'>instrumentum</span> <span class='ocrx_word' id='word_1_257' title='bbox 723 2444 761 2495; x_wconf 85' lang='lat' dir='ltr'>rel</span> <span class='ocrx_word' id='word_1_258' title='bbox 774 2444 896 2497; x_wconf 73' lang='lat' dir='ltr'>ministm.</span> 
     </span>
     <span class='ocr_line' id='line_1_31' title="bbox 150 2514 924 2580; baseline 0 -15"><span class='ocrx_word' id='word_1_259' title='bbox 150 2514 408 2579; x_wconf 74' lang='lat' dir='ltr'>(commosin-Cdm</span> <span class='ocrx_word' id='word_1_260' title='bbox 416 2516 498 2565; x_wconf 84' lang='lat' dir='ltr'>coelum</span> <span class='ocrx_word' id='word_1_261' title='bbox 507 2516 555 2579; x_wconf 89' lang='lat' dir='ltr'>jam</span> <span class='ocrx_word' id='word_1_262' title='bbox 564 2530 604 2579; x_wconf 92' lang='lat' dir='ltr'>per</span> <span class='ocrx_word' id='word_1_263' title='bbox 616 2516 747 2580; x_wconf 89' lang='lat' dir='ltr'>passionem</span> <span class='ocrx_word' id='word_1_264' title='bbox 759 2516 849 2567; x_wconf 89' lang='lat' dir='ltr'>Christi</span> <span class='ocrx_word' id='word_1_265' title='bbox 857 2530 924 2580; x_wconf 80' lang='lat' dir='ltr'>aper-</span> 
     </span>
     <span class='ocr_line' id='line_1_32' title="bbox 118 2585 923 2651; baseline 0.004 -17"><span class='ocrx_word' id='word_1_266' title='bbox 118 2587 167 2635; x_wconf 87' lang='lat' dir='ltr'>tum</span> <span class='ocrx_word' id='word_1_267' title='bbox 183 2586 228 2649; x_wconf 90' lang='lat' dir='ltr'>sit,</span> <span class='ocrx_word' id='word_1_268' title='bbox 242 2600 289 2636; x_wconf 92' lang='lat' dir='ltr'>non</span> <span class='ocrx_word' id='word_1_269' title='bbox 299 2586 413 2647; x_wconf 83' lang='lat' dir='ltr'>ahsolutd,</span> <span class='ocrx_word' id='word_1_270' title='bbox 429 2588 468 2637; x_wconf 90' lang='lat' dir='ltr'>sed</span> <span class='ocrx_word' id='word_1_271' title='bbox 480 2586 547 2649; x_wconf 82' lang='lat' dir='ltr'>juxta</span> <span class='ocrx_word' id='word_1_272' title='bbox 562 2587 696 2650; x_wconf 77' lang='lat' dir='ltr'>dignitatem</span> <span class='ocrx_word' id='word_1_273' title='bbox 707 2586 745 2637; x_wconf 85' lang='lat' dir='ltr'>vel</span> <span class='ocrx_word' id='word_1_274' title='bbox 759 2585 923 2651; x_wconf 80' lang='lat' dir='ltr'>indignitatem</span> 
     </span>
     <span class='ocr_line' id='line_1_33' title="bbox 117 2655 924 2720; baseline 0.005 -16"><span class='ocrx_word' id='word_1_275' title='bbox 117 2666 196 2704; x_wconf 87' lang='lat' dir='ltr'>eorum</span> <span class='ocrx_word' id='word_1_276' title='bbox 210 2655 292 2719; x_wconf 85' lang='lat' dir='ltr'>quihus</span> <span class='ocrx_word' id='word_1_277' title='bbox 311 2656 406 2718; x_wconf 85' lang='lat' dir='ltr'>coelunr,</span> <span class='ocrx_word' id='word_1_278' title='bbox 423 2661 463 2706; x_wconf 87' lang='lat' dir='ltr'>nut</span> <span class='ocrx_word' id='word_1_279' title='bbox 476 2657 588 2720; x_wconf 90' lang='lat' dir='ltr'>aperitur,</span> <span class='ocrx_word' id='word_1_280' title='bbox 603 2663 642 2707; x_wconf 90' lang='lat' dir='ltr'>aut</span> <span class='ocrx_word' id='word_1_281' title='bbox 655 2656 778 2719; x_wconf 89' lang='lat' dir='ltr'>clauditur,</span> <span class='ocrx_word' id='word_1_282' title='bbox 796 2658 873 2708; x_wconf 80' lang='lat' dir='ltr'>claris</span> <span class='ocrx_word' id='word_1_283' title='bbox 891 2657 924 2708; x_wconf 89' lang='lat' dir='ltr'>dl·</span> 
     </span>
    </p>
   </div>
   <div class='ocr_carea' id='block_1_7' title="bbox 117 2723 561 2789">
    <p class='ocr_par' dir='ltr' id='par_1_10' title="bbox 11 2719 561 2802">
     <span class='ocr_line' id='line_1_34' title="bbox 117 2723 561 2789; baseline 0.011 -16.844"><span class='ocrx_word' id='word_1_284' title='bbox 117 2723 176 2773; x_wconf 89' lang='lat' dir='ltr'>citur</span> <span class='ocrx_word' id='word_1_285' title='bbox 187 2730 289 2787; x_wconf 79' lang='lat' dir='ltr'>potestas</span> <span class='ocrx_word' id='word_1_286' title='bbox 299 2724 384 2786; x_wconf 81' lang='lat' dir='ltr'>ligandi</span> <span class='ocrx_word' id='word_1_287' title='bbox 397 2731 421 2777; x_wconf 88' lang='lat' dir='ltr'>ct</span> <span class='ocrx_word' id='word_1_288' title='bbox 431 2727 561 2789; x_wconf 85' lang='lat' dir='ltr'>soluendi.)</span> 
     </span>
    </p>
   </div>
   <div class='ocr_carea' id='block_1_8' title="bbox 115 2792 920 2932">
    <p class='ocr_par' dir='ltr' id='par_1_11' title="bbox 115 2792 920 2932">
     <span class='ocr_line' id='line_1_35' title="bbox 147 2792 920 2865; baseline 0.008 -24"><span class='ocrx_word' id='word_1_289' title='bbox 147 2792 283 2857; x_wconf 85' lang='lat' dir='ltr'>ltespoudeo</span> <span class='ocrx_word' id='word_1_290' title='bbox 299 2795 431 2856; x_wconf 90' lang='lat' dir='ltr'>dicendum,</span> <span class='ocrx_word' id='word_1_291' title='bbox 446 2798 508 2861; x_wconf 85' lang='lat' dir='ltr'>qudd</span> <span class='ocrx_word' id='word_1_292' title='bbox 523 2798 647 2849; x_wconf 80' lang='lat' dir='ltr'>secundnm</span> <span class='ocrx_word' id='word_1_293' title='bbox 660 2800 829 2865; x_wconf 84' lang='lat' dir='ltr'>Philosophum</span> <span class='ocrx_word' id='word_1_294' title='bbox 847 2800 871 2851; x_wconf 89' lang='lat' dir='ltr'>iu</span> <span class='ocrx_word' id='word_1_295' title='bbox 890 2800 920 2850; x_wconf 93' lang='lat' dir='ltr'>ll.</span> 
     </span>
     <span class='ocr_line' id='line_1_36' title="bbox 115 2860 919 2932; baseline 0.015 -24"><span class='ocrx_word' id='word_1_296' title='bbox 115 2860 270 2922; x_wconf 71' lang='lat' dir='ltr'>dedeima,</span> <span class='ocrx_word' id='word_1_297' title='bbox 291 2867 425 2929; x_wconf 79' lang='lat' dir='ltr'>«potentian</span> <span class='ocrx_word' id='word_1_298' title='bbox 446 2881 487 2932; x_wconf 89' lang='lat' dir='ltr'>per</span> <span class='ocrx_word' id='word_1_299' title='bbox 499 2874 564 2920; x_wconf 86' lang='lat' dir='ltr'>actas</span> <span class='ocrx_word' id='word_1_300' title='bbox 583 2868 729 2922; x_wconf 85' lang='lat' dir='ltr'>definiuntur.</span> <span class='ocrx_word' id='word_1_301' title='bbox 747 2888 762 2919; x_wconf 80' lang='lat' dir='ltr'>a</span> <span class='ocrx_word' id='word_1_302' title='bbox 778 2872 844 2923; x_wconf 79' lang='lat' dir='ltr'>[lude</span> <span class='ocrx_word' id='word_1_303' title='bbox 866 2870 919 2921; x_wconf 82' lang='lat' dir='ltr'>edm</span> 
     </span>
    </p>
   </div>
   <div class='ocr_carea' id='block_1_9' title="bbox 0 0 976 3284">
    <p class='ocr_par' dir='ltr' id='par_1_12' title="bbox 0 0 976 3284">
     <span class='ocr_line' id='line_1_37' title="bbox 0 0 976 3284; baseline 0 0"><span class='ocrx_word' id='word_1_304' title='bbox 0 0 976 3284; x_wconf 95' lang='lat' dir='ltr'> </span> 
     </span>
    </p>
   </div>
  </div>
 </body>
</html>
