1942 3284
387 155 452 193 DE
482 154 577 192 USU
608 153 939 194 memmsnAE
975 156 1023 193 ΙΝ
1055 154 1294 195 conum.
1555 151 1643 195 397

105 232 173 282 Ad
218 230 406 281 tertium
444 231 712 294 dicendum,
744 230 864 296 qubd
892 230 1141 295 capitulum
1179 232 1290 282 illud
1335 232 1539 295 loquitur
1575 251 1647 283 se—

22 302 243 352 cundum
270 302 651 353 consuetudinem
691 303 934 366 aliquando
962 304 1082 366 apud
1125 303 1300 367 aliquos
1331 305 1611 355 observatam
1631 347 1643 367 ‚

22 379 88 423 ut
118 374 168 423 in
196 372 646 437 repraesentationem
674 374 919 425 Dominicae
942 388 1083 426 coenae
1109 375 1186 425 illo
1213 374 1285 425 die
1313 375 1339 425 a
1362 389 1453 427 non
1470 377 1647 441 jejunis

22 458 209 509 corpus
238 444 406 495 Christi
431 448 703 495 sumeretur.
725 446 817 496 Sed
844 459 968 496 nunc
1005 448 1090 495 hoc
1113 447 1376 510 abrogatum
1398 452 1500 511 est3
1543 463 1643 499 nam

22 515 158 565 sicut
197 516 484 579 Augustinus
521 515 570 565 in
606 516 721 567 libro
759 517 978 581 praedicto
1018 517 1145 580 dicit,
1187 534 1213 565 «
1251 532 1332 581 per
1379 518 1643 571 universum

24 588 195 639 orbem
234 601 336 637 mos
361 587 449 637 iste
470 594 675 639 servatur
694 604 721 635 2)
755 589 825 652 (ut
840 588 1017 639 scilicet
1038 602 1204 653 corpus
1227 589 1398 641 Christi
1423 590 1448 641 a
1468 590 1643 655 jejunis

24 658 311 721 sumatur).

99 731 171 781 Ad
198 732 409 794 quartum
445 730 699 792 dicendum,
722 730 841 794 quod
866 730 982 781 sicut
1007 730 1057 780 in
1087 732 1144 781 ll.
1185 737 1304 796 part.
1332 732 1535 783 habiturn
1571 739 1639 783 nat

29 805 143 868 (seu
172 806 223 865 2,
250 806 308 860 2,
337 816 417 866 qu.
440 805 549 863 147,
579 806 664 851 art.
692 808 737 864 6,
768 803 824 853 ad
852 802 921 866 2),
955 802 1124 865 duplex
1158 807 1230 853 est
1255 803 1502 867 jejunium.
1543 803 1639 851 Pria

23 889 165 926 mum
205 878 278 924 est
299 873 561 937 jejunium
589 876 817 933 natur-ar,
840 874 959 938 quod
991 874 1205 938 importat
1231 874 1531 938 privationem
1559 891 1636 923 eu-

17 948 311 1011 juscumque
344 945 659 1009 praeassumpti
695 958 776 1009 per
810 946 992 995 modum
1030 946 1120 996 cibi
1158 947 1232 997 vel
1269 946 1440 1009 potus;
1474 951 1519 997 et
1551 947 1639 995 tale

14 1016 261 1082 jejunium
308 1015 551 1079 requiritur
587 1016 643 1067 ad
681 1018 768 1067 hoc
812 1020 1142 1068 sacramentnm
1179 1022 1368 1082 propter
1404 1019 1635 1082 praedicta.

23 1092 88 1139 Et
118 1090 229 1139 ideo
260 1100 409 1151 neque
438 1092 541 1152 post
567 1088 927 1153 assumptionem
959 1102 1089 1153 aquae
1113 1090 1189 1140 vel
1227 1089 1408 1140 alterius
1429 1090 1515 1139 cibi
1555 1099 1631 1139 ant

20 1161 173 1224 potus
191 1199 206 1223 ,
245 1160 319 1209 vel
350 1159 489 1210 etiam
516 1160 755 1211 medicinae
772 1198 785 1222 ,
814 1160 862 1210 in
884 1164 1299 1225 quantumcumque
1326 1174 1467 1225 parva
1493 1175 1639 1227 quan-

25 1233 171 1283 titate
189 1271 203 1295 ,
234 1232 344 1282 licet
369 1232 460 1281 hoc
480 1233 814 1281 sacramentum
837 1233 1074 1297 accipere3
1105 1246 1190 1283 nec
1210 1233 1350 1283 refert
1374 1233 1527 1283 utrum
1555 1239 1639 1283 ali-

24 1304 150 1368 quid
176 1302 439 1368 hujusmodi
466 1303 640 1353 nutriat
662 1303 737 1353 vel
763 1315 856 1353 non
891 1304 1078 1367 nutriat,
1119 1308 1197 1354 aut
1227 1317 1310 1368 per
1336 1317 1406 1366 se,
1431 1308 1507 1355 aut
1539 1319 1639 1355 cuni

25 1376 172 1438 aliis,
198 1374 444 1425 dummodo
470 1377 675 1423 sumatur
698 1387 783 1437 per
808 1375 991 1425 modum
1022 1376 1113 1425 cibi
1139 1375 1214 1426 vel
1240 1375 1391 1438 potus.
1420 1376 1639 1439 Reliquiae

28 1453 195 1497 tamen
232 1445 323 1496 cibi
364 1449 648 1496 remanentes
674 1445 718 1494 in
758 1459 835 1496 ore
855 1484 869 1509 ,
902 1446 943 1495 si
972 1446 1211 1497 casualiter
1237 1446 1635 1510 transglutiuntur,

27 1533 132 1570 non
170 1516 431 1582 impediunt
454 1516 758 1582 sumptionem
784 1518 920 1581 hujus
952 1518 1258 1579 sacramenti,
1286 1517 1395 1581 quia
1433 1530 1523 1568 nou
1551 1523 1639 1567 tra-..-

22 1589 259 1655 jiciuntur
283 1601 367 1653 per
401 1589 584 1639 modum
612 1587 727 1651 cibi,
759 1588 840 1639 sed
862 1602 943 1653 per
977 1589 1158 1639 modum
1184 1588 1370 1651 salivae3
1401 1593 1448 1638 et
1486 1591 1639 1638 eadum

30 1663 157 1713 ratio
187 1664 263 1711 est
292 1661 349 1711 de
368 1660 571 1724 reliquiis
592 1674 721 1724 aquae
745 1661 819 1710 vel
838 1659 961 1723 vini,
988 1659 1154 1723 quibus
1181 1673 1233 1710 os
1257 1659 1450 1709 abluitur
1466 1697 1480 1720 ,
1511 1659 1643 1707 [Ιιητ-ι-

29 1734 174 1785 modo
217 1746 314 1783 non
354 1732 639 1795 trajiciantur
676 1732 726 1782 in
769 1744 935 1795 magna
970 1731 1258 1795 quantitate,
1293 1730 1374 1780 sed
1409 1731 1647 1793 permixta:

31 1808 229 1869 salivae3
270 1806 394 1869 quod
420 1804 555 1855 vitari
590 1819 683 1856 non
723 1808 893 1869 potest.
923 1803 1054 1853 Aliud
1099 1807 1249 1853 autem
1279 1807 1350 1853 est
1374 1801 1643 1867 jejunium

31 1877 311 1937 Ecclesiae,
345 1878 462 1941 quod
500 1876 753 1928 instituitur
782 1877 837 1927 ad
882 1875 1036 1926 carnis
1064 1875 1448 1937 macerationem3
1481 1879 1527 1923 et
1555 1875 1647 1923 tale

29 1950 270 2014 jejunium
299 1963 380 2015 per
400 1949 619 2013 praedicta
642 1962 736 2000 uon
764 1949 1034 2013 impeditur,
1056 1948 1161 2011 quia
1181 1946 1396 2011 praedicta
1415 1958 1507 1996 nou
1531 1949 1643 1995 mul-

36 2022 137 2071 tum
174 2022 420 2083 nutriunt,
450 2022 531 2071 sed
566 2022 711 2085 magis
736 2022 790 2071 ad
818 2021 1104 2071 alterandum
1135 2022 1419 2070 sumuntur.'

102 2094 171 2143 Ad
207 2094 419 2157 quintum
452 2094 693 2144 dicendum
712 2131 725 2156 ,
747 2092 865 2156 quod
904 2091 1007 2143 oiim
1037 2091 1201 2143 dicitur
1227 2091 1347 2154 quod
1371 2092 1458 2141 boc
1492 2103 1639 2140 sarra-

37 2170 251 2214 mentum
284 2162 409 2228 prius
445 2164 581 2228 quam
608 2163 686 2213 alii
720 2163 809 2213 cibi
838 2164 971 2214 debet
1012 2162 1062 2211 in
1096 2175 1149 2212 os
1171 2160 1418 2212 Christiani
1453 2160 1639 2219 inti—arv,

40 2249 136 2286 non
158 2238 228 2285 est
248 2234 597 2298 intelligendum
615 2232 821 2284 absolute
847 2236 1058 2297 respectu
1086 2232 1225 2282 totius
1247 2231 1466 2295 temporis
1486 2268 1499 2293 ‚
1531 2231 1643 2279 alm-

39 2306 152 2369 quin
174 2305 254 2369 qui
279 2306 420 2355 semel
437 2304 705 2357 comedisset
726 2304 800 2354 vel
825 2304 1032 2364 bibisset,
1058 2316 1289 2366 nunquam
1313 2305 1468 2366 posset
1490 2307 1643 2365 postea

42 2379 133 2427 hoc
172 2379 508 2425 sacramentum
536 2375 775 2439 accipere3
808 2374 887 2425 sed
930 2378 1004 2424 est
1042 2372 1390 2436 intelligendum
1426 2371 1643 2435 quaulmn

43 2450 102 2497 ad
122 2448 334 2499 eumdem
368 2446 508 2497 diem.
531 2447 589 2496 Et
625 2444 729 2495 licet
756 2443 1037 2509 principium
1065 2444 1158 2493 diei
1177 2442 1426 2494 secundum
1445 2440 1647 2492 diversus

45 2518 352 2570 diversimode
394 2522 625 2580 sumatur,
672 2529 777 2566 nam
822 2516 1004 2580 quidam
1040 2515 1068 2565 a
1101 2514 1317 2576 meridie,
1361 2513 1539 2577 quidam
1591 2515 1647 2559 ab

46 2604 244 2649 occasu,
274 2590 453 2654 quidam
494 2589 682 2640 amedia
723 2592 882 2649 nocte,
922 2588 1107 2652 quidam
1143 2587 1200 2636 ab
1233 2590 1334 2636 ortu
1361 2586 1500 2647 solis,
1531 2587 1651 2631 diem

48 2663 308 2729 incipiunt;
338 2661 539 2712 Ecclesia
569 2665 718 2712 tamen
744 2662 949 2711 Romana
975 2658 1095 2709 diem
1127 2657 1155 2708 a
1185 2658 1336 2710 media
1365 2660 1498 2707 nocte
1527 2655 1651 2703 inri-

48 2736 118 2800 pit
146 2752 159 2785 :
199 2739 244 2785 et
270 2735 403 2799 ideo,
436 2734 607 2798 sipost
637 2731 827 2783 mediam
868 2735 1049 2782 noctem
1091 2728 1256 2793 aliquis
1291 2727 1535 2791 sumpserit
1571 2727 1651 2771 ali-

51 2808 156 2872 quid
184 2820 270 2871 per
296 2807 480 2856 modum
520 2805 611 2856 cibi
636 2805 710 2855 vel
742 2803 877 2867 potus
895 2841 908 2865 ,
947 2815 1043 2853 non
1076 2805 1228 2866 potest
1267 2799 1424 2851 eadem
1453 2799 1523 2848 die
1571 2799 1651 2843 lim·

50 2892 230 2931 sumere
259 2881 625 2941 sacramentum3
657 2878 809 2941 potest
843 2874 953 2925 vero
977 2909 990 2935 ,
1019 2874 1059 2925 si
1093 2878 1197 2924 ante
1231 2870 1647 2924 mediamnonteui.

273 2992 364 3032 vn.
1375 2971 1437 3019 12
