<?xml version="1.0" encoding="UTF-8"?>
<!DOCTYPE html PUBLIC "-//W3C//DTD XHTML 1.0 Transitional//EN"
    "http://www.w3.org/TR/xhtml1/DTD/xhtml1-transitional.dtd">
<html xmlns="http://www.w3.org/1999/xhtml" xml:lang="en" lang="en">
 <head>
  <title>
</title>
<meta http-equiv="Content-Type" content="text/html;charset=utf-8" />
  <meta name='ocr-system' content='tesseract 3.04.00' />
  <meta name='ocr-capabilities' content='ocr_page ocr_carea ocr_par ocr_line ocrx_word'/>
</head>
<body>
  <div class='ocr_page' id='page_1' title='image "./summatheologica01nicogoog_0457.png"; bbox 0 0 1942 3284; ppageno 0'>
   <div class='ocr_carea' id='block_1_1' title="bbox 283 209 859 256">
    <p class='ocr_par' dir='ltr' id='par_1_1' title="bbox 283 209 859 256">
     <span class='ocr_line' id='line_1_1' title="bbox 283 209 859 256; baseline 0.01 -6"><span class='ocrx_word' id='word_1_1' title='bbox 283 215 313 250; x_wconf 86' lang='lat' dir='ltr'>un</span> <span class='ocrx_word' id='word_1_2' title='bbox 328 214 384 252; x_wconf 80' lang='lat' dir='ltr'>arro</span> <span class='ocrx_word' id='word_1_3' title='bbox 399 215 475 254; x_wconf 83' lang='lat' dir='ltr'>nurus</span> <span class='ocrx_word' id='word_1_4' title='bbox 491 215 650 254; x_wconf 75' lang='lat' dir='ltr'>ssuusuunrr.</span> <span class='ocrx_word' id='word_1_5' title='bbox 818 209 859 256; x_wconf 81' lang='lat' dir='ltr'>tat</span> 
     </span>
    </p>
   </div>
   <div class='ocr_carea' id='block_1_2' title="bbox 54 290 929 3008">
    <p class='ocr_par' dir='ltr' id='par_1_2' title="bbox 54 290 864 501">
     <span class='ocr_line' id='line_1_2' title="bbox 59 290 864 356; baseline 0.006 -14"><span class='ocrx_word' id='word_1_6' title='bbox 59 291 154 342; x_wconf 88' lang='lat' dir='ltr'>dictum</span> <span class='ocrx_word' id='word_1_7' title='bbox 165 291 203 342; x_wconf 85' lang='lat' dir='ltr'>esi</span> <span class='ocrx_word' id='word_1_8' title='bbox 211 290 260 354; x_wconf 85' lang='lat' dir='ltr'>(qu.</span> <span class='ocrx_word' id='word_1_9' title='bbox 274 294 314 350; x_wconf 70' lang='lat'>82,</span> <span class='ocrx_word' id='word_1_10' title='bbox 322 295 365 340; x_wconf 87' lang='lat' dir='ltr'>art.</span> <span class='ocrx_word' id='word_1_11' title='bbox 377 292 410 352; x_wconf 86' lang='lat' dir='ltr'>t).</span> <span class='ocrx_word' id='word_1_12' title='bbox 421 292 502 344; x_wconf 84' lang='lat' dir='ltr'>Omnia</span> <span class='ocrx_word' id='word_1_13' title='bbox 513 306 565 356; x_wconf 84' lang='lat' dir='ltr'>ergo</span> <span class='ocrx_word' id='word_1_14' title='bbox 575 307 625 355; x_wconf 80' lang='lat' dir='ltr'>que</span> <span class='ocrx_word' id='word_1_15' title='bbox 636 293 660 342; x_wconf 91' lang='lat' dir='ltr'>ln</span> <span class='ocrx_word' id='word_1_16' title='bbox 670 294 713 344; x_wconf 93' lang='lat' dir='ltr'>hoc</span> <span class='ocrx_word' id='word_1_17' title='bbox 722 299 864 347; x_wconf 83' lang='lat' dir='ltr'>sacramento</span> 
     </span>
     <span class='ocr_line' id='line_1_3' title="bbox 54 361 864 430; baseline 0.002 -16"><span class='ocrx_word' id='word_1_18' title='bbox 54 361 193 414; x_wconf 80' lang='lat' dir='ltr'>dicuntur&#39;a</span> <span class='ocrx_word' id='word_1_19' title='bbox 204 363 319 412; x_wconf 79' lang='lat' dir='ltr'><strong>sacerdote</strong></span> <span class='ocrx_word' id='word_1_20' title='bbox 330 362 375 412; x_wconf 88' lang='lat' dir='ltr'>dici</span> <span class='ocrx_word' id='word_1_21' title='bbox 383 363 501 424; x_wconf 85' lang='lat' dir='ltr'>deberent,</span> <span class='ocrx_word' id='word_1_22' title='bbox 512 367 536 414; x_wconf 93' lang='lat' dir='ltr'>et</span> <span class='ocrx_word' id='word_1_23' title='bbox 550 377 596 415; x_wconf 89' lang='lat' dir='ltr'>uon</span> <span class='ocrx_word' id='word_1_24' title='bbox 607 366 710 428; x_wconf 82' lang='lat' dir='ltr'>quadam</span> <span class='ocrx_word' id='word_1_25' title='bbox 722 365 864 430; x_wconf 75' lang='lat' dir='ltr'>imiamins,</span> 
     </span>
     <span class='ocr_line' id='line_1_4' title="bbox 56 435 287 501; baseline -0.004 -16"><span class='ocrx_word' id='word_1_26' title='bbox 56 435 167 501; x_wconf 86' lang='lat' dir='ltr'>quaedam</span> <span class='ocrx_word' id='word_1_27' title='bbox 182 435 195 486; x_wconf 86' lang='lat' dir='ltr'>&#39;a</span> <span class='ocrx_word' id='word_1_28' title='bbox 209 437 287 488; x_wconf 84' lang='lat' dir='ltr'>choro.</span> 
     </span>
    </p>

    <p class='ocr_par' dir='ltr' id='par_1_3' title="bbox 54 508 866 786">
     <span class='ocr_line' id='line_1_5' title="bbox 92 508 864 575; baseline 0.004 -18"><span class='ocrx_word' id='word_1_29' title='bbox 92 513 118 557; x_wconf 83' lang='lat'>7.</span> <span class='ocrx_word' id='word_1_30' title='bbox 135 508 263 567; x_wconf 69' lang='lat' dir='ltr'>Praeterea,</span> <span class='ocrx_word' id='word_1_31' title='bbox 282 508 326 558; x_wconf 92' lang='lat' dir='ltr'>hoc</span> <span class='ocrx_word' id='word_1_32' title='bbox 343 513 509 559; x_wconf 87' lang='lat' dir='ltr'>sacramentum</span> <span class='ocrx_word' id='word_1_33' title='bbox 523 521 563 572; x_wconf 90' lang='lat' dir='ltr'>per</span> <span class='ocrx_word' id='word_1_34' title='bbox 576 510 736 561; x_wconf 80' lang='lat' dir='ltr'>certitudinem</span> <span class='ocrx_word' id='word_1_35' title='bbox 757 515 864 575; x_wconf 74' lang='lat' dir='ltr'>operatur</span> 
     </span>
     <span class='ocr_line' id='line_1_6' title="bbox 54 577 860 645; baseline 0.001 -15"><span class='ocrx_word' id='word_1_36' title='bbox 54 581 135 630; x_wconf 87' lang='lat' dir='ltr'>uirtus</span> <span class='ocrx_word' id='word_1_37' title='bbox 149 577 239 628; x_wconf 88' lang='lat' dir='ltr'>diuina.</span> <span class='ocrx_word' id='word_1_38' title='bbox 253 577 370 642; x_wconf 77' lang='lat' dir='ltr'>Superllue</span> <span class='ocrx_word' id='word_1_39' title='bbox 384 592 439 643; x_wconf 83' lang='lat' dir='ltr'>ergo</span> <span class='ocrx_word' id='word_1_40' title='bbox 452 581 558 630; x_wconf 80' lang='lat' dir='ltr'>sacerdos</span> <span class='ocrx_word' id='word_1_41' title='bbox 571 581 629 645; x_wconf 90' lang='lat' dir='ltr'>petit</span> <span class='ocrx_word' id='word_1_42' title='bbox 642 582 711 644; x_wconf 79' lang='lat' dir='ltr'>huius</span> <span class='ocrx_word' id='word_1_43' title='bbox 724 583 860 633; x_wconf 80' lang='lat' dir='ltr'><strong>sacramenti</strong></span> 
     </span>
     <span class='ocr_line' id='line_1_7' title="bbox 56 651 866 717; baseline 0 -13"><span class='ocrx_word' id='word_1_44' title='bbox 56 652 243 717; x_wconf 77' lang='lat' dir='ltr'>perfectionem,</span> <span class='ocrx_word' id='word_1_45' title='bbox 265 651 317 700; x_wconf 83' lang='lat' dir='ltr'>cium</span> <span class='ocrx_word' id='word_1_46' title='bbox 338 651 395 702; x_wconf 89' lang='lat' dir='ltr'>dicit</span> <span class='ocrx_word' id='word_1_47' title='bbox 411 665 417 700; x_wconf 89' lang='lat'><strong>:</strong></span> <span class='ocrx_word' id='word_1_48' title='bbox 435 669 449 700; x_wconf 85' lang='lat' dir='ltr'>u</span> <span class='ocrx_word' id='word_1_49' title='bbox 469 654 541 711; x_wconf 81' lang='lat' dir='ltr'>Quam</span> <span class='ocrx_word' id='word_1_50' title='bbox 562 651 698 703; x_wconf 87' lang='lat' dir='ltr'>oblationem</span> <span class='ocrx_word' id='word_1_51' title='bbox 719 657 744 703; x_wconf 89' lang='lat' dir='ltr'>tu</span> <span class='ocrx_word' id='word_1_52' title='bbox 764 655 825 704; x_wconf 76' lang='lat' dir='ltr'>licus</span> <span class='ocrx_word' id='word_1_53' title='bbox 841 654 866 704; x_wconf 88' lang='lat' dir='ltr'>iu</span> 
     </span>
     <span class='ocr_line' id='line_1_8' title="bbox 58 725 265 786; baseline -0.014 -11"><span class='ocrx_word' id='word_1_54' title='bbox 58 725 181 786; x_wconf 86' lang='lat' dir='ltr'>omnihus,</span> <span class='ocrx_word' id='word_1_55' title='bbox 194 739 207 770; x_wconf 84' lang='lat' dir='ltr'>u</span> <span class='ocrx_word' id='word_1_56' title='bbox 220 726 265 772; x_wconf 89' lang='lat' dir='ltr'>etc.</span> 
     </span>
    </p>

    <p class='ocr_par' dir='ltr' id='par_1_4' title="bbox 59 793 866 1073">
     <span class='ocr_line' id='line_1_9' title="bbox 93 793 865 859; baseline 0.003 -14"><span class='ocrx_word' id='word_1_57' title='bbox 93 801 119 845; x_wconf 86' lang='lat'>8.</span> <span class='ocrx_word' id='word_1_58' title='bbox 136 796 268 853; x_wconf 85' lang='lat' dir='ltr'>Praeterea,</span> <span class='ocrx_word' id='word_1_59' title='bbox 281 793 415 844; x_wconf 77' lang='lat' dir='ltr'>malificium</span> <span class='ocrx_word' id='word_1_60' title='bbox 430 807 496 846; x_wconf 80' lang='lat' dir='ltr'>nouae</span> <span class='ocrx_word' id='word_1_61' title='bbox 511 795 569 859; x_wconf 76' lang='lat' dir='ltr'>legis</span> <span class='ocrx_word' id='word_1_62' title='bbox 585 795 655 846; x_wconf 89' lang='lat' dir='ltr'>multd</span> <span class='ocrx_word' id='word_1_63' title='bbox 668 799 703 847; x_wconf 89' lang='lat' dir='ltr'>est</span> <span class='ocrx_word' id='word_1_64' title='bbox 716 797 865 848; x_wconf 84' lang='lat' dir='ltr'>excellentius</span> 
     </span>
     <span class='ocr_line' id='line_1_10' title="bbox 60 865 866 932; baseline 0.004 -14"><span class='ocrx_word' id='word_1_65' title='bbox 60 867 134 932; x_wconf 76' lang='lat' dir='ltr'>quam</span> <span class='ocrx_word' id='word_1_66' title='bbox 156 865 292 916; x_wconf 77' lang='lat' dir='ltr'>sacrificium</span> <span class='ocrx_word' id='word_1_67' title='bbox 312 866 455 929; x_wconf 85' lang='lat' dir='ltr'>antiquorum</span> <span class='ocrx_word' id='word_1_68' title='bbox 478 870 576 932; x_wconf 89' lang='lat' dir='ltr'>patrum.</span> <span class='ocrx_word' id='word_1_69' title='bbox 603 866 792 918; x_wconf 80' lang='lat' dir='ltr'>inconvenienter</span> <span class='ocrx_word' id='word_1_70' title='bbox 811 883 866 932; x_wconf 76' lang='lat' dir='ltr'>ergo</span> 
     </span>
     <span class='ocr_line' id='line_1_11' title="bbox 60 936 865 1002; baseline -0.002 -11"><span class='ocrx_word' id='word_1_71' title='bbox 60 938 173 991; x_wconf 85' lang='lat' dir='ltr'>sacerdos</span> <span class='ocrx_word' id='word_1_72' title='bbox 186 936 243 1001; x_wconf 92' lang='lat' dir='ltr'>petit</span> <span class='ocrx_word' id='word_1_73' title='bbox 257 936 370 1002; x_wconf 75' lang='lat' dir='ltr'>quidhoc</span> <span class='ocrx_word' id='word_1_74' title='bbox 389 938 522 988; x_wconf 83' lang='lat' dir='ltr'>sacrificium</span> <span class='ocrx_word' id='word_1_75' title='bbox 537 940 647 988; x_wconf 91' lang='lat' dir='ltr'>habeatnr</span> <span class='ocrx_word' id='word_1_76' title='bbox 657 939 716 989; x_wconf 89' lang='lat' dir='ltr'>sicut</span> <span class='ocrx_word' id='word_1_77' title='bbox 729 939 865 990; x_wconf 86' lang='lat' dir='ltr'>sacrificium</span> 
     </span>
     <span class='ocr_line' id='line_1_12' title="bbox 59 1009 487 1073; baseline -0.009 -11"><span class='ocrx_word' id='word_1_78' title='bbox 59 1011 134 1073; x_wconf 78' lang='lat' dir='ltr'>dhet,</span> <span class='ocrx_word' id='word_1_79' title='bbox 152 1009 263 1072; x_wconf 82' lang='lat' dir='ltr'>hhrahae,</span> <span class='ocrx_word' id='word_1_80' title='bbox 278 1012 301 1058; x_wconf 90' lang='lat' dir='ltr'>et</span> <span class='ocrx_word' id='word_1_81' title='bbox 314 1009 487 1059; x_wconf 82' lang='lat' dir='ltr'>Melchisedech.</span> 
     </span>
    </p>

    <p class='ocr_par' dir='ltr' id='par_1_5' title="bbox 59 1081 869 1422">
     <span class='ocr_line' id='line_1_13' title="bbox 94 1081 866 1145; baseline 0.004 -14"><span class='ocrx_word' id='word_1_82' title='bbox 94 1087 120 1131; x_wconf 87' lang='grc'>9.</span> <span class='ocrx_word' id='word_1_83' title='bbox 134 1083 262 1144; x_wconf 76' lang='lat' dir='ltr'>Praeterea,</span> <span class='ocrx_word' id='word_1_84' title='bbox 272 1095 354 1145; x_wconf 86' lang='lat' dir='ltr'>corpus</span> <span class='ocrx_word' id='word_1_85' title='bbox 364 1081 454 1141; x_wconf 86' lang='lat' dir='ltr'>Christi,</span> <span class='ocrx_word' id='word_1_86' title='bbox 465 1082 523 1131; x_wconf 91' lang='lat' dir='ltr'>sicut</span> <span class='ocrx_word' id='word_1_87' title='bbox 532 1093 577 1131; x_wconf 87' lang='lat' dir='ltr'>noa</span> <span class='ocrx_word' id='word_1_88' title='bbox 588 1081 669 1145; x_wconf 88' lang='lat' dir='ltr'>incipit</span> <span class='ocrx_word' id='word_1_89' title='bbox 683 1095 734 1132; x_wconf 89' lang='lat' dir='ltr'>esse</span> <span class='ocrx_word' id='word_1_90' title='bbox 743 1081 766 1131; x_wconf 92' lang='lat' dir='ltr'>iu</span> <span class='ocrx_word' id='word_1_91' title='bbox 777 1083 821 1134; x_wconf 90' lang='lat' dir='ltr'>hoc</span> <span class='ocrx_word' id='word_1_92' title='bbox 830 1097 866 1134; x_wconf 88' lang='lat' dir='ltr'>sa·</span> 
     </span>
     <span class='ocr_line' id='line_1_14' title="bbox 59 1153 866 1219; baseline -0.001 -12"><span class='ocrx_word' id='word_1_93' title='bbox 59 1157 185 1207; x_wconf 88' lang='lat' dir='ltr'>cramento</span> <span class='ocrx_word' id='word_1_94' title='bbox 201 1166 244 1216; x_wconf 89' lang='lat' dir='ltr'>per</span> <span class='ocrx_word' id='word_1_95' title='bbox 255 1153 301 1203; x_wconf 89' lang='lat' dir='ltr'>loci</span> <span class='ocrx_word' id='word_1_96' title='bbox 322 1153 468 1204; x_wconf 80' lang='lat' dir='ltr'>mutationem</span> <span class='ocrx_word' id='word_1_97' title='bbox 481 1158 507 1205; x_wconf 91' lang='lat' dir='ltr'>ut</span> <span class='ocrx_word' id='word_1_98' title='bbox 520 1153 589 1218; x_wconf 85' lang='lat' dir='ltr'>supri</span> <span class='ocrx_word' id='word_1_99' title='bbox 606 1154 690 1204; x_wconf 88' lang='lat' dir='ltr'>dictum</span> <span class='ocrx_word' id='word_1_100' title='bbox 706 1160 742 1204; x_wconf 87' lang='lat' dir='ltr'>est</span> <span class='ocrx_word' id='word_1_101' title='bbox 755 1155 813 1218; x_wconf 84' lang='lat' dir='ltr'>(qu.</span> <span class='ocrx_word' id='word_1_102' title='bbox 826 1160 866 1219; x_wconf 76' lang='lat'>75,</span> 
     </span>
     <span class='ocr_line' id='line_1_15' title="bbox 61 1225 867 1289; baseline 0.001 -12"><span class='ocrx_word' id='word_1_103' title='bbox 61 1230 109 1277; x_wconf 92' lang='lat' dir='ltr'>art.</span> <span class='ocrx_word' id='word_1_104' title='bbox 131 1227 177 1289; x_wconf 63' lang='grc' dir='ltr'>Ξ),</span> <span class='ocrx_word' id='word_1_105' title='bbox 195 1225 228 1274; x_wconf 86' lang='lat' dir='ltr'>iti</span> <span class='ocrx_word' id='word_1_106' title='bbox 244 1226 312 1276; x_wconf 90' lang='lat' dir='ltr'>etiarn</span> <span class='ocrx_word' id='word_1_107' title='bbox 328 1239 370 1276; x_wconf 90' lang='lat' dir='ltr'>nec</span> <span class='ocrx_word' id='word_1_108' title='bbox 382 1240 434 1277; x_wconf 89' lang='lat' dir='ltr'>esse</span> <span class='ocrx_word' id='word_1_109' title='bbox 449 1226 540 1276; x_wconf 86' lang='lat' dir='ltr'>desinit.</span> <span class='ocrx_word' id='word_1_110' title='bbox 559 1226 748 1276; x_wconf 85' lang='lat' dir='ltr'>inconvenienter</span> <span class='ocrx_word' id='word_1_111' title='bbox 762 1240 816 1289; x_wconf 80' lang='lat' dir='ltr'>ergo</span> <span class='ocrx_word' id='word_1_112' title='bbox 829 1241 867 1278; x_wconf 85' lang='lat' dir='ltr'>sa·</span> 
     </span>
     <span class='ocr_line' id='line_1_16' title="bbox 61 1297 869 1362; baseline 0 -13"><span class='ocrx_word' id='word_1_113' title='bbox 61 1299 148 1349; x_wconf 86' lang='lat' dir='ltr'>cerdos</span> <span class='ocrx_word' id='word_1_114' title='bbox 165 1297 244 1361; x_wconf 90' lang='lat' dir='ltr'>petit:</span> <span class='ocrx_word' id='word_1_115' title='bbox 263 1314 276 1344; x_wconf 84' lang='lat' dir='ltr'>u</span> <span class='ocrx_word' id='word_1_116' title='bbox 294 1298 350 1348; x_wconf 89' lang='lat' dir='ltr'>lube</span> <span class='ocrx_word' id='word_1_117' title='bbox 370 1299 420 1349; x_wconf 82' lang='lat' dir='ltr'>huc</span> <span class='ocrx_word' id='word_1_118' title='bbox 439 1299 534 1362; x_wconf 78' lang='lat' dir='ltr'>perferri</span> <span class='ocrx_word' id='word_1_119' title='bbox 548 1312 588 1362; x_wconf 89' lang='lat' dir='ltr'>per</span> <span class='ocrx_word' id='word_1_120' title='bbox 605 1309 686 1348; x_wconf 88' lang='lat' dir='ltr'>manus</span> <span class='ocrx_word' id='word_1_121' title='bbox 701 1297 774 1348; x_wconf 89' lang='lat' dir='ltr'>sancti</span> <span class='ocrx_word' id='word_1_122' title='bbox 794 1298 869 1362; x_wconf 81' lang='lat' dir='ltr'>angeli</span> 
     </span>
     <span class='ocr_line' id='line_1_17' title="bbox 61 1368 444 1422; baseline -0.01 -1"><span class='ocrx_word' id='word_1_123' title='bbox 61 1371 97 1422; x_wconf 92' lang='lat' dir='ltr'>tui</span> <span class='ocrx_word' id='word_1_124' title='bbox 110 1370 138 1419; x_wconf 90' lang='lat' dir='ltr'>in</span> <span class='ocrx_word' id='word_1_125' title='bbox 152 1368 250 1419; x_wconf 89' lang='lat' dir='ltr'>sublime</span> <span class='ocrx_word' id='word_1_126' title='bbox 264 1369 333 1418; x_wconf 89' lang='lat' dir='ltr'>altare</span> <span class='ocrx_word' id='word_1_127' title='bbox 346 1373 419 1418; x_wconf 89' lang='lat' dir='ltr'>tuum.</span> <span class='ocrx_word' id='word_1_128' title='bbox 431 1386 444 1416; x_wconf 84' lang='lat' dir='ltr'>u</span> 
     </span>
    </p>

    <p class='ocr_par' dir='ltr' id='par_1_6' title="bbox 60 1440 929 1790">
     <span class='ocr_line' id='line_1_18' title="bbox 94 1440 866 1504; baseline -0.003 -12"><span class='ocrx_word' id='word_1_129' title='bbox 94 1441 145 1492; x_wconf 87' lang='lat' dir='ltr'>Sed</span> <span class='ocrx_word' id='word_1_130' title='bbox 165 1445 242 1490; x_wconf 83' lang='lat' dir='ltr'>contra</span> <span class='ocrx_word' id='word_1_131' title='bbox 260 1444 307 1501; x_wconf 88' lang='lat' dir='ltr'>est,</span> <span class='ocrx_word' id='word_1_132' title='bbox 322 1441 382 1504; x_wconf 78' lang='lat' dir='ltr'>quod</span> <span class='ocrx_word' id='word_1_133' title='bbox 397 1442 478 1492; x_wconf 89' lang='lat' dir='ltr'>dicitur</span> <span class='ocrx_word' id='word_1_134' title='bbox 496 1441 534 1491; x_wconf 85' lang='lat' dir='ltr'>De</span> <span class='ocrx_word' id='word_1_135' title='bbox 549 1443 744 1500; x_wconf 82' lang='lat' dir='ltr'>consecratione,</span> <span class='ocrx_word' id='word_1_136' title='bbox 759 1440 812 1491; x_wconf 92' lang='lat' dir='ltr'>disi.</span> <span class='ocrx_word' id='word_1_137' title='bbox 828 1445 842 1490; x_wconf 86' lang='lat'><strong>1</strong></span> <span class='ocrx_word' id='word_1_138' title='bbox 859 1456 866 1490; x_wconf 89' lang='lat'>:</span> 
     </span>
     <span class='ocr_line' id='line_1_19' title="bbox 64 1512 868 1575; baseline 0.001 -14"><span class='ocrx_word' id='word_1_139' title='bbox 64 1533 77 1561; x_wconf 79' lang='lat' dir='ltr'>u</span> <span class='ocrx_word' id='word_1_140' title='bbox 94 1513 212 1573; x_wconf 79' lang='lat' dir='ltr'>lacobus,</span> <span class='ocrx_word' id='word_1_141' title='bbox 225 1513 294 1562; x_wconf 84' lang='lat' dir='ltr'>irater</span> <span class='ocrx_word' id='word_1_142' title='bbox 307 1513 394 1564; x_wconf 88' lang='lat' dir='ltr'>[lumini</span> <span class='ocrx_word' id='word_1_143' title='bbox 408 1513 533 1564; x_wconf 83' lang='lat' dir='ltr'>secuudum</span> <span class='ocrx_word' id='word_1_144' title='bbox 547 1525 650 1573; x_wconf 83' lang='lat' dir='ltr'>caruem,</span> <span class='ocrx_word' id='word_1_145' title='bbox 660 1513 698 1563; x_wconf 92' lang='lat' dir='ltr'>cui</span> <span class='ocrx_word' id='word_1_146' title='bbox 707 1512 805 1575; x_wconf 87' lang='lat' dir='ltr'>primirm</span> <span class='ocrx_word' id='word_1_147' title='bbox 817 1526 868 1562; x_wconf 89' lang='lat' dir='ltr'>cre·</span> 
     </span>
     <span class='ocr_line' id='line_1_20' title="bbox 60 1582 867 1648; baseline -0.001 -14"><span class='ocrx_word' id='word_1_148' title='bbox 60 1586 108 1635; x_wconf 87' lang='lat' dir='ltr'>dita</span> <span class='ocrx_word' id='word_1_149' title='bbox 136 1588 173 1634; x_wconf 88' lang='lat' dir='ltr'>est</span> <span class='ocrx_word' id='word_1_150' title='bbox 195 1583 397 1648; x_wconf 72' lang='lat' dir='ltr'>Hierosolymitaua</span> <span class='ocrx_word' id='word_1_151' title='bbox 419 1584 536 1646; x_wconf 87' lang='lat' dir='ltr'>Ecclesia,</span> <span class='ocrx_word' id='word_1_152' title='bbox 558 1588 581 1633; x_wconf 90' lang='lat' dir='ltr'>et</span> <span class='ocrx_word' id='word_1_153' title='bbox 598 1582 696 1634; x_wconf 83' lang='lat' dir='ltr'>Basilius</span> <span class='ocrx_word' id='word_1_154' title='bbox 719 1582 867 1634; x_wconf 76' lang='lat' dir='ltr'>cesariensis</span> 
     </span>
     <span class='ocr_line' id='line_1_21' title="bbox 60 1655 929 1721; baseline -0.005 -13"><span class='ocrx_word' id='word_1_155' title='bbox 60 1659 205 1721; x_wconf 83' lang='lat' dir='ltr'>episcopus,</span> <span class='ocrx_word' id='word_1_156' title='bbox 219 1656 339 1706; x_wconf 88' lang='lat' dir='ltr'>ediderunt</span> <span class='ocrx_word' id='word_1_157' title='bbox 350 1657 423 1707; x_wconf 81' lang='lat' dir='ltr'>illssae</span> <span class='ocrx_word' id='word_1_158' title='bbox 436 1655 619 1706; x_wconf 87' lang='lat' dir='ltr'>celebrationem.</span> <span class='ocrx_word' id='word_1_159' title='bbox 633 1672 647 1701; x_wconf 82' lang='lat' dir='ltr'>u</span> <span class='ocrx_word' id='word_1_160' title='bbox 657 1657 689 1704; x_wconf 80' lang='lat' dir='ltr'>iix</span> <span class='ocrx_word' id='word_1_161' title='bbox 700 1666 797 1718; x_wconf 85' lang='lat' dir='ltr'>quorum</span> <span class='ocrx_word' id='word_1_162' title='bbox 812 1667 868 1704; x_wconf 90' lang='lat' dir='ltr'>auc-</span> <span class='ocrx_word' id='word_1_163' title='bbox 923 1675 929 1682; x_wconf 91' lang='lat'><strong>·</strong></span> 
     </span>
     <span class='ocr_line' id='line_1_22' title="bbox 62 1725 699 1790; baseline -0.009 -10"><span class='ocrx_word' id='word_1_164' title='bbox 62 1729 160 1780; x_wconf 90' lang='lat' dir='ltr'>toritate</span> <span class='ocrx_word' id='word_1_165' title='bbox 171 1730 235 1790; x_wconf 88' lang='lat' dir='ltr'>patet</span> <span class='ocrx_word' id='word_1_166' title='bbox 248 1727 411 1778; x_wconf 87' lang='lat' dir='ltr'>convenienter</span> <span class='ocrx_word' id='word_1_167' title='bbox 420 1727 509 1789; x_wconf 85' lang='lat' dir='ltr'>singula</span> <span class='ocrx_word' id='word_1_168' title='bbox 518 1725 578 1776; x_wconf 82' lang='lat' dir='ltr'>circa</span> <span class='ocrx_word' id='word_1_169' title='bbox 589 1727 633 1775; x_wconf 92' lang='lat' dir='ltr'>hoc</span> <span class='ocrx_word' id='word_1_170' title='bbox 645 1725 699 1775; x_wconf 91' lang='lat' dir='ltr'>diei.</span> 
     </span>
    </p>

    <p class='ocr_par' dir='ltr' id='par_1_7' title="bbox 64 1796 869 1934">
     <span class='ocr_line' id='line_1_23' title="bbox 98 1796 869 1863; baseline -0.005 -14"><span class='ocrx_word' id='word_1_171' title='bbox 98 1800 298 1862; x_wconf 79' lang='lat' dir='ltr'>(Concurrsro.-</span> <span class='ocrx_word' id='word_1_172' title='bbox 309 1800 460 1863; x_wconf 77' lang='lat' dir='ltr'>Quacumque</span> <span class='ocrx_word' id='word_1_173' title='bbox 471 1799 531 1848; x_wconf 88' lang='lat' dir='ltr'>circa</span> <span class='ocrx_word' id='word_1_174' title='bbox 545 1796 688 1847; x_wconf 76' lang='lat' dir='ltr'>eucharistie</span> <span class='ocrx_word' id='word_1_175' title='bbox 702 1798 869 1845; x_wconf 84' lang='lat' dir='ltr'>sacramentum</span> 
     </span>
     <span class='ocr_line' id='line_1_24' title="bbox 64 1869 698 1934; baseline -0.006 -12"><span class='ocrx_word' id='word_1_176' title='bbox 64 1874 90 1922; x_wconf 90' lang='lat' dir='ltr'>in</span> <span class='ocrx_word' id='word_1_177' title='bbox 103 1871 174 1922; x_wconf 89' lang='lat' dir='ltr'>iiissa</span> <span class='ocrx_word' id='word_1_178' title='bbox 191 1875 298 1933; x_wconf 84' lang='lat' dir='ltr'>aguntur,</span> <span class='ocrx_word' id='word_1_179' title='bbox 308 1883 389 1934; x_wconf 82' lang='lat' dir='ltr'>magua</span> <span class='ocrx_word' id='word_1_180' title='bbox 400 1871 488 1921; x_wconf 88' lang='lat' dir='ltr'>ratione</span> <span class='ocrx_word' id='word_1_181' title='bbox 502 1869 606 1918; x_wconf 86' lang='lat' dir='ltr'>instituta</span> <span class='ocrx_word' id='word_1_182' title='bbox 620 1869 698 1931; x_wconf 88' lang='lat' dir='ltr'>sunt.)</span> 
     </span>
    </p>

    <p class='ocr_par' dir='ltr' id='par_1_8' title="bbox 65 1940 877 3008">
     <span class='ocr_line' id='line_1_25' title="bbox 98 1940 871 2006; baseline -0.005 -14"><span class='ocrx_word' id='word_1_183' title='bbox 98 1942 238 2006; x_wconf 84' lang='lat' dir='ltr'>Resporrdeo</span> <span class='ocrx_word' id='word_1_184' title='bbox 253 1940 388 2002; x_wconf 85' lang='lat' dir='ltr'>dicendum,</span> <span class='ocrx_word' id='word_1_185' title='bbox 405 1941 465 2006; x_wconf 86' lang='lat' dir='ltr'>qudd</span> <span class='ocrx_word' id='word_1_186' title='bbox 481 1941 535 2004; x_wconf 85' lang='lat' dir='ltr'>quia</span> <span class='ocrx_word' id='word_1_187' title='bbox 548 1942 573 1991; x_wconf 92' lang='lat' dir='ltr'>iu</span> <span class='ocrx_word' id='word_1_188' title='bbox 589 1943 633 1992; x_wconf 91' lang='lat' dir='ltr'>hoc</span> <span class='ocrx_word' id='word_1_189' title='bbox 645 1942 785 1990; x_wconf 86' lang='lat' dir='ltr'>sacramento</span> <span class='ocrx_word' id='word_1_190' title='bbox 798 1942 871 1988; x_wconf 88' lang='lat' dir='ltr'>toturn</span> 
     </span>
     <span class='ocr_line' id='line_1_26' title="bbox 66 2011 872 2079; baseline -0.006 -14"><span class='ocrx_word' id='word_1_191' title='bbox 66 2014 204 2079; x_wconf 74' lang='lat' dir='ltr'>mysterium</span> <span class='ocrx_word' id='word_1_192' title='bbox 224 2018 305 2065; x_wconf 79' lang='lat' dir='ltr'>nostre</span> <span class='ocrx_word' id='word_1_193' title='bbox 324 2013 404 2064; x_wconf 87' lang='lat' dir='ltr'>salutis</span> <span class='ocrx_word' id='word_1_194' title='bbox 425 2014 636 2077; x_wconf 80' lang='lat' dir='ltr'>comprehenditur,</span> <span class='ocrx_word' id='word_1_195' title='bbox 650 2012 703 2062; x_wconf 91' lang='lat' dir='ltr'>ideo</span> <span class='ocrx_word' id='word_1_196' title='bbox 720 2011 872 2075; x_wconf 77' lang='lat' dir='ltr'>precatoris</span> 
     </span>
     <span class='ocr_line' id='line_1_27' title="bbox 65 2082 871 2149; baseline -0.004 -12"><span class='ocrx_word' id='word_1_197' title='bbox 65 2085 217 2137; x_wconf 87' lang='lat' dir='ltr'>sacramentis</span> <span class='ocrx_word' id='word_1_198' title='bbox 230 2099 283 2134; x_wconf 87' lang='lat' dir='ltr'>cnm</span> <span class='ocrx_word' id='word_1_199' title='bbox 298 2086 378 2149; x_wconf 86' lang='lat' dir='ltr'>majori</span> <span class='ocrx_word' id='word_1_200' title='bbox 392 2085 535 2136; x_wconf 83' lang='lat' dir='ltr'>solemnitate</span> <span class='ocrx_word' id='word_1_201' title='bbox 553 2087 635 2149; x_wconf 84' lang='lat' dir='ltr'>agitur.</span> <span class='ocrx_word' id='word_1_202' title='bbox 648 2087 677 2134; x_wconf 75' lang='lat' dir='ltr'>ht</span> <span class='ocrx_word' id='word_1_203' title='bbox 690 2085 743 2148; x_wconf 84' lang='lat' dir='ltr'>qnia</span> <span class='ocrx_word' id='word_1_204' title='bbox 758 2082 871 2146; x_wconf 90' lang='lat' dir='ltr'>scriptum</span> 
     </span>
     <span class='ocr_line' id='line_1_28' title="bbox 65 2156 869 2222; baseline -0.004 -14"><span class='ocrx_word' id='word_1_205' title='bbox 65 2163 101 2208; x_wconf 91' lang='lat' dir='ltr'>est</span> <span class='ocrx_word' id='word_1_206' title='bbox 118 2156 227 2212; x_wconf 70' lang='lat' dir='ltr'>docies,</span> <span class='ocrx_word' id='word_1_207' title='bbox 242 2157 291 2207; x_wconf 93' lang='lat' dir='ltr'>lV:</span> <span class='ocrx_word' id='word_1_208' title='bbox 311 2157 428 2207; x_wconf 84' lang='lat' dir='ltr'>«Custodi</span> <span class='ocrx_word' id='word_1_209' title='bbox 445 2159 526 2222; x_wconf 87' lang='lat' dir='ltr'>pedem</span> <span class='ocrx_word' id='word_1_210' title='bbox 548 2162 613 2208; x_wconf 90' lang='lat' dir='ltr'>tuum</span> <span class='ocrx_word' id='word_1_211' title='bbox 630 2156 759 2220; x_wconf 75' lang='lat' dir='ltr'>ingrediens</span> <span class='ocrx_word' id='word_1_212' title='bbox 776 2156 869 2206; x_wconf 89' lang='lat' dir='ltr'>domum</span> 
     </span>
     <span class='ocr_line' id='line_1_29' title="bbox 65 2227 872 2291; baseline -0.004 -12"><span class='ocrx_word' id='word_1_213' title='bbox 65 2229 167 2279; x_wconf 84' lang='lat' dir='ltr'>Domini.</span> <span class='ocrx_word' id='word_1_214' title='bbox 182 2243 196 2275; x_wconf 86' lang='lat' dir='ltr'>u</span> <span class='ocrx_word' id='word_1_215' title='bbox 212 2228 241 2278; x_wconf 89' lang='lat' dir='ltr'>Et</span> <span class='ocrx_word' id='word_1_216' title='bbox 252 2229 339 2285; x_wconf 72' lang='lat' dir='ltr'>ticeli„</span> <span class='ocrx_word' id='word_1_217' title='bbox 358 2229 427 2278; x_wconf 88' lang='lat' dir='ltr'>iiVlii</span> <span class='ocrx_word' id='word_1_218' title='bbox 443 2244 448 2277; x_wconf 91' lang='lat'>:</span> <span class='ocrx_word' id='word_1_219' title='bbox 463 2245 476 2276; x_wconf 84' lang='lat' dir='ltr'>a</span> <span class='ocrx_word' id='word_1_220' title='bbox 487 2231 546 2279; x_wconf 77' lang='lat' dir='ltr'>huie</span> <span class='ocrx_word' id='word_1_221' title='bbox 561 2229 685 2279; x_wconf 88' lang='lat' dir='ltr'>orationem</span> <span class='ocrx_word' id='word_1_222' title='bbox 697 2240 802 2291; x_wconf 75' lang='lat' dir='ltr'>prepara</span> <span class='ocrx_word' id='word_1_223' title='bbox 816 2227 872 2276; x_wconf 90' lang='lat' dir='ltr'>ani-</span> 
     </span>
     <span class='ocr_line' id='line_1_30' title="bbox 67 2297 874 2364; baseline -0.002 -14"><span class='ocrx_word' id='word_1_224' title='bbox 67 2313 129 2350; x_wconf 90' lang='lat' dir='ltr'>mam</span> <span class='ocrx_word' id='word_1_225' title='bbox 145 2303 222 2363; x_wconf 85' lang='lat' dir='ltr'>tuam,</span> <span class='ocrx_word' id='word_1_226' title='bbox 238 2316 251 2345; x_wconf 89' lang='lat'>»</span> <span class='ocrx_word' id='word_1_227' title='bbox 266 2301 317 2350; x_wconf 88' lang='lat' dir='ltr'>ideo</span> <span class='ocrx_word' id='word_1_228' title='bbox 331 2304 384 2350; x_wconf 89' lang='lat' dir='ltr'>ante</span> <span class='ocrx_word' id='word_1_229' title='bbox 398 2300 572 2352; x_wconf 87' lang='lat' dir='ltr'>celebrationem</span> <span class='ocrx_word' id='word_1_230' title='bbox 587 2300 658 2364; x_wconf 86' lang='lat' dir='ltr'>hujus</span> <span class='ocrx_word' id='word_1_231' title='bbox 672 2297 784 2364; x_wconf 70' lang='lat' dir='ltr'>mysterii,</span> <span class='ocrx_word' id='word_1_232' title='bbox 799 2298 874 2361; x_wconf 87' lang='lat' dir='ltr'>primd</span> 
     </span>
     <span class='ocr_line' id='line_1_31' title="bbox 67 2370 874 2436; baseline 0 -15"><span class='ocrx_word' id='word_1_233' title='bbox 67 2372 163 2435; x_wconf 86' lang='lat' dir='ltr'>quidem</span> <span class='ocrx_word' id='word_1_234' title='bbox 176 2371 321 2436; x_wconf 82' lang='lat' dir='ltr'>praemittitur</span> <span class='ocrx_word' id='word_1_235' title='bbox 335 2372 469 2435; x_wconf 86' lang='lat' dir='ltr'>praeparatio</span> <span class='ocrx_word' id='word_1_236' title='bbox 486 2374 590 2435; x_wconf 75' lang='lat' dir='ltr'>quadam</span> <span class='ocrx_word' id='word_1_237' title='bbox 604 2410 611 2432; x_wconf 89' lang='lat'>,</span> <span class='ocrx_word' id='word_1_238' title='bbox 626 2373 654 2421; x_wconf 93' lang='lat' dir='ltr'>ad</span> <span class='ocrx_word' id='word_1_239' title='bbox 666 2370 735 2434; x_wconf 81' lang='lat' dir='ltr'>dign&#39;e</span> <span class='ocrx_word' id='word_1_240' title='bbox 746 2371 834 2434; x_wconf 77' lang='lat' dir='ltr'>agenda</span> <span class='ocrx_word' id='word_1_241' title='bbox 846 2383 874 2421; x_wconf 89' lang='lat' dir='ltr'>ea</span> 
     </span>
     <span class='ocr_line' id='line_1_32' title="bbox 67 2440 872 2507; baseline 0 -15"><span class='ocrx_word' id='word_1_242' title='bbox 67 2456 120 2506; x_wconf 78' lang='lat' dir='ltr'>qum</span> <span class='ocrx_word' id='word_1_243' title='bbox 131 2446 269 2506; x_wconf 89' lang='lat' dir='ltr'>sequuntur.</span> <span class='ocrx_word' id='word_1_244' title='bbox 277 2442 349 2506; x_wconf 88' lang='lat' dir='ltr'>Cujus</span> <span class='ocrx_word' id='word_1_245' title='bbox 358 2442 529 2506; x_wconf 86' lang='lat' dir='ltr'>praeparationis</span> <span class='ocrx_word' id='word_1_246' title='bbox 538 2444 610 2507; x_wconf 88' lang='lat' dir='ltr'>prima</span> <span class='ocrx_word' id='word_1_247' title='bbox 621 2455 674 2506; x_wconf 91' lang='lat' dir='ltr'>pars</span> <span class='ocrx_word' id='word_1_248' title='bbox 685 2445 720 2492; x_wconf 89' lang='lat' dir='ltr'>est</span> <span class='ocrx_word' id='word_1_249' title='bbox 728 2442 778 2491; x_wconf 90' lang='lat' dir='ltr'>iaus</span> <span class='ocrx_word' id='word_1_250' title='bbox 786 2440 872 2503; x_wconf 86' lang='lat' dir='ltr'>divina,</span> 
     </span>
     <span class='ocr_line' id='line_1_33' title="bbox 68 2511 875 2577; baseline -0.002 -15"><span class='ocrx_word' id='word_1_251' title='bbox 68 2527 120 2577; x_wconf 84' lang='lat' dir='ltr'>quae</span> <span class='ocrx_word' id='word_1_252' title='bbox 136 2513 162 2563; x_wconf 84' lang='lat' dir='ltr'>ht</span> <span class='ocrx_word' id='word_1_253' title='bbox 176 2513 201 2562; x_wconf 90' lang='lat' dir='ltr'>in</span> <span class='ocrx_word' id='word_1_254' title='bbox 217 2513 327 2576; x_wconf 90' lang='lat' dir='ltr'>introitu,</span> <span class='ocrx_word' id='word_1_255' title='bbox 344 2513 468 2564; x_wconf 77' lang='lat' dir='ltr'>secundnm</span> <span class='ocrx_word' id='word_1_256' title='bbox 482 2515 538 2563; x_wconf 90' lang='lat' dir='ltr'>illud</span> <span class='ocrx_word' id='word_1_257' title='bbox 557 2514 626 2564; x_wconf 83' lang='lat' dir='ltr'>Psoi.</span> <span class='ocrx_word' id='word_1_258' title='bbox 641 2514 710 2563; x_wconf 82' lang='lat' dir='ltr'>iiiiii</span> <span class='ocrx_word' id='word_1_259' title='bbox 727 2529 733 2560; x_wconf 77' lang='lat' dir='ltr'><em>z</em></span> <span class='ocrx_word' id='word_1_260' title='bbox 750 2529 764 2559; x_wconf 85' lang='lat' dir='ltr'>u</span> <span class='ocrx_word' id='word_1_261' title='bbox 779 2511 875 2562; x_wconf 86' lang='lat' dir='ltr'>sacriti-</span> 
     </span>
     <span class='ocr_line' id='line_1_34' title="bbox 71 2583 874 2649; baseline -0.002 -15"><span class='ocrx_word' id='word_1_262' title='bbox 71 2584 132 2634; x_wconf 87' lang='lat' dir='ltr'>cium</span> <span class='ocrx_word' id='word_1_263' title='bbox 151 2585 226 2634; x_wconf 91' lang='lat' dir='ltr'>laudis</span> <span class='ocrx_word' id='word_1_264' title='bbox 243 2585 401 2636; x_wconf 84' lang='lat' dir='ltr'>honorificabit</span> <span class='ocrx_word' id='word_1_265' title='bbox 415 2598 450 2635; x_wconf 89' lang='lat' dir='ltr'>me</span> <span class='ocrx_word' id='word_1_266' title='bbox 456 2621 464 2648; x_wconf 88' lang='lat'>,</span> <span class='ocrx_word' id='word_1_267' title='bbox 482 2591 505 2636; x_wconf 90' lang='lat' dir='ltr'>et</span> <span class='ocrx_word' id='word_1_268' title='bbox 521 2585 625 2636; x_wconf 91' lang='lat' dir='ltr'>illiciter</span> <span class='ocrx_word' id='word_1_269' title='bbox 641 2598 686 2649; x_wconf 83' lang='lat' dir='ltr'>quo</span> <span class='ocrx_word' id='word_1_270' title='bbox 699 2585 819 2635; x_wconf 88' lang='lat' dir='ltr'>ostendam</span> <span class='ocrx_word' id='word_1_271' title='bbox 839 2583 874 2633; x_wconf 90' lang='lat' dir='ltr'>iili</span> 
     </span>
     <span class='ocr_line' id='line_1_35' title="bbox 71 2655 876 2720; baseline -0.002 -14"><span class='ocrx_word' id='word_1_272' title='bbox 71 2657 168 2707; x_wconf 89' lang='lat' dir='ltr'>salutare</span> <span class='ocrx_word' id='word_1_273' title='bbox 189 2656 239 2706; x_wconf 83' lang='lat' dir='ltr'>liei.</span> <span class='ocrx_word' id='word_1_274' title='bbox 260 2674 274 2704; x_wconf 84' lang='lat' dir='ltr'>u</span> <span class='ocrx_word' id='word_1_275' title='bbox 293 2658 322 2706; x_wconf 83' lang='lat' dir='ltr'>ttt</span> <span class='ocrx_word' id='word_1_276' title='bbox 335 2657 431 2708; x_wconf 89' lang='lat' dir='ltr'>sumitur</span> <span class='ocrx_word' id='word_1_277' title='bbox 441 2659 501 2719; x_wconf 89' lang='lat' dir='ltr'>hoc,</span> <span class='ocrx_word' id='word_1_278' title='bbox 513 2661 539 2706; x_wconf 91' lang='lat' dir='ltr'>ut</span> <span class='ocrx_word' id='word_1_279' title='bbox 549 2657 651 2720; x_wconf 81' lang='lat' dir='ltr'>pluries,</span> <span class='ocrx_word' id='word_1_280' title='bbox 669 2657 696 2707; x_wconf 91' lang='lat' dir='ltr'>de</span> <span class='ocrx_word' id='word_1_281' title='bbox 712 2656 823 2717; x_wconf 82' lang='lat' dir='ltr'>Psalmis,</span> <span class='ocrx_word' id='word_1_282' title='bbox 839 2655 876 2704; x_wconf 87' lang='lat' dir='ltr'>vel</span> 
     </span>
     <span class='ocr_line' id='line_1_36' title="bbox 70 2727 875 2793; baseline -0.002 -15"><span class='ocrx_word' id='word_1_283' title='bbox 70 2729 152 2778; x_wconf 89' lang='lat' dir='ltr'>saltem</span> <span class='ocrx_word' id='word_1_284' title='bbox 167 2741 220 2777; x_wconf 89' lang='lat' dir='ltr'>cum</span> <span class='ocrx_word' id='word_1_285' title='bbox 233 2729 322 2779; x_wconf 85' lang='lat' dir='ltr'>Psalmo</span> <span class='ocrx_word' id='word_1_286' title='bbox 339 2732 450 2787; x_wconf 85' lang='lat' dir='ltr'>cantatur,</span> <span class='ocrx_word' id='word_1_287' title='bbox 465 2729 533 2793; x_wconf 88' lang='lat' dir='ltr'>quia,</span> <span class='ocrx_word' id='word_1_288' title='bbox 544 2732 570 2778; x_wconf 91' lang='lat' dir='ltr'>ut</span> <span class='ocrx_word' id='word_1_289' title='bbox 588 2728 712 2792; x_wconf 78' lang='lat' dir='ltr'>liioupsius</span> <span class='ocrx_word' id='word_1_290' title='bbox 729 2727 784 2777; x_wconf 85' lang='lat' dir='ltr'>dicit</span> <span class='ocrx_word' id='word_1_291' title='bbox 793 2727 818 2775; x_wconf 89' lang='lat' dir='ltr'>in</span> <span class='ocrx_word' id='word_1_292' title='bbox 833 2728 875 2776; x_wconf 90' lang='lat' dir='ltr'>iil.</span> 
     </span>
     <span class='ocr_line' id='line_1_37' title="bbox 71 2797 876 2863; baseline -0.005 -13"><span class='ocrx_word' id='word_1_293' title='bbox 71 2813 122 2863; x_wconf 88' lang='lat' dir='ltr'>cap.</span> <span class='ocrx_word' id='word_1_294' title='bbox 147 2799 241 2848; x_wconf 73' lang='lat' dir='ltr'>diocles.</span> <span class='ocrx_word' id='word_1_295' title='bbox 258 2799 334 2860; x_wconf 76' lang='lat' dir='ltr'>hier„</span> <span class='ocrx_word' id='word_1_296' title='bbox 349 2817 363 2848; x_wconf 85' lang='lat' dir='ltr'>u</span> <span class='ocrx_word' id='word_1_297' title='bbox 380 2801 464 2850; x_wconf 86' lang='lat' dir='ltr'>Psalmi</span> <span class='ocrx_word' id='word_1_298' title='bbox 488 2801 699 2862; x_wconf 85' lang='lat' dir='ltr'>comprehendunt,</span> <span class='ocrx_word' id='word_1_299' title='bbox 721 2811 761 2862; x_wconf 91' lang='lat' dir='ltr'>per</span> <span class='ocrx_word' id='word_1_300' title='bbox 785 2797 876 2848; x_wconf 89' lang='lat' dir='ltr'>modurn</span> 
     </span>
     <span class='ocr_line' id='line_1_38' title="bbox 68 2869 877 2935; baseline -0.002 -17"><span class='ocrx_word' id='word_1_301' title='bbox 68 2869 162 2932; x_wconf 87' lang='lat' dir='ltr'>laudis,</span> <span class='ocrx_word' id='word_1_302' title='bbox 174 2869 284 2933; x_wconf 82' lang='lat' dir='ltr'>quidquid</span> <span class='ocrx_word' id='word_1_303' title='bbox 296 2871 319 2920; x_wconf 92' lang='lat' dir='ltr'>in</span> <span class='ocrx_word' id='word_1_304' title='bbox 334 2884 397 2920; x_wconf 87' lang='lat' dir='ltr'>sacua</span> <span class='ocrx_word' id='word_1_305' title='bbox 408 2871 526 2935; x_wconf 88' lang='lat' dir='ltr'>Scriptura</span> <span class='ocrx_word' id='word_1_306' title='bbox 534 2871 671 2921; x_wconf 85' lang='lat' dir='ltr'>continetur.</span> <span class='ocrx_word' id='word_1_307' title='bbox 681 2887 694 2917; x_wconf 83' lang='lat' dir='ltr'>u</span> <span class='ocrx_word' id='word_1_308' title='bbox 705 2871 810 2921; x_wconf 80' lang='lat' dir='ltr'>Secunda</span> <span class='ocrx_word' id='word_1_309' title='bbox 824 2881 877 2931; x_wconf 90' lang='lat' dir='ltr'>pars</span> 
     </span>
     <span class='ocr_line' id='line_1_39' title="bbox 76 2938 877 3008; baseline 0 -18"><span class='ocrx_word' id='word_1_310' title='bbox 76 2942 180 2994; x_wconf 87' lang='lat' dir='ltr'>continet</span> <span class='ocrx_word' id='word_1_311' title='bbox 195 2943 432 2994; x_wconf 88' lang='lat' dir='ltr'>commemorationem</span> <span class='ocrx_word' id='word_1_312' title='bbox 450 2942 570 3008; x_wconf 87' lang='lat' dir='ltr'>praesentis</span> <span class='ocrx_word' id='word_1_313' title='bbox 585 2941 701 3006; x_wconf 84' lang='lat' dir='ltr'>miseria,</span> <span class='ocrx_word' id='word_1_314' title='bbox 716 2944 769 2992; x_wconf 90' lang='lat' dir='ltr'>dum</span> <span class='ocrx_word' id='word_1_315' title='bbox 787 2938 877 2992; x_wconf 71' lang='lat' dir='ltr'>uehem-</span> 
     </span>
    </p>
   </div>
   <div class='ocr_carea' id='block_1_3' title="bbox 0 0 997 3284">
    <p class='ocr_par' dir='ltr' id='par_1_9' title="bbox 0 0 997 3284">
     <span class='ocr_line' id='line_1_40' title="bbox 0 0 997 3284; baseline 0 0"><span class='ocrx_word' id='word_1_316' title='bbox 0 0 997 3284; x_wconf 95' lang='lat' dir='ltr'> </span> 
     </span>
    </p>
   </div>
  </div>
 </body>
</html>
