1942 3284
199 125 366 174 comminue
381 135 543 175 roururnurra
559 139 584 176 us
600 140 726 182 coornent.
815 149 858 196 ω,

42 216 114 278 punc
124 211 275 278 poeuiieutis
287 227 294 260 ι
304 210 423 274 contritio,
434 225 480 276 qua
489 213 547 262 uctit
557 214 795 283 {murmuriosum
806 233 862 273 002.

44 283 143 343 iussio,
162 294 217 346 qua
233 281 358 344 proculum
372 281 508 332 remissione
521 283 627 347 subjiciat
641 299 667 336 ee
680 289 772 340 arbitrio
782 303 862 344 sacer-

44 356 110 406 dotis
123 355 183 404 ioco
197 352 253 411 Dei,
264 356 288 402 et
300 351 432 414 satisfactio,
441 365 488 416 qua
496 353 543 404 Duo
552 355 677 406 murmurat
688 361 810 411 secundum
818 363 861 414 rui.

46 425 117 475 nistri
132 424 182 474 Dei
195 422 344 484 arbitrium.)

79 494 235 560 Respondeo
247 493 375 554 dicendum,
389 493 449 558 quod
460 494 544 559 duplex
555 500 593 548 eet
601 509 663 560 pare,
675 502 703 548 ut
715 498 796 552 dicitur
806 501 861 554 inv

46 567 234 631 Metoptyrio.
253 568 324 626 (tart.
338 569 353 613 't
361 564 381 628 ),
395 565 482 616 scilicet
491 583 506 616 ιι
515 580 569 630 pars
580 569 779 635 essentimctnere
789 588 861 638 quan·

45 638 138 692 citatis.
159 654 177 686 u
197 637 281 688 Partes
295 635 402 688 moenia
420 641 474 688 eunt
489 638 622 690 naturaliter
637 641 728 703 quidem
747 642 820 695 forma
837 652 861 698 et

49 710 173 772 materia,
188 706 267 770 logice
286 711 362 758 autem
383 710 420 758 eet
436 720 511 772 genus
528 713 554 759 et
565 708 700 762 miemntia
718 713 767 764 iloc
785 720 860 768 auteur

49 781 120 834 modo
134 779 266 844 quodlibet
275 782 438 828 sacramentum
454 778 601 842 distinguitur
611 781 636 830 iu
649 784 766 836 materiam
777 790 802 836 ot
813 786 861 838 ior·

50 865 130 916 mam,
151 851 223 902 sicut
237 849 262 900 iu
281 851 370 913 portes
382 851 507 912 erreotioe;
520 851 582 902 uode
594 854 619 901 et
636 853 704 916 sauri
720 854 806 908 uictum
824 864 860 910 ess

50 928 111 986 tou.
132 927 187 984 6⁰,
208 923 252 970 ort.
267 923 282 969 5
295 923 320 972 et
329 923 345 968 o
354 919 374 982 ),
387 919 448 983 quod
466 925 605 972 eaommcnte
618 924 745 976 consistunt
755 926 781 977 iu
792 929 860 982 reios

50 998 75 1042 et
88 992 186 1043 verbis.
198 991 246 1042 Sed
255 989 308 1054 quia
317 991 431 1053 quantitas
438 1003 463 1040 se
474 994 538 1042 tenet
549 1004 578 1041 cx
586 995 650 1056 uerte
658 995 767 1056 materie,
774 1003 861 1061 parter

53 1063 227 1127 quantitatis
244 1064 298 1112 suut
314 1064 391 1122 partes
411 1061 526 1124 materio3
537 1065 562 1112 ct
577 1063 622 1113 hoc
634 1063 702 1114 modo
720 1075 860 1120 sacramento

52 1133 210 1196 puniuntur
229 1130 358 1194 specialiter
379 1131 521 1194 assignantur
540 1136 617 1196 partes
633 1133 678 1197 (ut
690 1133 777 1185 dictum
793 1140 858 1202 eet),

51 1209 174 1269 quantum
194 1203 225 1254 ad
238 1205 300 1254 actus
318 1201 460 1266 punitentis
478 1203 518 1266 qui
529 1208 585 1254 aaut
596 1205 691 1256 matoria
702 1206 772 1271 hujus
783 1220 860 1261 ercn-
898 1247 901 1253 .

55 1277 142 1328 menti.
165 1275 262 1326 Dictum
275 1277 310 1324 cst
322 1277 398 1325 autem
410 1273 478 1338 sauri
492 1279 546 1337 (qu.
557 1279 597 1336 85,
610 1279 655 1325 art.
667 1279 692 1340 ³,
703 1277 733 1328 ed
745 1278 785 1342 ι),
799 1281 858 1344 quid

53 1348 100 1400 atio
114 1347 193 1400 modo
210 1345 240 1396 sit
254 1344 434 1408 recompensatio
447 1345 540 1396 utiense
551 1345 576 1396 in
589 1346 723 1409 pumicum
733 1352 758 1399 ct
772 1349 798 1400 iu
809 1351 860 1402 uiu-

54 1419 159 1469 uicatiua
172 1414 274 1481 justitia.
284 1415 342 1464 Nam
355 1415 379 1464 in
391 1413 535 1464 vindicatiua
543 1416 631 1478 iustitia
644 1416 670 1466 ut
680 1423 860 1483 recompensatio

54 1487 193 1540 secundum
203 1485 319 1536 arbitrium
328 1484 425 1548 judicis,
438 1497 485 1535 non
499 1484 621 1536 secuniirnr
636 1486 774 1542 uoluntatem
789 1492 860 1543 otien-

55 1561 139 1613 dcntis
153 1559 196 1609 uel
206 1556 301 1620 oiicusi3
311 1557 352 1606 sed
361 1555 386 1607 in
397 1555 531 1619 punitentia
543 1555 570 1604 m
576 1557 754 1621 recompensatio
766 1560 860 1614 oiicucar

56 1630 195 1682 secuudum
208 1627 347 1678 voluntatum
365 1626 481 1690 peccantis
496 1630 521 1675 et
540 1625 664 1676 secundum
679 1629 858 1694 arturianum,

58 1701 85 1752 iu
99 1713 175 1765 quern
195 1695 430 1762 peccatur3quiai1ic
445 1708 492 1746 nou
512 1697 621 1758 couritur
632 1698 682 1748 eota
701 1699 861 1765 reintegratio

57 1769 207 1835 moralitatis
218 1767 313 1832 justitio
329 1767 338 1830 (
349 1765 409 1817 eicnt
420 1766 445 1816 in
454 1765 546 1829 justitie
557 1766 725 1831 uotiuum),
733 1770 775 1820 een
788 1773 862 1835 mosis

59 1839 223 1892 reconsiliatis
243 1836 363 1898 amicitia,
377 1838 437 1900 quoi
455 1837 481 1886 tit
501 1837 554 1886 num
569 1836 687 1888 otieudcus
702 1849 860 1904 recompensas

61 1911 196 1964 secundum
207 1909 346 1960 uoluntatem
357 1908 408 1970 ciue
419 1920 489 1972 quem
498 1906 601 1958 offendit.
611 1906 648 1958 Sic
659 1908 728 1972 igitur
736 1911 859 1973 imminu

60 1993 92 2031 ex
105 1985 177 2045 parte
187 1977 333 2044 portunus,
342 1977 416 2041 punc
427 1977 536 2041 quidem,
547 1976 652 2029 uoluntas
663 1982 857 2045 rccomucaeenii

63 2052 125 2112 quoi
140 2050 168 2100 tit
180 2045 403 2113 percucurrissem
415 2047 525 2108 secundi,
538 2046 599 2111 quod
611 2060 636 2098 ec
649 2048 755 2112 subjiciat
766 2052 859 2105 arbitrio

62 2120 193 2172 escariotis
204 2119 253 2170 loco
266 2117 322 2178 Dei,
334 2118 393 2182 quod
406 2118 432 2167 iit
444 2117 469 2168 in
483 2118 644 2183 confessiouc;
654 2118 735 2181 tertii,
749 2121 808 2184 quod
821 2136 859 2174 re-

63 2194 202 2256 compenset
212 2187 335 2241 rotundius
347 2188 462 2244 arbitrium
475 2188 576 2240 ministri
583 2189 634 2250 liei,
642 2191 703 2253 quoi
716 2191 780 2243 mm
791 2193 859 2246 satie

64 2262 175 2314 factione.
189 2261 219 2312 m
234 2259 286 2310 ideo
303 2258 424 2320 contritio,
434 2259 548 2310 confessio
567 2263 593 2310 ct
607 2260 731 2314 murmuro
743 2269 859 2327 nouantur

64 2337 145 2395 partes
157 2330 306 2397 punientia.

98 2399 449 2468 cinnomannorum,
461 2401 522 2463 ouon
531 2401 635 2454 contritio
647 2404 772 2456 amandum
780 2418 859 2458 esern·

65 2472 122 2523 tiam
131 2475 224 2538 quidem
233 2475 269 2522 est
281 2472 306 2521 in
315 2473 396 2532 corde,
409 2475 433 2522 et
444 2473 544 2535 pertinet
558 2472 588 2522 ad
597 2472 728 2525 interiorem
743 2475 860 2539 poniten-

66 2543 124 2594 tiam
134 2561 142 2608 3
154 2542 280 2594 uirtaalitcr
296 2546 371 2592 autem
388 2543 486 2606 peruret
502 2544 531 2594 ad
543 2543 678 2594 exteriorem
689 2546 856 2610 summotum,

70 2614 215 2678 inquantum
228 2612 314 2666 scitioot
326 2612 428 2676 implicat
444 2612 585 2678 propositum
595 2613 718 2665 coniuncti
728 2619 753 2666 et
766 2614 858 2666 mtietu·

68 2683 154 2737 mendi.

101 2756 134 2807 nd
152 2753 277 2806 secundum
293 2753 425 2818 dicendum,
440 2755 503 2819 quun
519 2753 644 2807 causiactio
655 2754 745 2806 conicrt
762 2753 857 2815 graiium

69 2830 135 2888 umut
147 2829 185 2878 eet
194 2825 220 2876 in
229 2823 355 2886 proposito,
366 2829 388 2875 ct
405 2830 473 2894 augct
486 2838 537 2878 cam
550 2829 617 2889 orout
628 2830 664 2876 est
676 2825 701 2876 in
713 2822 855 2886 executione,
