1942 3284
112 179 160 228 w
243 187 444 242 unumunurn,
460 188 557 233 cum.
573 189 656 238 nm,
671 188 732 226 rur.
747 189 789 226 nr.

111 279 165 332 cqc.
181 265 239 331 it).
256 267 317 329 urge
331 277 377 318 nou
389 266 414 315 in
429 264 537 316 omnbus
550 263 725 316 infirmitatibus
739 265 810 316 debet
820 263 870 317 bec
885 277 921 316 sa-

112 343 255 390 mamertum
269 338 327 388 dari.

148 409 303 474 (Concursm.
315 435 345 446 -
358 409 410 459 Nun
422 406 505 472 queuis
516 407 597 458 merbc
607 406 770 458 laborantibus
781 410 821 458 est
830 407 878 458 bec
885 419 923 457 sa·

110 486 251 532 crumentum
261 480 424 544 exhibendum,
436 479 477 530 sed
490 478 631 531 adurentem
644 479 754 544 proxime
767 479 924 544 aliquam·

112 552 192 604 tudine
202 552 314 617 adiectis.)

142 625 279 687 Respondes
296 623 426 684 dicendum,
439 622 501 686 qubd
515 624 562 674 hcc
572 626 748 673 sacramentnm
758 626 801 672 cst
816 623 925 672 ultimum

109 695 235 746 remedium
254 695 314 758 quud
335 693 437 745 Ecclesia
457 697 534 757 petest
550 693 676 753 conterre,
694 692 768 757 quasi
791 693 926 745 immed'ntk

111 767 237 830 disponens
251 766 278 816 ad
290 767 394 830 gloriam.
404 768 432 816 tit
443 766 495 817 ideo
504 765 552 816 ibis
565 764 656 816 tautum
666 763 850 816 infirmantibus
861 765 926 816 debet

110 835 229 899 exbiberi,
241 837 280 901 qui
292 841 346 888 sunt
359 838 383 888 iu
392 841 452 888 statu
462 836 605 899 exeuntium,
614 840 711 900 prepter
722 837 770 886 bec
779 835 850 899 qudd
862 835 924 901 egri-

109 909 166 960 tudo
176 913 230 960 nata
238 913 275 960 est
288 911 395 961 inducere
406 913 511 972 mertem,
522 909 584 959 etde
597 907 702 972 pericula
715 907 834 958 timetur.

142 980 176 1030 dd
194 979 294 1043 primum
306 993 360 1044 erge
378 979 516 1042 dicendum,
532 978 594 1043 qudd
605 979 718 1042 qualibet
731 979 924 1042 intirmitasaug·

110 1053 212 1102 mentata
225 1055 302 1114 petest
317 1054 413 1102 mertem
426 1050 544 1102 iuducere.
560 1050 590 1100 nt
599 1051 666 1112 idea,
683 1049 704 1098 si
720 1063 817 1113 genera
831 1051 924 1101 intumi·

107 1124 183 1172 tatum
196 1127 335 1186 pensentur,
349 1121 374 1172 iu
392 1119 495 1184 qnalibet
514 1120 648 1184 egritudine
661 1124 744 1184 petest
758 1121 814 1170 dari
832 1122 879 1172 hcc
891 1135 923 1172 m

108 1199 249 1243 crementum
260 1208 266 1242 :
279 1196 302 1244 et
311 1191 365 1242 binc
379 1195 414 1242 est
423 1191 484 1256 qudd
497 1193 620 1256 apostotus
634 1204 682 1241 ncu
696 1191 846 1244 determinat
862 1193 921 1243 inb·

109 1263 212 1314 nimiam
224 1264 330 1326 aliquam.
345 1263 389 1313 Sed
402 1261 423 1312 si
431 1267 541 1328 pensetur
553 1262 694 1313 infirmitatis
704 1263 793 1312 medus
803 1267 832 1314 et
841 1267 920 1324 statam,

109 1347 155 1385 non
169 1347 258 1398 semper
272 1334 338 1384 debet
351 1333 521 1385 infirmantibus
533 1335 576 1384 hcc
585 1336 758 1384 sacramentum
772 1334 837 1384 dari

141 1406 176 1455 ad
195 1406 319 1455 secundum
340 1403 480 1468 dicendum,
495 1403 556 1468 qudd
574 1404 691 1455 medicina
705 1406 843 1468 cerpemlie
858 1407 921 1456 babet

110 1487 152 1540 pre
162 1474 283 1540 principaii
299 1474 383 1525 effectu
394 1475 516 1526 sanitatem
525 1475 734 1540 corporalemque
742 1475 920 1526 emnesiutirni
966 1498 967 1515 ÷

109 1549 134 1598 in
154 1547 256 1612 quelibet
274 1549 336 1598 statu
352 1545 465 1610 indigent.
478 1546 527 1597 Sed
538 1548 582 1597 bec
597 1549 770 1596 sacramentum
788 1547 865 1598 habet
880 1559 919 1611 pre
966 1548 967 1551 ’

108 1618 232 1686 principali
241 1619 323 1670 edecta
336 1617 622 1682 immensitatemque
635 1617 779 1668 exeuntibus
791 1623 818 1668 et
831 1619 877 1670 iter
890 1618 915 1667 ad
966 1623 968 1627 '

99 1689 201 1754 ,gloriam
218 1689 337 1752 agentibus
349 1691 384 1740 est
397 1688 535 1740 necessaria.
550 1690 579 1738 iit
593 1689 646 1739 ideo
660 1701 710 1739 neu
718 1692 756 1739 est
767 1688 861 1740 simite.

401 1865 563 1916 saracenus
578 1843 623 1915 ιιι(

5 1969 6 1996 ³
112 1991 198 2036 {ibim
211 1990 507 2037 boesccrcmentrcmdcrt
520 1989 603 2035 debent
611 1990 718 2046 luricam
731 1994 757 2034 ct
770 1993 916 2038 mens.
966 1970 968 2007 ἶ

141 2115 174 2164 dd
189 2115 283 2166 tertium
297 2115 332 2165 sic
345 2115 485 2180 proceditur.
503 2116 599 2166 Videtur
613 2114 676 2179 qubd
689 2115 789 2167 tumosis
801 2121 829 2168 ct
842 2129 917 2168 ameu-

107 2185 169 2237 tibus
189 2188 233 2237 hcc
247 2191 415 2239 sacramentum
432 2187 481 2238 dari
504 2189 593 2239 debeat.
612 2187 671 2248 Quia
689 2189 749 2240 tales
768 2189 917 2253 emendices

108 2261 163 2309 sunt
171 2258 377 2322 periculosissimae,
387 2258 462 2310 etcitd
472 2261 501 2310 ad
511 2264 606 2310 mertem
614 2258 752 2322 disponunt.
760 2259 917 2324 Sedpericutc

5 2363 7 2390 ,
98 2329 177 2381 debet
195 2329 297 2380 adbiberi
316 2331 450 2382 remedium.
470 2332 530 2395 Ergo
544 2334 568 2382 et
588 2333 634 2382 hcc
648 2335 840 2395 sacramentum,
857 2332 916 2397 qmd

5 2399 6 2424 *
108 2402 182 2454 estin
202 2401 327 2452 remedium
338 2402 478 2452 infirmitatis
491 2405 609 2464 humane,
622 2403 692 2454 debet
703 2403 790 2454 talibus
803 2404 915 2456 mures.

141 2477 164 2523 a.
187 2473 316 2534 Praeterea,
338 2473 428 2537 dignius
449 2479 618 2524 sacramentum
636 2476 674 2524 est
694 2474 826 2538 baptismus
845 2477 915 2540 quin

108 2544 179 2595 istud.
203 2545 247 2596 Sed
262 2545 390 2609 baptismus
413 2547 479 2596 datur
498 2544 608 2606 furiosis,
627 2549 654 2594 ut
675 2545 746 2610 suprd
764 2546 858 2597 dicem
879 2549 915 2598 ed

98 2617 167 2680 (111.
180 2621 251 2680 part,
266 2630 307 2680 qu.
320 2621 365 2680 68,
378 2620 421 2667 art.
441 2619 498 2679 tal.
519 2617 581 2680 Ergo
596 2620 620 2666 et
632 2618 679 2667 hcc
693 2618 914 2670 saeuneummeis

110 2686 179 2736 debet
193 2689 251 2737 dari.

140 2756 187 2806 Sed
200 2759 354 2810 contradica
368 2763 534 2810 sacramentum
547 2771 594 2809 nnn
609 2762 646 2808 est
659 2759 760 2809 dandum
781 2761 830 2810 uisi
849 2773 914 2813 recc-

109 2829 271 2885 pemmatibus
290 2830 375 2892 ipsum.
389 2829 436 2878 Sed
454 2829 512 2881 tales
527 2842 575 2881 nen
590 2832 646 2881 snut
658 2829 742 2882 tmicsi
753 2834 779 2881 et
795 2837 912 2884 amentes

94 2892 169 2958 „arpo
180 2897 215 2948 eis
225 2899 275 2948 dari
288 2912 333 2951 uon
348 2900 425 2950 debet.
