1942 3284
273 214 304 250 us
318 212 471 257 ouanrlsara
486 215 658 255 conrarrronrs.
818 210 863 257 bet

61 290 112 337 turn
134 287 166 338 ed
177 287 302 341 ,humorem
321 289 460 351 naturalem,
476 291 517 341 sed
534 296 642 354 quonium
657 295 686 345 ad
704 295 816 346 desideria
837 306 862 349 et

61 356 264 422 concupiscentias
271 360 408 422 corporales.
418 361 559 424 Augustinus
567 368 643 414 autem
653 365 759 428 quamuis
767 367 860 430 dignum

62 442 89 479 se
103 433 250 492 cognosceret
262 429 384 482 amissione
398 431 535 482 exteriorum
549 434 666 485 oculorum
677 440 770 500 propter
780 449 861 501 pecco-

62 505 130 560 tum,
150 499 204 562 quia
223 499 318 562 quilibet
330 505 434 564 peccator
451 514 498 551 noo
515 503 587 553 solum
609 508 711 566 emuna,
726 507 766 557 sed
776 507 858 558 etium

62 569 185 633 temporali
203 575 274 622 moute
292 571 375 633 diguus
391 576 438 634 cst,
453 580 590 626 nontamen
605 576 696 626 volebat
718 577 762 628 sibi
782 580 861 631 oculos

61 652 157 692 occare.

94 711 129 761 lld
143 711 269 764 secundum
283 711 420 776 dicendum,
433 713 495 778 qubd
507 716 566 766 ratio
578 716 618 766 illa
630 719 732 782 procedit
744 719 858 772 dodolore

61 781 103 846 qui
111 785 150 833 est
163 781 291 834 inustione.

92 851 171 904 'lertia
183 855 258 903 uuum
274 853 378 918 procedit
389 855 418 904 da
433 856 511 906 dolore
530 856 641 907 sensitiva
651 858 731 921 prob.

351 1031 512 1084 malleolus
526 1034 567 1084 lll.

64 1155 152 1202 Utrt'tm
159 1155 241 1200 debeat
249 1155 384 1210 essemoior
389 1157 458 1201 dolor·
471 1157 502 1201 de
514 1162 665 1214 onopeocoto
677 1160 750 1217 quum
758 1161 788 1206 de
798 1163 857 1208 olio.

91 1281 128 1332 ld
145 1279 237 1331 tertium
257 1279 291 1332 sic
308 1280 446 1343 proceditur.
459 1279 554 1332 Videtur
566 1281 628 1345 qubd
645 1296 692 1333 aon
713 1285 784 1336 debet
803 1299 855 1337 esse

57 1351 135 1416 major
144 1351 207 1402 dolor
219 1351 247 1402 de
260 1362 306 1402 uno
318 1355 426 1414 peccato,
441 1350 511 1415 quam
522 1352 552 1402 de
563 1351 617 1403 olio.
626 1352 777 1418 Hieronymus
791 1356 854 1406 enim

57 1421 173 1473 collaudat
188 1421 281 1470 Paulam
294 1421 322 1473 da
336 1423 379 1473 boo
389 1421 449 1485 qubd
461 1439 474 1469 u
488 1421 581 1474 minime
590 1427 686 1486 peccata
699 1425 761 1476 sicut
774 1439 856 1490 magna

56 1490 191 1556 plangebat.
209 1505 224 1538 o
240 1489 298 1554 lingo
309 1503 356 1543 uon
368 1495 405 1542 cat
418 1491 492 1556 magis
503 1492 625 1543 dolendum
644 1493 672 1544 do
684 1506 733 1545 uuo
741 1508 809 1558 quaro
822 1496 851 1546 de

57 1561 113 1613 ulio.

90 1637 116 1682 2.
128 1633 254 1694 proterea,
268 1632 493 1686 motuscoutritioois
507 1638 544 1684 est
553 1633 649 1684 subitus
659 1635 704 1686 Sed
716 1648 764 1688 oon
776 1641 855 1701 potest

57 1719 112 1758 csse
131 1717 189 1754 unius
209 1707 284 1756 motus
301 1704 389 1755 subitus
408 1703 520 1756 intensior
537 1704 605 1755 simul
623 1709 648 1754 ct
660 1705 783 1757 remissior.
796 1709 854 1773 Ergo

57 1774 166 1828 contritio
179 1787 226 1826 noo
235 1774 302 1825 debet
314 1787 365 1826 esse
377 1774 449 1837 mojor
460 1775 490 1825 de
507 1778 666 1838 cooperculo,
680 1775 747 1839 quarn
759 1778 788 1828 de
798 1778 851 1830 alio.

90 1852 115 1896 3.
127 1846 252 1908 Praeterea,
268 1845 296 1894 de
310 1849 403 1909 peccato
416 1844 531 1910 precipue
543 1849 581 1896 est
593 1845 713 1907 contritio,
724 1846 849 1898 secondum

54 1916 146 1984 quodi
162 1916 209 1968 lieo
222 1915 312 1966 eremit.
324 1915 368 1966 Sed
382 1915 406 1966 in
421 1916 541 1966 aversione
556 1916 633 1968 omnia
645 1921 738 1979 peccota
752 1919 854 1969 mortalia

53 1987 211 2049 conueniunt,
222 1985 275 2050 quia
287 1986 364 2037 omnia
378 1986 458 2036 tollunt
470 1986 582 2049 gratiam,
593 1999 638 2050 oua
650 1987 726 2038 anima
739 1989 785 2039 lieo
800 2002 854 2040 con-

52 2057 169 2123 jungitur.
183 2057 242 2120 Ergo
254 2057 282 2106 de
298 2055 404 2106 omnibus
415 2057 514 2120 peccatis
531 2057 665 2108 mortalibus
678 2059 776 2122 equalis
785 2058 854 2110 debet

54 2141 110 2180 esse
125 2127 237 2178 contrito.

86 2197 133 2249 Sed
146 2201 232 2258 contra,
246 2198 362 2256 Denter„
371 2197 442 2257 llllll,
456 2195 555 2247 dicitur:
568 2212 584 2244 o
594 2198 638 2250 Pro
649 2211 755 2250 mensura
764 2201 853 2264 peccati

54 2269 101 2322 erit
111 2271 136 2320 et
147 2269 265 2333 plagarum
281 2267 370 2318 modus.
385 2283 399 2313 o
413 2267 459 2317 Sed
470 2268 495 2316 in
504 2267 652 2331 contritione,
664 2270 764 2332 pcccatis
780 2273 853 2334 plage

53 2344 275 2400 commemorantur,
285 2337 339 2401 quie
347 2337 455 2388 contritio
466 2337 536 2387 babet
543 2339 684 2400 propositum
698 2340 853 2392 satisfaciendi

52 2422 181 2462 annexum.
199 2409 259 2471 Ergo
279 2406 382 2460 contritio
400 2407 472 2470 magis
493 2407 563 2457 debet
574 2420 625 2458 esso
639 2409 669 2458 de
680 2423 727 2461 uno
742 2416 849 2474 peccato,

70 2480 125 2532 uim
136 2481 165 2532 de
183 2479 237 2531 alio.

53 2496 111 2600 ql.
130 2549 258 2609 Preterea,
280 2549 308 2600 de
331 2549 375 2598 boc
395 2546 464 2597 debet
479 2549 549 2597 bomo
573 2547 676 2608 contem,
689 2548 750 2610 quod
771 2549 850 2601 debuit

51 2621 138 2672 uitare.
155 2619 201 2670 Scd
214 2619 284 2670 bomo
292 2618 383 2669 deberet
396 2617 469 2679 magis
488 2617 562 2666 uitare
571 2629 642 2667 unum
654 2622 773 2680 peccatum
781 2633 850 2682 quum

51 2692 125 2752 aliud,
140 2689 194 2753 quia
208 2689 298 2752 grauius
308 2695 361 2750 est,
375 2687 395 2738 si
407 2687 533 2738 necessitas
544 2687 638 2736 alterum
651 2688 750 2738 faciendi
760 2688 851 2739 incom-

50 2765 126 2815 beret.
141 2761 200 2824 Ergo
208 2763 234 2810 et
244 2759 346 2810 similiter
355 2759 422 2810 debet
436 2760 465 2811 de
475 2771 522 2808 uno
534 2756 630 2819 (scilicet
639 2758 748 2822 graviori)
761 2760 849 2821 megia,

50 2845 122 2904 quom
138 2832 168 2883 dc
179 2829 225 2880 olio
238 2830 322 2881 dolere.
386 2831 389 2839 ’

86 2904 241 2967 (Coumusro.
256 2925 287 2938 -
297 2900 353 2954 Ciu
367 2902 426 2953 Deus
438 2904 532 2966 peccato
544 2898 625 2962 mojori
641 2899 713 2970 magis
724 2899 852 2962 ollendatur
