1942 3284
176 187 179 192 ·
198 185 228 221 nn
244 183 356 221 rnnrrnos
372 182 540 243 ronurnnnrrnr
552 185 576 221 ru
594 185 722 224 moment.
809 176 855 227 865

62 258 107 310 ries
120 258 259 323 punitentia
273 257 412 322 accipiantur
422 257 546 309 saonndlm
562 258 665 311 diversas
679 259 857 326 immutationes,

63 345 117 395 quaa
130 331 243 395 poenitens
255 329 359 381 intendit.
372 331 413 380 Est
423 334 498 380 autem
516 331 602 394 triplex
612 330 742 382 immutatio
757 331 771 382 ir
786 333 859 396 poeni-

63 407 122 453 toute
145 401 241 453 intenta.
262 401 337 452 Prima
354 402 444 465 quidem
462 413 503 466 per
520 402 716 464 regenerationem
734 402 759 452 in
776 416 859 454 noram

62 473 135 538 vitam,
146 476 169 524 et
183 473 233 524 haeo
246 473 347 537 pertinet
358 473 385 522 aul
398 471 564 536 penitentiam,
575 487 626 536 qnae
645 477 686 524 eet
699 477 753 524 ante
768 473 859 538 ltaptio-

62 557 128 593 murn.
144 543 248 594 Secunda
264 547 340 593 antem
355 543 484 592 immutatio
498 546 534 592 est
551 555 592 607 per
612 544 794 595 reformationem
805 545 859 597 rita

62 615 175 678 praeterita
187 615 235 678 jam
249 618 368 678 corruptae,
382 618 405 662 et
418 615 468 664 haeo
479 615 578 677 pertinet
587 615 616 666 ad
628 614 785 678 poenitentiam
798 629 860 666 mor-

62 685 135 734 talium
152 689 208 749 post
226 685 371 748 baptismum.
386 682 463 734 Tertia
479 690 555 734 autem
568 684 695 736 immutatio
711 690 750 736 eet
765 686 790 736 in
806 699 860 750 per·

61 755 172 808 lentiorem
190 755 343 820 operationem
357 755 420 816 ritae,
435 758 458 805 et
473 755 523 805 haee
540 755 639 818 pertinet
656 757 683 806 ad
701 754 858 820 poenitentiam

62 825 249 890 laniatumque
262 826 407 876 remittuntur
415 839 456 889 per
469 826 567 888 aliquem
580 826 706 877 terrentem
716 831 793 878 aetum
802 828 857 877 elra-

60 895 137 961 ritati8‚
150 901 178 947 ut
196 895 265 961 snprl
285 897 369 948 dietum
389 900 425 947 est
437 897 485 961 (qn.
505 901 545 958 87,
568 900 612 947 art.
632 900 681 947 tet
694 896 728 962 l).

87 970 231 1033 ltprimum
245 982 298 1032 ergo
311 968 429 1019 (licendum
440 1005 447 1030 ‚
458 966 520 1031 quot
541 967 675 1032 poenitentia
688 981 738 1030 qne
753 971 788 1020 est
804 972 858 1021 ante

60 1038 215 1102 baptismum,
233 1051 281 1090 non
302 1041 337 1089 est
360 1042 544 1100 sacramentnm«,
559 1039 600 1089 seul
620 1043 657 1089 eat
680 1042 744 1090 aona
765 1038 859 1090 intutu

60 1109 178 1174 disponens
194 1111 225 1160 ad
238 1114 402 1160 sacramentum
415 1109 530 1173 baptismi.

87 1183 118 1232 lid
134 1183 261 1233 seeundum
281 1181 416 1242 dicendum,
431 1181 492 1244 quod
505 1181 642 1246 poenitentia
658 1194 709 1245 quae
725 1181 787 1232 delet
804 1195 859 1246 per·

61 1254 104 1302 orla
123 1253 243 1313 mortalia,
256 1251 316 1302 delet
334 1253 403 1302 etiam
416 1251 529 1314 venialia,
547 1253 587 1303 sed
602 1265 648 1303 nou
670 1253 816 1302 convertitur.
828 1252 859 1304 lit

63 1321 110 1373 ideo
119 1323 157 1375 hm
176 1324 229 1374 duae
242 1319 381 1387 poenit'entiae
395 1335 421 1372 so
440 1322 525 1373 habent
538 1323 598 1373 siem
615 1323 755 1388 perfectam
776 1327 799 1374 et
810 1325 859 1373 r'm·

58 1395 208 1456 perfectum.

92 1465 126 1516 ld
142 1464 238 1516 tertium
251 1464 380 1527 dicendum,
393 1463 452 1528 qnod
464 1467 516 1514 ante
529 1462 666 1527 baptismum
680 1477 726 1515 non
741 1468 796 1515 sunt
810 1478 854 1529 peu

63 1539 108 1586 rata
124 1535 225 1586 venialia
240 1535 289 1586 siue
299 1535 438 1585 mortalibus.
454 1535 483 1584 lit
492 1534 546 1597 qnia
559 1535 648 1584 reniale
661 1533 710 1584 aine
723 1535 811 1585 mortali
823 1535 857 1586 di-

62 1604 118 1656 mitti
137 1620 185 1658 non
202 1609 295 1670 potest,
309 1605 413 1668 utsupra
426 1603 510 1654 dietum
522 1608 558 1654 est
570 1607 628 1668 (qu.
642 1608 682 1665 87,
692 1608 734 1653 art.
750 1606 795 1668 t),
805 1605 858 1656 ideo

61 1682 111 1726 ante
123 1677 264 1742 baptismum
277 1688 323 1726 non
337 1674 481 1738 distinguitur
489 1673 624 1738 poenitentia
640 1673 769 1725 moralium
779 1677 805 1726 et
817 1688 857 1727 ro·

57 1746 158 1798 nialiuru.

369 1955 416 2006 lito
430 1954 547 2006 immota
597 1943 601 1951 ’

117 2083 239 2129 ournouto
259 2083 290 2119 DE
310 2084 331 2119 8.
354 2083 443 2118 TEOllAE
467 2082 595 2126 AQUINATIS
615 2082 701 2119 mm
720 2081 796 2120 PARTE

323 2152 412 2189 stillim
429 2153 586 2190 nnnowsslcm

137 2253 230 2312 (qum
241 2252 279 2298 illa
290 2256 358 2297 morte
368 2258 496 2309 oeonpatns,
505 2242 653 2308 inperfectum
663 2253 754 2311 reliquit

306 2315 334 2360 ad
344 2317 490 2371 posteritatem
499 2316 604 2371 pervenit.
