1942 3284
279 241 309 280 un
325 242 489 282 connnrmonrs
505 247 616 288 nurnero.
799 248 845 298 579

84 310 116 362 dd
128 310 226 376 primum
240 325 294 378 ergo
302 315 438 380 dicendum,
450 320 512 385 qudd
524 323 619 375 doenum
631 326 750 380 arbitrium
761 329 846 384 dicitur

56 394 103 433 esse
118 383 147 434 dc
160 384 343 450 contingentibus
355 389 648 458 tuturis,secundi1mquod
662 402 699 449 est
708 400 737 450 de
747 401 844 465 adibus,

55 452 92 502 sed
105 466 151 506 non
167 455 290 508 meandum
306 459 365 521 qnod
384 465 420 511 est
435 462 464 512 de
482 462 579 527 objectis
591 470 698 532 actuum3
710 470 763 533 quia
775 473 844 524 homo

57 527 126 585 potest
140 526 239 588 cogitare
252 540 281 578 ex
292 527 362 580 libano
376 529 467 582 arbitrio
480 534 510 584 do
522 535 590 586 renus
598 539 719 600 preteritis
729 547 753 590 et
764 555 844 593 neces*

56 593 132 659 sariis3
147 597 187 646 sed
208 600 283 648 tamen
296 599 347 662 ipse
357 604 420 652 ectus
430 603 572 666 cogitationis
583 608 706 659 secundini
722 613 783 674 quod
800 616 842 664 snt

54 661 119 714 libero
141 665 233 719 arbitrio
254 668 329 730 cadit,
349 671 482 734 contingens
499 675 600 727 iutnrntn
620 683 669 742 est;
684 682 758 733 etsie
774 683 842 734 etiam

54 739 113 786 actus
123 735 266 788 contritionis
276 739 410 804 conducens
420 742 520 793 futurum
532 749 581 808 est,
591 749 718 801 secundum
730 755 841 816 quodsum

53 803 119 857 litero
138 807 234 860 arbitio
246 810 318 874 cedit3
336 813 376 863 sod
397 813 510 877 objectum
529 817 581 880 ejus
595 823 671 882 potest
690 835 743 874 csse
759 829 841 888 prete·

51 873 123 929 ritum.

80 947 111 998 dd
133 950 260 1001 secundum
277 951 412 1019 dicendum,
429 955 489 1018 qudd
508 955 547 1008 ille
569 956 664 1010 edoctos
683 973 840 1030 conseqnens,

51 1018 87 1079 qni
98 1025 217 1082 peccatum
228 1027 350 1086 afflueret,
359 1026 407 1088 jam
420 1025 445 1076 in
456 1030 510 1077 actu
521 1029 636 1092 prooessit
648 1031 712 1081 reiut
721 1032 746 1082 in
755 1047 837 1086 cansa:
850 1067 853 1072 -

51 1092 72 1138 et
82 1089 131 1142 ideo
143 1091 236 1157 qnando
249 1093 393 1146 commissum
410 1100 457 1160 est,
469 1101 540 1149 totam
557 1112 622 1149 snam
635 1100 783 1162 quantitatem
800 1107 840 1156 ha·

50 1157 107 1222 init3
121 1164 144 1211 et
156 1174 186 1212 ex
199 1161 281 1213 effectu
291 1169 444 1228 consequente
455 1179 500 1217 non
512 1169 622 1219 accrescit
633 1171 656 1220 ei
669 1169 754 1234 aliquid
764 1177 838 1237 qnoed

50 1227 116 1292 odpa
126 1231 251 1296 mtionem,
265 1235 370 1296 quemuis
387 1240 500 1286 accrescet
512 1239 586 1300 quoad
601 1252 694 1304 poenem
707 1241 838 1296 accidenta-

50 1299 99 1364 lem,
107 1301 233 1354 secundirm
242 1305 300 1368 qood
315 1306 392 1370 plures
402 1307 494 1359 habehit
503 1309 602 1361 rationes
613 1311 704 1363 dolendi
712 1311 736 1363 in
749 1313 838 1368 interno

50 1370 75 1418 de
86 1371 187 1434 pluribus
205 1374 269 1425 malis
282 1387 310 1424 ex
324 1389 365 1426 sno
382 1381 476 1440 peccato
493 1379 639 1443 consecutis,
656 1385 681 1432 et
693 1381 727 1434 sic
737 1384 837 1447 loquitur

49 1439 204 1508 Hieronymus.
217 1443 279 1496 Unde
292 1459 339 1498 non
352 1451 451 1512 oportet,
460 1448 521 1512 quid
531 1451 636 1503 contritio
649 1451 679 1502 sit
690 1452 734 1504 nisi
743 1454 773 1505 dc
785 1469 839 1521 peo-

50 1511 102 1562 cutis
113 1512 243 1577 praeteritis.

340 1623 500 1675 dedicimus
514 1624 543 1675 V.

139 1745 227 1792 ditrdm
241 1745 307 1790 imino
320 1745 400 1792 debeat
409 1747 501 1792 coemi
513 1747 542 1793 de
549 1752 645 1805 peccato
657 1753 744 1799 amno.

74 1867 107 1919 dd
118 1869 225 1934 quintum
238 1869 271 1920 sic
283 1870 419 1932 proceditur.
431 1870 523 1922 Videtur
535 1872 594 1936 qnid
608 1875 676 1928 homo
685 1876 767 1928 debeat
779 1892 835 1931 con·

46 1938 87 1988 teri
99 1940 127 1992 de
144 1943 240 2005 peccato
252 1941 334 1992 alieno.
348 1941 399 1992 Non
415 1941 476 1992 enim
490 1945 549 2007 petit
561 1945 643 2010 etiqois
661 1946 832 2013 indulgentiam,

46 2008 89 2060 nisi
104 2011 132 2061 de
142 2016 250 2074 peccato,
262 2012 289 2061 de
307 2025 350 2074 qno
361 2013 471 2062 contritus
482 2019 525 2064 est.
545 2013 589 2065 Sed
601 2016 629 2066 de
639 2017 740 2080 peccatis
755 2018 836 2071 aliems

45 2077 182 2144 indulgentia
194 2080 286 2144 petitur,
299 2083 325 2130 in
335 2082 402 2132 Psoi,
416 2083 485 2134 xvrd
500 2101 509 2134 .-
525 2102 540 2134 «
553 2085 587 2135 db
599 2086 679 2137 alienis
688 2101 755 2151 parm
769 2101 836 2140 serre

45 2154 91 2200 tuo.
104 2169 117 2198 o
133 2152 195 2215 Ergo
213 2153 279 2204 dehet
294 2154 363 2205 homo
380 2155 467 2204 conteri
479 2155 508 2206 de
520 2157 622 2219 pcccatis
637 2158 727 2209 alienis.

74 2225 98 2271 t.
111 2223 240 2286 Praeterea,
254 2225 322 2274 homo
342 2237 371 2274 ex
389 2225 497 2275 charitate
512 2227 581 2277 debet
595 2225 687 2290 diligere
706 2229 834 2293 proximum

45 2290 101 2342 sicut
114 2293 225 2357 scipsum.
239 2293 284 2345 Sed
298 2298 389 2358 propter
402 2295 546 2347 dilectionem
556 2296 606 2358 sni,
622 2302 646 2348 et
663 2299 692 2348 de
707 2290 841 2355 malissimi

44 2361 115 2426 dolet,
129 2368 154 2416 et
163 2363 223 2414 hona
236 2363 356 2415 desiderat.
367 2363 426 2428 Ergo
441 2364 492 2414 crim
501 2369 619 2416 teneamur
629 2372 732 2430 proximo
745 2357 841 2424 deside-¹

43 2443 92 2481 rnre
110 2433 170 2485 hona
187 2434 266 2498 gratie
281 2433 341 2484 dent
353 2437 377 2484 et
390 2434 473 2496 nohis,
487 2434 576 2486 ridetur
592 2435 652 2501 qudd
664 2438 788 2492 debeamus
805 2443 834 2493 de

43 2504 144 2564 peccatis
154 2504 206 2568 eius
217 2505 308 2564 dolere,
326 2504 385 2556 sicut
400 2505 428 2555 de
442 2505 533 2557 nostris.
551 2505 596 2557 Sed
608 2507 712 2558 contritio
729 2510 786 2562 nihil
798 2515 835 2562 est

43 2571 118 2635 alind,
131 2574 200 2638 qnam
213 2575 275 2627 dolor
288 2575 317 2627 do
335 2577 443 2640 peccatis.
457 2575 518 2640 Ergo
534 2576 602 2628 debet
613 2578 681 2630 homo
697 2583 785 2632 conmri
805 2582 833 2632 de

42 2645 141 2706 peccatis
154 2645 242 2696 alienis.

73 2713 119 2765 Sed
140 2719 234 2778 contra,
249 2716 351 2768 contritio
368 2721 403 2768 est
421 2720 484 2768 ectus
504 2717 643 2782 penitentie
665 2719 765 2770 virtutis.
786 2720 831 2771 Sed

41 2785 116 2836 nntius
127 2787 223 2851 poenitet
235 2787 281 2838 nisi
293 2789 321 2840 do
330 2789 367 2840 his
381 2802 432 2852 qne
447 2790 499 2852 ipse
509 2789 573 2840 tecit.
588 2790 647 2852 Ergo
661 2791 738 2841 nudus
753 2794 832 2842 conto·

41 2855 99 2910 nitur
111 2857 140 2908 de
152 2856 251 2920 pcccatis
262 2859 350 2910 alienis.

75 2928 273 2992 (Concessum-
285 2928 344 2982 cim
357 2929 462 2984 contritio
480 2931 506 2984 in
519 2931 559 2984 illo
576 2944 627 2984 esse
640 2930 732 2996 debeat,
747 2931 772 2983 in
785 2944 832 2997 qno
