1942 3284
121 207 152 255 ta
301 213 363 252 rans
379 215 419 262 ur,
435 211 529 257 oum.
547 194 591 261 nx',
607 210 731 277 tar3vur.

122 310 136 341 «
151 291 280 355 Baptizatur
293 303 372 340 servus
390 288 473 340 Christi
491 290 530 352 N.‚
544 287 569 337 in
586 287 678 339 nominc
689 287 776 351 Putris,
790 292 850 354 etc.;
862 306 876 338 n
892 295 916 343 et

120 367 197 414 nmen
206 360 296 425 utrique
312 373 392 410 verum
405 360 526 410 conterunt
539 362 714 410 sacramentum.
728 360 787 425 Ergo
797 360 823 412 in
836 361 917 415 tonnis

120 437 310 485 sacramentorum
327 431 382 483 iicet
399 431 482 495 uiiqnid
497 432 579 481 addere
590 431 627 482 vol
640 430 748 482 minnere.

153 508 312 571 (Concunsro.
329 531 359 542 -
376 505 456 555 Verbis
478 504 502 553 in
524 504 605 566 quibus
630 505 822 554 sacramentorum
843 505 917 556 torma

119 577 225 630 consistit
239 579 320 628 addere
334 576 456 641 quidquam
469 579 508 625 aut
521 575 638 626 detrahere
651 588 698 625 nou
712 574 763 627 ticet
773 611 779 638 ,
790 589 836 641 quo
850 592 918 629 uerus

120 664 198 701 eorum
212 663 293 700 sensus
307 647 487 713 corrumpatur.)

97 768 101 777 .
153 722 289 785 Respondeo
307 720 440 783 dicendum,
455 718 516 783 qudd
532 720 592 771 circa
609 732 687 771 omnes
705 718 761 771 istas
782 722 918 773 mutationes

121 809 171 860 que
185 796 282 859 possunt
301 795 326 841 in
344 793 425 844 formis
444 795 636 843 sacramentorum
658 792 804 856 contingere,
824 794 869 845 duo
885 794 919 843 vi·

121 868 204 919 dentur
223 879 272 917 esse
289 864 460 916 consideranda.
476 866 551 915 Unum
568 864 661 927 quidem
679 878 709 915 cx
724 867 788 929 parte
808 864 919 930 ejusqui

121 939 208 1004 profert
221 939 305 1000 uerna,
324 936 389 1001 cnjus
412 936 509 987 intentio
523 935 644 999 requiritur
656 936 684 987 ad
698 940 880 999 sacramentum,
894 940 919 987 ut

123 1010 181 1061 iniri
190 1010 277 1061 dicetur
286 1009 341 1073 (qu.
356 1011 396 1069 dt,
406 1012 450 1059 art.
461 1008 502 1071 8).
517 1008 617 1069 ntideo,
632 1007 652 1059 si
668 1007 770 1059 intendat
783 1021 824 1072 per
836 1009 920 1072 hujus·

123 1083 185 1133 modi
200 1081 338 1133 additionem
352 1080 388 1131 vel
402 1078 573 1131 diminutionem
587 1078 655 1129 atium
671 1079 738 1129 ritum
756 1080 863 1130 inducere
879 1081 919 1143 qui

123 1154 211 1206 nonsit
224 1153 253 1203 ab
263 1152 364 1203 Ecclesia
372 1155 484 1215 receptus,
499 1164 545 1203 nou
555 1151 644 1201 videtur
652 1151 730 1215 perfici
740 1156 918 1216 munumentum,

124 1225 177 1289 quia
191 1238 237 1277 non
250 1224 339 1275 videtur
349 1222 409 1287 qudd
425 1224 529 1275 intendat
545 1224 618 1275 iacere
630 1223 654 1275 id
667 1224 726 1287 quod
740 1223 793 1274 tacit
806 1224 918 1275 Ecclesia.

124 1299 191 1349 tliud
208 1302 285 1348 tamen
297 1300 335 1347 est
347 1295 531 1347 considerandum
549 1310 578 1346 er
596 1300 659 1360 parte
678 1295 850 1359 significationis
869 1310 919 1347 ver-

123 1371 220 1434 borum;
234 1370 286 1421 cium
301 1368 362 1419 enim
373 1368 443 1418 ucria
456 1370 578 1431 operentur
589 1368 614 1417 in
632 1367 776 1418 ndumentis
786 1384 800 1415 a
809 1368 920 1431 qnmtdm

124 1444 152 1493 ad
170 1456 261 1493 sensum
274 1454 343 1504 quem
356 1439 454 1503 iaciunt,
464 1457 478 1487 u
494 1442 519 1490 ut
531 1440 599 1504 snpra
611 1441 695 1491 dimum
709 1442 745 1491 est
755 1442 809 1500 (art.
820 1444 850 1501 7,
865 1441 895 1493 ad
906 1444 919 1490 1

124 1519 148 1565 et
160 1515 188 1566 ad
200 1513 235 1576 ³),
247 1515 335 1577 oportet
344 1512 486 1563 considerare
498 1512 573 1561 utrdm
584 1511 701 1575 pertatem
710 1511 860 1562 mutationem
875 1513 919 1563 tol·

123 1584 183 1635 latur
192 1585 279 1636 dendus
288 1597 368 1635 sensns
378 1585 506 1641 verborum,
515 1583 568 1647 quia
579 1582 599 1633 si
610 1583 649 1647 sic,
659 1581 804 1633 manifestum
814 1586 851 1633 est
860 1583 920 1648 qudd

125 1657 210 1709 totlitur
225 1656 309 1707 nouitas
320 1654 464 1707 sacmmenti.
479 1655 625 1706 Manifestum
640 1658 675 1705 est
692 1658 765 1705 autem
779 1654 840 1718 quod
854 1655 875 1705 si
888 1656 920 1705 di-

124 1727 239 1779 minuatur
252 1727 336 1791 utquid
354 1740 431 1778 comm
443 1741 494 1791 qun
510 1730 564 1778 snut
578 1728 605 1778 de
621 1726 745 1778 substantia
755 1725 833 1777 forme
845 1741 922 1779 sacru

127 1801 241 1863 mentalis,
254 1801 340 1851 tottitur
353 1800 444 1851 debitus
460 1813 542 1851 sensnm
550 1800 683 1860 veriorum,
696 1802 721 1849 ct
732 1799 783 1849 ideo
796 1810 844 1849 uon
853 1802 921 1865 perd·

126 1873 186 1923 citur
196 1875 368 1923 sacramentum.
384 1872 447 1922 Unde
458 1871 566 1936 didymus
576 1870 665 1925 dicitin
673 1870 714 1919 iiio.
722 1870 753 1921 ΙΙ.
764 1872 801 1921 De
814 1870 921 1935 Spiritu

126 1947 229 1995 sumto:
245 1942 352 2006 «Siquis
360 1942 393 1993 ita
405 1941 520 2004 baptizare
532 1946 634 2005 conetur,
648 1945 674 1991 ut
683 1954 754 1992 unum
765 1942 793 1993 dc
802 1943 921 2007 predictis

128 2014 256 2065 nominibus
273 2014 430 2078 pretermittat
443 2012 545 2078 (scilicet
558 2014 646 2077 Putris,
662 2016 686 2065 et
701 2013 770 2077 Filii,
784 2019 807 2065 ot
822 2015 922 2078 Spiritus

128 2086 234 2151 suncti),
248 2086 297 2136 sinc
310 2086 447 2151 pemectione
466 2085 597 2149 baptizabit.
617 2102 631 2133 n
648 2085 673 2136 si
690 2090 765 2137 autem
778 2087 922 2137 subtrahatur

128 2159 213 2223 ntiqdid
228 2159 288 2223 quod
301 2172 347 2209 nou
360 2157 390 2207 sit
400 2159 428 2208 de
442 2157 663 2222 adnuntiaturus,
677 2158 728 2210 talis
736 2157 860 2209 diminutio
874 2173 921 2211 non

128 2232 186 2284 toltit
197 2232 297 2283 debitum
307 2243 400 2281 sensum
411 2230 543 2292 nerinorum,
558 2234 594 2293 et,
608 2244 650 2295 per
663 2243 811 2294 consequens,
827 2243 872 2282 uec
886 2245 922 2282 su·

127 2303 239 2356 crementi
250 2302 427 2367 perfectionem
438 2301 496 2351 siout
505 2302 530 2353 in
540 2302 612 2354 torma
623 2302 786 2366 Eucharistiae,
800 2308 902 2366 quaest
914 2318 920 2353 :

129 2392 144 2424 a
157 2376 205 2425 Hoc
220 2378 256 2425 est
268 2373 329 2424 enim
346 2385 426 2436 corpus
437 2385 526 2436 meum,
535 2389 549 2421 n
559 2373 583 2439 lq
596 2376 663 2423 enim
674 2374 786 2424 sublatum
801 2386 848 2424 uon
862 2374 922 2425 tollit

128 2446 230 2497 debitum
242 2458 333 2497 sensum
343 2444 476 2507 vernorum3
493 2450 519 2495 et
528 2445 579 2497 ideo
593 2458 638 2496 nou
653 2444 748 2509 impedit
758 2444 922 2509 perfectionem

128 2517 279 2580 sacramenti,
292 2515 395 2581 quamvis
409 2516 482 2580 possit
498 2517 626 2582 contingere
639 2516 699 2581 qudd
711 2517 748 2567 ille
765 2516 805 2580 qui
818 2524 922 2581 praeter-

127 2590 213 2650 mittit,
223 2591 301 2653 peccet
317 2600 346 2637 er
355 2587 493 2651 negligentia
504 2587 541 2638 vcl
554 2592 693 2652 contemptu.
709 2588 772 2639 Circa
784 2588 921 2639 additionem

127 2660 196 2713 ctiam
217 2659 326 2722 contingit
344 2659 428 2723 aliquid
448 2660 532 2725 apponi
549 2662 608 2724 quod
628 2664 663 2711 est
680 2658 832 2724 corruptivum
851 2659 923 2711 debiti

128 2733 218 2794 munds,
231 2731 287 2796 puta
297 2731 407 2795 siatiquis
422 2732 498 2783 dicat:
513 2733 583 2795 «qu
595 2736 617 2782 te
628 2732 718 2796 baptizo
733 2732 758 2781 in
773 2730 865 2783 nominc
879 2735 923 2781 Pa-

128 2804 170 2855 tris
186 2802 291 2868 majoris,
306 2808 329 2855 et
341 2804 395 2854 Filii
412 2804 518 2866 minoris,
532 2821 546 2852 n
560 2803 618 2854 sicut
634 2803 710 2854 Ariani
722 2801 883 2867 baptizabant3
899 2806 922 2853 et

128 2876 181 2929 ideo
195 2877 247 2927 talio
262 2876 345 2927 additio
357 2876 416 2927 toltit
428 2876 547 2927 nodutum
561 2873 703 2927 sacramenti.
723 2874 749 2927 Si
761 2873 815 2925 nord
826 2875 856 2925 sit
868 2874 921 2927 tatis

131 2948 213 3001 additio
227 2962 277 3014 que
287 2961 334 2999 uon
350 2948 436 2999 autent
445 2947 546 2999 debitum
564 2959 672 3011 sensum,
686 2959 733 2999 non
746 2945 831 2999 tollitur
846 2958 921 2999 sacru
