1942 3284
124 201 172 250 ste
250 209 449 258 spernerentur,
467 207 563 254 onmes.
581 207 680 255 mers,
696 207 753 246 arr.
771 208 799 246 ιι.

123 286 219 340 intortis
232 299 288 338 vero
299 285 427 350 acolythus,
437 282 491 347 quia
502 296 545 347 per
552 283 629 334 lumen
641 283 703 348 qnod
712 288 803 348 portat,
817 284 925 348 namot

124 373 150 412 se
168 359 288 410 interiores
304 358 408 408 tenebras
427 355 511 420 pellere
526 371 532 404 :
548 360 572 406 et
590 359 688 419 unoque
705 358 776 407 modo
788 360 925 416 exorcista,

123 431 178 496 qnia
191 431 294 482 diabolus
310 429 395 493 (quem
412 428 631 492 expellitlntropue
649 427 718 478 modo
733 429 876 493 pemnrbat3
890 431 925 480 sed

123 501 260 554 illuminatio
273 514 322 565 que
332 500 357 550 iit
365 512 407 563 per
420 498 544 550 doctrinam
553 497 678 562 ‚ouantium
689 499 718 548 ad
732 499 866 552 doctrinam
876 513 925 565 pro

123 574 251 640 plisticam,
269 572 294 622 iil
308 584 350 636 per
365 571 482 632 tectorem·
498 569 610 633 ouantium
625 571 838 634 adapostolicam,
853 571 879 621 dt
891 585 928 636 per
964 564 965 637 ἶ

123 644 304 706 subdiaconos;
321 641 430 708 quantum
449 643 476 692 nd
497 641 677 705 Evangelieam,
696 655 737 705 per
758 642 885 693 diaconos
896 645 927 693 lit.

123 715 169 768 Sed
179 715 289 780 perfectio
299 714 435 777 communis,
442 717 521 778 utpote
531 727 583 777 qun
591 716 627 764 est
635 713 782 777 penitentiae
791 718 817 764 ct
825 714 931 780 baptismi

125 790 151 838 et
165 785 311 850 hujusmodi,
321 785 348 835 iit
363 798 404 851 per
416 784 588 846 secundeum,¹
602 784 716 835 excedens
730 797 801 846 uero,
818 799 864 850 por
879 787 931 851 epi-

126 873 245 922 scopum,
259 862 286 907 ut
299 857 437 910 consecratio
452 856 593 906 sacerdotum
610 858 634 905 ct
647 855 765 919 ruginem
779 872 786 906 ε
798 858 844 908 sed
861 859 932 908 exod·

106 928 264 992 .lentiesima‚
278 943 318 994 per
332 943 461 980 enormem
477 928 640 991 Pontificem,
655 927 679 976 in
698 941 746 990 qno
761 934 800 979 est
814 929 930 994 plenitudo

126 1001 278 1052 auctoritatis.
290 1001 334 1052 Sed
344 1001 389 1052 troc
401 999 459 1051 nillil
472 1003 522 1050 est:
533 1002 582 1049 tum
594 998 648 1062 qun
662 998 758 1050 ordines
767 999 876 1052 colosis
885 999 932 1051 loic-

126 1072 221 1123 rarchie
235 1086 281 1124 non
296 1072 466 1135 distinguuntur
474 1082 515 1136 per
527 1069 645 1135 predictas
654 1070 759 1120 actiones
767 1071 929 1132 hierarchim,

127 1142 182 1194 edm
195 1144 301 1208 qualibet
313 1143 405 1194 cuilibet
414 1143 520 1194 ordinum
530 1143 650 1193 conueniat
661 1157 668 1192 :
680 1145 730 1191 tum
741 1143 801 1206 qnia
808 1143 930 1194 semodius

126 1214 260 1280 llicnysium
275 1217 321 1278 (De
334 1214 432 1265 Coetect.
447 1215 531 1274 Hier„
542 1226 594 1278 cap.
610 1213 657 1277 t),
674 1213 731 1265 solis
741 1215 868 1279 episcopis
880 1227 932 1266 een-

128 1284 192 1336 uenit
202 1285 319 1349 perlicere
332 1284 459 1335 illuminare
466 1289 553 1348 auem,
562 1284 726 1347 sacerdotibus
732 1298 838 1349 purgare
845 1291 926 1340 anem,

128 1355 239 1406 ministris
258 1355 373 1406 omnibus.
389 1355 417 1405 el
431 1355 481 1406 ideo
504 1355 543 1405 alii
560 1355 710 1420 appropriant
726 1357 826 1407 ordines
847 1362 929 1421 septen

128 1428 207 1487 donis,
220 1430 246 1476 nl
260 1427 386 1479 sacerdotio
397 1428 535 1493 respondent
547 1428 643 1478 donem
660 1429 817 1492 sapientior,
832 1442 886 1492 qne
894 1439 931 1476 nos

126 1511 187 1564 pane
197 1499 250 1549 nite
264 1503 288 1549 ct
300 1497 430 1550 intellectus
443 1499 512 1562 cibat,
525 1498 585 1550 sicut
595 1497 701 1549 sacerdos
716 1512 762 1549 nos
777 1512 843 1564 pane
851 1497 930 1550 oulen

128 1567 217 1633 reicit3
233 1570 273 1620 sed
286 1573 373 1628 timor,
386 1570 495 1633 ostiario,
508 1570 561 1633 qudo
574 1583 617 1621 nos
630 1573 723 1635 separat
740 1571 755 1622 t
772 1571 846 1622 melis
854 1609 862 1635 ,
870 1575 892 1621 et
901 1570 931 1619 sie

129 1640 366 1693 intermedii‘ordiues
385 1643 522 1706 respondent
535 1642 617 1693 modiis
631 1642 704 1693 donis.
727 1643 777 1694 Sed
792 1645 841 1694 lucc
856 1644 927 1694 item

129 1713 187 1764 nihil
207 1718 257 1776 est,
272 1714 325 1778 quia
341 1713 366 1763 in
382 1715 483 1778 quolibet
496 1714 600 1766 ordinum
613 1714 752 1778 septiformis
770 1715 850 1779 gratia
864 1715 928 1765 datur.

163 1785 192 1836 lit
205 1785 257 1837 idco
272 1785 338 1836 aliter
347 1785 467 1836 dicendum
474 1823 483 1849 ‚
494 1785 555 1848 quid
567 1785 655 1836 ordinis
668 1789 845 1837 sacramentum
861 1786 890 1835 sd
900 1797 930 1834 sa·

132 1860 271 1908 crumentum
291 1856 438 1910 Eucharistie
456 1857 581 1920 ordinatur,
596 1857 657 1920 quod
681 1861 719 1907 est
738 1861 929 1908 «sammonico

132 1933 367 1990 sacramentorum»
383 1933 408 1978 ut
421 1929 543 1994 Dionysius
561 1929 627 1980 dicit.
645 1928 710 1980 sieut
729 1930 795 1979 enim
815 1929 929 1993 templm

131 2003 156 2050 et
168 2000 247 2061 altare,
261 2005 285 2051 et
299 2013 368 2063 vasa,
378 2003 401 2050 ct
414 2003 506 2064 uestcs3
521 2001 552 2051 ita
566 2004 589 2051 ct
605 2000 702 2050 ministri
715 2001 755 2063 qui
767 2002 797 2050 ad
815 2000 932 2051 Eucharis-

132 2069 186 2120 dam
199 2073 345 2136 ordinantur,
361 2073 530 2124 consecrat-ione
544 2073 664 2136 indigent:
682 2076 707 2122 ct
722 2074 777 2123 hec
795 2072 932 2124 consonatio

133 2143 169 2192 est
186 2143 273 2195 ordinis
285 2147 460 2198 sacramentum.
471 2145 501 2196 Et
516 2145 568 2196 ideo
578 2144 694 2195 distinctio
705 2145 815 2195 ordinum
828 2148 869 2194 cst
881 2141 933 2193 aod·

132 2211 217 2278 pianda
230 2215 356 2266 secundnm
371 2215 502 2268 relationem
522 2217 551 2266 ad
565 2215 744 2277 Eucharistiam3
760 2214 817 2278 qnia
836 2217 932 2279 poissins

134 2283 221 2338 ordinis
238 2289 279 2334 eut
298 2291 334 2337 est
357 2287 384 2337 ad
403 2287 594 2338 consecrationem
617 2287 691 2352 ipsius
712 2288 882 2350 Eucharistiae,
899 2289 933 2334 erl

136 2355 228 2420 aliquod
241 2355 390 2408 ministerium
407 2359 534 2410 ordinatum
552 2359 641 2409 adlice
658 2360 827 2408 sacramentnm
847 2359 931 2407 Enete

135 2427 216 2480 sistie.
232 2426 256 2477 si
267 2426 339 2491 primo
353 2432 433 2494 modo,
444 2431 476 2481 sic
490 2434 525 2480 cst
540 2432 595 2481 ordo
606 2430 779 2486 secerdotum,
789 2429 932 2482 ctideooin

135 2499 275 2564 ordinantur,
284 2500 400 2565 accipiunt
410 2501 504 2552 calicem
513 2515 565 2552 curo
574 2502 629 2552 uino
638 2540 645 2564 ,
655 2505 679 2552 ct
686 2505 796 2566 paoenm
806 2515 859 2552 cum
869 2513 932 2565 pane,

138 2571 276 2636 accipientes
286 2575 420 2635 potestatem
431 2573 564 2624 conficiendi
572 2587 652 2638 corpus
661 2578 686 2624 et
694 2572 831 2636 sangninem
842 2572 932 2624 Christi.

134 2643 267 2706 cooperatio
277 2645 354 2693 aulem
366 2644 519 2696 ministrorum
532 2649 568 2696 est
581 2646 620 2696 sel
632 2645 657 2695 ic
669 2645 750 2695 ordine
764 2644 794 2694 ad
802 2643 881 2708 ipsum
898 2657 933 2694 se·

134 2717 290 2774 aramentum,
306 2715 342 2763 vel
360 2715 384 2764 in
405 2717 483 2767 ordine
498 2718 526 2767 ad
548 2717 710 2781 suscipientes.
725 2715 751 2768 Si
766 2716 840 2779 primo
854 2717 932 2774 moda,

134 2782 167 2832 eie
181 2788 217 2834 est
230 2783 355 2847 tripliciter.
371 2788 449 2838 Primo
461 2789 539 2851 enim,
549 2793 586 2840 est
601 2789 755 2840 ministerium
771 2802 819 2854 qno
834 2789 934 2838 miniter

138 2858 271 2918 cooperatur
285 2857 394 2907 sacerdoti
404 2859 428 2908 in
443 2861 494 2924 ipso
507 2864 657 2924 sacramento,
674 2859 784 2924 plantum
799 2860 827 2910 ed
846 2860 934 2924 disper

133 2924 261 2986 sationem,
282 2929 321 2978 sed
336 2940 381 2978 non
395 2931 506 2993 quantum
522 2932 551 2982 ad
568 2933 779 2996 consecrationem,
795 2945 865 2997 quam
877 2931 933 2982 solos
