1942 3284
136 191 166 229 nn
178 191 218 228 nis
231 189 287 235 one
299 191 360 230 soter
373 191 470 230 anum
484 191 641 232 sommo
653 194 758 234 oaorurs.
798 187 845 235 883

53 267 130 319 levit.
145 267 220 330 VIII).
234 266 276 318 Sed
292 267 376 318 veritas
388 267 486 319 maxime
497 268 522 318 iu
534 282 594 321 noua
610 269 660 333 lege
676 271 788 322 declarata
799 277 843 326 est.

49 339 109 404 Ergo
123 337 268 402 pontificibus
282 351 348 390 uorat
361 339 420 403 tegle
432 339 549 405 competit.

86 414 109 459 6.
121 411 247 471 Preteres,
262 408 346 460 lemida
359 421 439 474 aurea,
454 411 479 460 iu
490 424 535 475 qua
550 411 661 475 seriptum
673 415 724 464 erat
741 413 845 478 dignust

53 495 115 532 mum
127 493 209 532 nomen
222 479 262 530 Ilei
276 479 377 543 (duod.
392 481 485 530 XXVIII
495 481 521 543 )‚
535 485 583 532 erat
597 481 756 546 dignissimum
776 498 843 536 orua-

50 555 175 603 meutorum
192 551 276 600 veteris
293 550 359 614 legis.
374 553 432 616 Ilugo
449 552 506 603 illud
520 552 618 604 maalme
635 552 715 604 debuit
726 555 846 606 transferri

47 626 75 676 in
90 635 170 674 nouam
184 623 267 686 legem.

86 699 108 746 t.
127 695 250 756 Praeterea,
266 705 292 744 ea
311 706 361 758 quae
372 694 473 746 ermetis
483 698 592 758 geruntur
602 695 627 746 in
641 696 753 749 ministris
765 697 845 749 Eccle-

51 767 106 826 siae,
117 767 168 816 suut
182 763 247 828 sIgna
260 763 375 815 Interioris
387 766 515 829 potestatis.
530 766 575 816 Sed
591 766 777 831 arohiepIscopus
798 780 845 819 non

50 837 119 888 habet
130 833 223 886 alterius
236 834 326 898 generis
338 838 474 898 potestatem
488 835 558 900 quam
568 835 691 900 epIsoopus
701 875 707 900 ‚
719 842 747 888 ut
757 838 846 889 dictum

49 909 86 957 eut
95 905 131 968 III
141 906 221 961 Seut„
233 905 285 954 dist.
299 905 350 968 at).
360 906 420 970 Ergo
431 919 476 958 uou
488 906 555 957 debet
568 905 651 958 labere
660 907 771 972 pallum,
784 909 847 972 quod

47 990 96 1029 non
108 977 192 1026 habent
208 975 318 1040 episcopi.

82 1053 106 1098 8.
120 1049 251 1112 preterea,
265 1049 384 1112 potestatis
397 1049 515 1114 plenitudo
529 1048 613 1100 residet
629 1061 701 1113 penes
718 1051 847 1100 Romanum

48 1119 192 1173 Pontificem.
203 1119 248 1170 Sed
261 1118 309 1185 ipse
319 1133 365 1172 non
374 1120 443 1171 hebet
451 1121 566 1171 baculum.
576 1121 635 1184 Ergo
643 1131 686 1170 uec
695 1119 735 1170 alii
743 1119 845 1184 episcopi

50 1193 135 1244 dehent
144 1190 237 1242 nabere.

84 1262 246 1328 (Couunnsuo.
254 1289 286 1300 -
299 1261 409 1314 omuibus
421 1262 530 1314 Iloolesie
540 1261 652 1312 ministris
664 1263 693 1312 ad
703 1261 781 1313 didus
790 1274 846 1315 exe-

51 1335 141 1398 quenda
150 1333 233 1395 officia,
248 1333 316 1386 varia
329 1347 355 1384 ac
368 1332 505 1397 multiplices
513 1335 597 1397 aptata
611 1337 666 1383 suut
677 1336 764 1394 restes,
778 1335 847 1397 prout

50 1403 174 1468 unicuique
183 1404 420 1468 conuenireJudioauit
426 1403 536 1466 Ecclesia,
545 1403 559 1454 a
567 1403 652 1467 Spiritu
660 1409 740 1456 sancto
746 1402 846 1468 edocta.)

81 1475 215 1539 Respondeo
232 1476 371 1539 dicendum,
386 1476 448 1536 qnod
465 1479 542 1527 vestes
557 1474 714 1526 ministrorum
726 1475 848 1540 designant

49 1546 207 1611 idoneitatem,
223 1559 273 1612 que
289 1545 314 1596 in
327 1547 362 1598 eis
374 1546 498 1610 requIriIur
511 1547 539 1596 ad
552 1546 693 1596 nocendum
705 1547 783 1596 dimna
801 1563 807 1596 z
823 1549 847 1598 et

48 1617 105 1680 quia
121 1619 223 1682 madum
237 1622 354 1682 suntque
372 1617 398 1669 in
410 1618 519 1668 omnibus
535 1617 688 1680 requirmtur,
702 1620 726 1668 et
743 1618 848 1682 quadam

46 1689 195 1754 requiruntur
209 1691 234 1740 iu
249 1689 418 1754 superioribus,
431 1702 482 1753 que
495 1701 542 1739 nou
562 1688 596 1738 ita
615 1687 736 1752 exiguntur
745 1689 773 1738 in·
787 1688 847 1740 iule-

47 1759 155 1822 rioribus,
166 1759 217 1812 ideo
229 1761 332 1824 quedam
343 1765 419 1812 uestes
436 1763 490 1812 suut
503 1759 608 1810 omnihus
621 1757 732 1810 ministns
746 1772 848 1810 commu·

47 1843 108 1892 nes,
128 1831 232 1896 quedam
251 1834 326 1882 autem
347 1831 500 1895 superioribus
521 1830 615 1881 lantiunt.
628 1832 659 1880 Et
675 1831 727 1883 ideo
744 1831 848 1882 omanus

48 1901 163 1952 mInistris
177 1902 286 1965 competit
297 1904 406 1953 amictos
417 1905 525 1954 humems
538 1906 632 1966 tegens,
646 1914 692 1965 quo
706 1901 848 1966 significatur

46 1972 159 2024 fortitudo
173 1973 201 2023 ad
211 1973 288 2022 diviua
302 1972 376 2024 ullioia
390 1973 542 2038 exequenda,
555 1972 639 2036 quibus
651 1972 808 2036 mancipatur;
824 1975 850 2024 et

50 2043 158 2095 similiter
168 2043 242 2104 albu,
257 2058 307 2108 qua
320 2043 433 2108 siguificat
444 2044 565 2109 puritatem
583 2044 656 2107 uitae3
671 2047 695 2094 et
705 2043 848 2108 cinysium,

48 2115 111 2179 quod
125 2114 239 2179 significet
249 2115 413 2178 repressionem
425 2115 500 2166 canals
516 2132 522 2165 ι
537 2116 578 2166 sed
589 2114 742 2166 subdiaconus
752 2115 849 2167 ulteriius

46 2186 121 2237 habet
139 2185 301 2250 manipulum
315 2187 340 2236 in
353 2187 455 2249 sinistra,
468 2200 514 2250 quo
526 2187 669 2250 significatur
687 2186 786 2236 extorsio
801 2185 849 2234 mi-

45 2254 165 2307 nimarum
179 2255 332 2317 macularum,
347 2256 401 2318 quia
414 2257 545 2321 manipulus
559 2259 596 2306 est
607 2257 675 2320 quasi
691 2257 807 2307 sudarium
819 2255 849 2305 ad

46 2327 215 2390 extergendum
227 2325 315 2376 vultum
326 2341 332 2374 ι
343 2327 389 2391 ipsi
405 2327 467 2378 enim
480 2327 552 2392 priud
563 2328 592 2378 ad
605 2339 668 2378 sacra
678 2327 797 2378 tractanda
809 2325 850 2375 ad·

45 2399 182 2449 mittuntur.
191 2400 280 2451 Habent
292 2398 360 2450 etiam
371 2400 483 2450 tunicum
494 2397 608 2463 strictam,
618 2413 734 2464 perquam
745 2397 851 2448 doctriua

44 2470 136 2522 Christi
153 2471 296 2534 significatur
313 2486 319 2522 :
337 2472 397 2522 unde
410 2475 434 2522 et
447 2469 472 2520 in
487 2471 563 2521 ueteri
580 2470 646 2535 lege,
660 2471 686 2520 in
697 2471 748 2534 ipsa
764 2468 847 2518 tintin-

43 2542 135 2594 naltula
145 2543 276 2606 pendebant
287 2559 293 2592 :
304 2542 437 2594 subdiaconi
445 2540 508 2592 enim
517 2540 591 2604 prirud
602 2542 751 2592 admittuntur
759 2539 788 2589 ad
796 2538 850 2588 doo-

44 2613 134 2664 trinam
148 2625 214 2664 noue
226 2613 286 2676 legis
300 2612 488 2664 annuntiandam.
500 2612 544 2663 Sed
554 2610 663 2663 diaconus
675 2611 745 2660 halet
753 2608 851 2673 amplids

43 2682 145 2734 siclam
161 2683 187 2732 in
209 2683 298 2736 sinistro
316 2685 426 2744 humero,
439 2683 464 2734 in
487 2683 577 2747 siguum
600 2683 661 2748 quod
679 2682 803 2746 applicatur
822 2679 850 2730 ad

45 2754 204 2804 unlnisterium
226 2755 251 2804 in
265 2756 323 2820 ipsis
340 2755 503 2818 sacramentis3
518 2758 543 2805 et
555 2755 723 2805 dalmaticum
739 2756 805 2817 (que
815 2754 851 2802 eut

48 2824 128 2876 restis
139 2825 211 2886 larga,
225 2825 259 2874 sio
270 2826 337 2890 diota,
353 2825 406 2890 qula
418 2825 443 2876 iu
453 2826 585 2876 Dalmaticis
596 2826 697 2891 partibus
708 2823 782 2890 primi
794 2835 851 2874 usus

46 2899 102 2962 ejus
121 2895 186 2959 fult),
203 2897 230 2946 ad
244 2896 406 2962 designandum
423 2898 485 2962 quod
503 2899 551 2962 ipse
569 2898 641 2962 primo
660 2897 801 2962 impensatur
812 2905 848 2946 sor
883 2893 890 2906 ‘
