1942 3284
312 191 345 227 ns
359 190 466 229 urrucru
481 192 601 231 cuaurorr.
812 186 860 233 'tib

35 263 176 327 communi,
193 266 216 314 et
228 264 262 315 sic
276 276 322 314 non
335 264 407 329 ligat,
422 266 468 316 nisi
482 266 507 317 in
527 272 637 333 quantum
652 280 697 320 nou
712 268 797 332 soirit,
815 272 857 322 sed

38 339 149 401 ligatum
164 335 280 398 ostendit,
299 336 344 387 aiio
358 339 441 400 modo,
459 340 625 391 considerando
640 354 730 404 poenam
749 343 807 393 banc
822 342 859 394 vel

34 410 110 459 illam
121 406 287 470 determinate,
298 411 321 457 et
331 408 364 459 sic
377 409 433 471 ligat
443 411 470 460 ad
480 424 570 473 poenam
580 449 585 474 ,
597 412 736 476 imponendo
749 424 810 463 earn.

77 480 118 529 nd
131 478 231 543 primum
243 492 296 543 ergo
307 480 426 529 dicendum
434 518 443 545 ,
456 481 518 545 qudd
536 482 592 533 iliud
607 483 722 533 residuum
735 495 810 549 poencc
828 485 858 535 ad

36 550 113 616 quod
128 549 230 613 obligat,
247 553 282 600 cst
296 550 407 600 medicina
421 566 522 616 purgans
533 552 622 617 peccati
633 554 796 619 impuritatem.

74 622 115 672 Ad
128 621 253 671 secundum
265 619 396 685 dicendum,
408 622 470 685 qudd
488 624 629 674 obstaculum
643 624 708 691 regni
716 639 762 677 non
778 626 853 677 sotum

37 698 80 746 est
93 696 224 759 peccatum,
236 693 276 743 sed
287 692 357 743 etism
365 706 449 757 poena,
464 708 533 760 quam
546 695 643 761 qualiter
656 699 763 749 sacerdos
776 698 857 763 impo-

37 768 101 826 nat,
117 762 202 813 dictum
219 767 262 815 est.

78 834 118 884 nd
132 833 223 883 tortium
233 834 363 895 dicendum,
373 834 435 898 qubd
447 836 514 887 etiam
528 837 604 901 passio
620 838 705 888 Christi
716 840 800 905 obligat
812 852 854 891 uos

33 906 73 957 ad
88 917 185 970 poenam
200 905 307 969 aliquam,
321 918 363 971 per
379 919 447 970 quam
461 907 483 957 ei
494 907 671 960 conformemur.

342 1086 503 1138 androbius
520 1086 558 1137 lV.

40 1212 141 1261 Utra'cm
151 1212 260 1257 sacerdus
268 1214 342 1269 poscit
352 1215 431 1321 liparg
436 1219 461 1323 alt
470 1216 576 1287 'solocem
586 1216 717 1261 secondum
728 1217 856 1273 proprium

387 1290 417 1321 ur
432 1291 527 1325 arrum.

75 1405 116 1455 Ad
128 1408 233 1468 quartum
245 1404 278 1455 sic
288 1404 427 1470 proceditur.
441 1407 535 1458 Videtur
544 1408 604 1472 qudd
616 1410 721 1461 sacerdos
731 1406 805 1473 possit
818 1409 852 1460 li-

33 1490 102 1543 gare
118 1478 143 1525 et
162 1476 248 1526 solvere
264 1475 388 1526 secundbm
408 1478 525 1542 proprium
543 1480 674 1530 arbitrium:
695 1480 849 1545 Hieronymus

34 1550 110 1601 enim
125 1546 183 1597 dicit
194 1547 229 1612 (ut
242 1560 293 1611 cap.
304 1549 449 1598 Matusarum
458 1549 484 1598 in
499 1550 620 1611 Decretis,
633 1550 686 1600 dist.
701 1555 724 1614 i,
735 1552 762 1601 de
776 1552 851 1616 poeni·

33 1618 138 1684 tentia,
151 1620 304 1683 prenotatur)
319 1635 326 1670 ε
345 1620 499 1669 «Mansuram
513 1621 623 1683 temporis
637 1620 661 1670 in
676 1622 762 1685 agenda
777 1621 852 1686 poeni·

35 1691 131 1754 tentia,
143 1689 194 1741 ideo
206 1691 317 1741 nonsatis
330 1688 407 1755 aperti
417 1690 538 1754 praefigunt
547 1691 652 1741 Canones
663 1705 705 1755 pro
715 1705 852 1755 unoquoque

36 1762 192 1822 criminant
205 1762 233 1811 de
247 1762 343 1826 singuiis
353 1761 430 1812 dicant
438 1762 535 1825 qualiter
548 1764 725 1827 unumquodque
735 1764 765 1813 sit
776 1776 854 1814 ernen-

34 1833 159 1895 dandum,
177 1833 217 1882 sed
231 1835 304 1897 magis
314 1832 407 1883 arbitrio
421 1832 545 1883 sacerdotis
558 1833 708 1897 intelligentis
721 1834 853 1897 relinquen-

35 1908 102 1958 dum
118 1907 229 1953 statuunt.
241 1921 255 1951 a
268 1906 327 1967 Ergo
335 1904 425 1954 ridetur
436 1904 498 1969 qudd
511 1906 561 1969 ipso
575 1904 701 1955 sccundirm
715 1918 782 1956 suurn
792 1904 853 1955 arbi-

32 1978 117 2030 trium
131 1975 205 2039 possit
218 1975 289 2039 ligare
302 1979 325 2026 et
334 1976 434 2026 solvere.

72 2054 103 2099 2.
123 2048 254 2109 Preteren,
268 2045 373 2097 dominus
391 2045 494 2097 laudarit
516 2046 618 2097 riilicum
640 2045 770 2111 iniquitatis
791 2046 853 2111 qudd

32 2120 173 2189 prudenter
186 2118 291 2180 fecisset,
305 2118 357 2182 quia
370 2118 510 2168 debitoribus
524 2118 610 2169 domini
626 2118 662 2168 sui
673 2118 798 2169 remisisset
807 2120 852 2169 tar-

34 2194 108 2259 giter
118 2188 277 2253 (Lue.,XV1).
289 2188 333 2239 Sed
343 2190 403 2239 bens
416 2194 452 2239 est
465 2190 539 2252 magis
548 2202 634 2255 pronus
645 2190 672 2239 ad
687 2190 851 2253 miserendum,

36 2263 117 2330 quarn
132 2260 215 2324 aliquis
226 2260 330 2311 dominus
341 2260 481 2325 temporalis.
492 2262 550 2325 Ergo
566 2259 658 2311 videtur
672 2260 732 2325 quod
748 2261 853 2313 laudabi-

35 2338 91 2387 lior
104 2333 138 2383 sit
158 2332 272 2395 sacerdos,
289 2331 375 2396 quanto
390 2332 442 2395 plus
459 2333 488 2382 de
502 2344 570 2395 poena
582 2332 705 2382 remiserit.

77 2407 105 2453 ³.
120 2403 246 2465 Preterea,
260 2402 337 2454 omnis
348 2400 432 2452 Christi
451 2402 512 2452 actio
529 2406 606 2453 nostra
621 2406 657 2453 est
669 2402 797 2455 instructio.
811 2404 855 2454 Sed

34 2480 97 2543 ipse
108 2473 247 2539 quibusdam
260 2473 411 2540 peccantibus
427 2474 512 2524 nullam
527 2488 619 2539 prunam
633 2475 750 2539 imposuit,
765 2475 804 2525 scd
818 2488 855 2525 so-

34 2550 95 2601 lium
110 2545 294 2597 emendationem
314 2545 380 2608 vita,
399 2548 426 2595 ut
442 2549 505 2609 patet
520 2547 548 2596 de
567 2546 683 2608 adultera,
697 2546 781 2602 donn„
795 2546 855 2595 Viti.

34 2620 106 2684 Ergo
120 2617 215 2668 videtur
224 2615 283 2680 quod
299 2615 423 2667 sccundirm
434 2616 553 2667 arbitrium
563 2630 628 2667 suum
642 2616 716 2681 possit
730 2616 799 2666 etiarn
815 2626 857 2665 sa·

34 2692 141 2751 cerdos,
155 2689 194 2753 qui
212 2694 249 2739 est
262 2688 361 2739 vicarius
378 2688 473 2752 Christi,
489 2688 603 2740 dimittere
618 2693 689 2739 totam
704 2700 805 2753 poenarn,
819 2687 859 2738 vel

57 2765 150 2813 artem.

36 2777 56 2828 p
75 2833 126 2884 Sed
145 2834 242 2894 contra,
256 2832 377 2895 Gregorius
391 2831 446 2883 dicit
462 2847 469 2881 ε
494 2830 609 2883 «Falsum
629 2830 786 2897 peonitentiam
802 2828 858 2880 dici-

35 2918 114 2969 mus,
127 2914 182 2967 qna
198 2913 244 2952 non
259 2902 383 2954 secundim
395 2902 554 2955 auctoritatem
564 2906 695 2956 sanctorum
708 2903 801 2953 Patrum
814 2914 857 2967 pro
