1942 3284
232 197 264 233 ne
276 196 437 235 rnoucosnsru
455 196 584 233 sscnnnurr
602 194 637 233 sn.
790 184 835 230 765
869 166 871 171 ’

15 275 89 340 gitur
98 272 152 323 talc
161 273 281 337 auxilium,
295 272 356 336 quod
370 273 401 322 sit
413 272 555 323 couveniens
569 272 591 323 ei
609 270 649 335 qui
662 270 773 320 auxilium
787 271 836 333 dnt;

15 352 43 399 el
67 344 207 398 secundum
225 345 286 408 qudd
305 344 395 395 accedit
408 344 442 394 ad·
453 346 510 406 troc,
526 342 653 394 secundum
672 343 716 393 lroc
729 341 781 404 plus
800 341 837 391 vel
921 330 924 341 ¹

15 419 106 468 minos
123 416 155 467 de
169 416 312 481 indulgentie
329 416 486 480 consequitur.
502 414 566 465 Unde
577 414 646 465 etiam
658 411 741 477 aliquis
750 424 838 476 puuper

16 493 82 541 dens
102 501 182 538 uuuru
195 486 314 539 denarium
334 487 480 549 consequitur
499 490 570 537 toturn
593 484 775 548 indulgentium
790 496 838 533 nou

16 566 106 610 alitem
121 559 205 619 dines,
219 572 287 624 quem
305 571 351 609 non
368 559 435 608 decet
443 558 472 607 ad
485 570 544 621 opus
559 561 603 607 turn
620 556 682 621 pium
696 560 720 606 et
733 556 838 605 lrnctoo-

15 646 88 692 sum,
104 629 146 680 itu
159 642 241 692 paruus
256 630 326 691 dare3
342 629 403 679 sicut
414 642 462 679 nou
473 628 586 679 diceretur
604 641 644 679 rer
659 627 729 677 alicui
747 625 837 677 lronniui

19 702 147 755 auxilium
160 702 252 764 iacere,
267 700 288 751 si
305 701 327 750 ei
339 700 431 751 obolum
445 700 517 751 daret.

55 775 95 826 nd
110 777 223 837 quurtunr
241 772 376 832 dcundum,
390 770 451 835 qudd
465 771 504 823 ille
518 771 558 835 qui
576 774 612 822 est
625 772 714 822 uicinus
727 769 837 833 ecclesie,

22 851 49 898 et
69 844 186 897 ecclesie
202 844 333 895 sacerdotes
350 847 374 894 et
389 842 466 894 clerici
477 846 647 906 consequuntur
663 845 749 893 tentum
765 842 840 892 indul·

23 918 157 983 gentium,
172 916 233 967 siout
249 915 284 965 illi
295 915 335 979 qni
348 915 454 967 renium
467 914 481 965 l
495 913 555 965 mille
568 914 653 978 dietis,
669 914 722 978 quin
735 913 840 965 remissio

21 1004 75 1041 uon
89 986 282 1053 proportionetur
291 985 373 1049 labori,
384 990 409 1035 nt
421 985 507 1037 dictum
523 989 567 1047 est,
578 985 616 1035 sed
627 984 714 1036 meritis
728 998 780 1049 quae
793 984 840 1035 dis·

25 1062 180 1124 pensentur3
194 1057 286 1110 sedile
300 1056 341 1120 qui
353 1056 406 1122 plius
418 1057 544 1119 lnbomret,
558 1056 610 1120 plus
623 1057 652 1107 de
665 1054 746 1106 merito
759 1055 841 1119 ecqui·

23 1137 101 1182 reret.
118 1130 168 1182 Sed
186 1131 232 1181 lroc
244 1129 418 1192 intelligendum
438 1128 530 1192 quondo
548 1126 680 1178 indistincto
699 1126 842 1189 indulgentie

25 1206 107 1255 datur.
124 1202 269 1267 Quandoque
277 1201 340 1252 enirn
349 1200 510 1264 distinguitur,
520 1200 579 1251 sicut
590 1200 653 1264 Papa
661 1199 686 1249 in
696 1197 842 1262 generalibus

26 1273 236 1337 communibus,
252 1272 351 1337 illisqui
363 1275 484 1323 transeunt
495 1284 574 1335 urere,
585 1272 624 1321 dut
641 1270 741 1335 quinque
758 1280 840 1331 nonos,

26 1347 81 1396 aliis
95 1344 144 1410 qui
153 1348 274 1395 transeunt
286 1347 384 1405 montes,
398 1348 458 1407 tres,
472 1343 523 1394 aliis
535 1356 615 1393 unum.
630 1343 677 1393 Nec
690 1347 767 1393 tannen
782 1354 841 1404 qno-

26 1416 182 1484 tiescurnquo
194 1415 258 1467 radit
275 1416 335 1466 iufra
352 1419 443 1479 tempus
453 1414 601 1479 indulgentie
608 1449 617 1476 ,
632 1415 702 1466 toties
715 1427 766 1465 enm
786 1424 842 1463 con-

26 1488 153 1552 sequitur;
164 1488 256 1551 quando
269 1488 329 1538 enim
339 1488 368 1537 ed
381 1487 556 1537 determinatum
564 1491 656 1550 tempus
667 1487 746 1548 datur,
754 1489 779 1536 ut
789 1484 841 1535 cdm

27 1560 118 1611 dicitur
135 1575 144 1610 t
158 1577 172 1608 u
187 1558 329 1623 Quicumque
344 1558 409 1609 rodit
418 1559 447 1608 nd
456 1557 578 1608 ecclesiam
587 1558 665 1618 telem,
676 1570 749 1621 nsque
758 1557 787 1607 ad
796 1556 842 1606 tulo

30 1635 147 1696 tempus,
161 1630 247 1681 hobeet
264 1634 354 1681 tuntum
369 1630 399 1680 de
414 1629 557 1691 indulgentia
564 1665 573 1692 ,
590 1644 604 1676 n
619 1628 754 1692 intelligitur
771 1628 844 1678 semel

30 1702 135 1752 tuntum.
147 1701 195 1753 Sed
205 1701 226 1751 si
238 1701 264 1751 in
271 1701 349 1765 ulique
357 1700 454 1751 ecclesia
462 1700 494 1749 sit
503 1699 644 1764 indulgentia
652 1698 774 1763 perennis,
784 1699 844 1749 siout

30 1772 55 1821 in
70 1772 176 1824 eoelesia
189 1772 216 1822 B.
228 1773 304 1829 Petri,
317 1771 467 1835 qnadraginta
478 1770 576 1833 dierum,
591 1774 647 1821 tnnc
659 1770 751 1834 quoties
762 1769 844 1833 uliquis

29 1844 104 1907 rudit,
119 1844 195 1895 toties
209 1843 373 1907 indulgentium
384 1842 543 1907 consequitur.

65 1916 103 1965 dd
116 1915 226 1979 quintum
238 1915 376 1977 dicendum,
390 1913 450 1979 qudd
467 1926 535 1963 causa
549 1926 597 1965 non
617 1912 740 1977 requiritur
753 1913 782 1963 ud
800 1914 845 1963 hoc

33 1985 98 2047 qudd
111 1985 243 2038 secundom
257 2000 308 2037 cunr
327 1986 454 2037 mensurari
474 1986 559 2036 debeat
576 1984 681 2036 remissio
697 1998 788 2049 poenae3
805 1985 845 2035 sed

35 2056 64 2105 ud
80 2058 127 2109 hoc
140 2057 205 2122 qudd
217 2057 314 2109 intentio
324 2058 416 2109 illorum
429 2070 527 2121 quorum
542 2058 624 2107 merito
636 2056 844 2119 communicantur,

36 2127 64 2175 ud
74 2127 150 2178 istum
162 2130 284 2193 peruenire
297 2130 379 2193 possit.
394 2130 483 2180 Bonum
497 2131 574 2178 autern
584 2129 652 2178 unius
665 2128 846 2179 communicetur

40 2199 110 2251 ultori
123 2200 247 2266 dupliciter
261 2217 268 2250 :
284 2202 406 2251 unomodo
418 2199 619 2263 perorationem,
632 2203 655 2250 et
669 2200 784 2250 nicetium
796 2199 846 2251 sine

39 2268 194 2336 indulgentiis
206 2272 290 2335 aliquis
300 2275 336 2323 eet
346 2272 451 2323 omniurn
460 2272 572 2322 nouorum
587 2271 765 2335 particepsque
779 2270 846 2333 dunt,

40 2340 60 2390 si
76 2341 102 2393 in
121 2344 235 2395 charitate
248 2342 298 2404 sit3
311 2342 355 2393 alio
374 2344 440 2393 modo
457 2356 499 2406 per
514 2341 665 2393 intentionem
685 2341 808 2401 incientis,
824 2346 848 2391 ct

41 2412 75 2462 sic
87 2427 131 2477 per
142 2414 310 2478 indulgentius,
322 2413 343 2464 si
362 2426 431 2464 causo
447 2413 551 2476 legitima
570 2413 642 2477 adsit,
657 2417 734 2478 potest
750 2412 848 2464 intenlio

41 2482 107 2565 illius¹
116 2485 161 2549 qui
178 2499 220 2551 pro
232 2484 330 2537 udlitute
342 2484 449 2536 Ecclesia
462 2488 570 2547 operatus
581 2486 632 2548 cet,
647 2485 676 2535 nd
687 2484 756 2535 istum
770 2482 850 2533 conti-

43 2566 120 2606 noan.
