1942 3284
123 244 169 291 62⁰
260 246 462 298 surrunaunnnnr,
478 248 570 293 onmsr.
586 248 644 298 viru,
660 250 715 287 anu.
733 249 768 287 nv.

149 322 307 385 (Conmusro.
319 348 350 361 -
362 319 419 371 Ciam
433 320 532 373 ministri
540 320 670 386 jurisdictio
681 322 708 373 in
720 324 883 377 confitentem
894 332 925 379 ad

117 393 252 444 sacramenti
264 392 333 457 hujus
346 392 505 445 necessitatem
519 392 645 457 pertineat,
656 392 752 445 neumsi
764 396 867 460 proprie
885 412 926 448 sa·

118 464 204 515 cerdnti
218 462 331 515 contessiu
343 467 379 514 est
389 463 514 527 iacienda.)

147 534 282 597 Respondes
293 534 414 585 dicendum
418 570 428 597 ‚
440 532 502 598 qudd
515 534 561 585 alia
567 538 707 586 sacramenta
720 547 771 587 non
781 538 924 590 eonsismnt

117 605 141 655 in
155 606 198 655 truc
209 603 268 667 qudd
278 604 307 654 ad
316 608 481 655 sacramentnm
492 605 603 655 accedens
614 604 699 667 aliquid
709 610 774 671 agat,
785 610 831 659 sed
843 609 920 660 setium

116 678 142 725 ut
157 673 267 737 recipiat,
280 674 339 725 sient
352 678 416 739 patet
426 674 450 725 iu
467 674 581 739 baptismo
596 680 621 726 et
636 677 777 739 huiusmodi.
791 680 843 730 Sed
854 685 922 731 artus

115 744 246 809 recipientis
261 745 382 809 requiritur
399 746 428 796 ad
443 746 614 809 percipiendam
634 746 757 798 utilitatem
773 754 919 801 sacramenti

116 812 140 864 in
155 827 183 864 ec
199 812 239 877 qui
252 817 287 865 εει
305 826 354 865 sua
367 813 492 865 uoluntatis
504 815 588 866 arbiter
600 816 745 879 constitutus,
756 819 826 881 quasi
841 833 919 872 reme

116 896 172 936 rens
189 884 328 948 prohibens,
340 884 428 936 scilicet
444 887 566 937 dictionem.
581 886 628 938 Sed
646 886 672 937 in
689 889 830 951 punientia
850 896 918 943 actus

116 954 242 1005 accedentis
255 956 285 1005 ad
297 959 464 1005 sacramentum
476 961 513 1007 εει
523 957 552 1007 (ιε
568 955 692 1007 substantia
705 961 863 1024 sacramenti,
888 961 918 1011 ed

115 1024 175 1089 qudd
187 1024 306 1088 contritio,
317 1025 432 1077 contessic
440 1030 463 1077 ει
473 1026 598 1077 satisfactio
608 1031 662 1077 sunt
671 1028 814 1091 penitentiae
823 1037 915 1095 partes,

116 1098 232 1159 quaesunt
246 1102 311 1147 actus
320 1095 462 1160 penitentis.
476 1098 546 1147 Αειεε
556 1100 633 1147 auum
642 1098 730 1158 nunni,
740 1099 794 1149 εὺει
803 1099 833 1151 in
846 1103 917 1153 nobis

116 1167 251 1232 principium
268 1168 383 1234 thebeam,
402 1180 448 1219 non
464 1171 569 1233 possunt
579 1167 647 1219 nohis
660 1168 689 1219 ab
708 1168 760 1219 aliis
779 1171 916 1236 dispensari

116 1236 162 1287 nisi
180 1249 221 1301 per
237 1236 366 1301 imperium.
385 1238 450 1289 Unde
466 1241 555 1302 oportet
570 1236 632 1301 quid
648 1238 688 1289 ille
709 1239 749 1303 qni
763 1239 915 1305 dispensator

116 1308 185 1372 nujus
195 1308 333 1359 sacramenti
341 1308 496 1369 cunstituitnm
506 1309 538 1358 sit
547 1307 600 1359 tatis
610 1308 651 1371 qni
658 1307 733 1372 pessit
740 1308 859 1373 imperare
869 1313 915 1363 aii·

116 1378 171 1441 quid
182 1378 304 1441 agendum.
317 1380 439 1443 Imperium
450 1382 526 1429 autem
539 1392 585 1430 uon
596 1380 704 1443 competit
712 1380 780 1429 alicui
791 1379 820 1431 in
830 1382 914 1447 adnm,

116 1448 162 1499 nisi
171 1448 211 1513 qui
224 1448 292 1500 trahet
305 1460 372 1513 super
384 1462 436 1501 euru
445 1448 647 1514 iurisdictionem:
660 1450 713 1501 ideo
726 1450 755 1501 de
769 1454 915 1506 necessitate

116 1518 185 1583 nujus
194 1520 329 1571 sacramenti
340 1522 390 1583 est,
402 1532 450 1571 nun
459 1518 533 1571 sotium
545 1522 572 1570 ut
585 1520 687 1571 minister
697 1520 782 1571 ιιειιεει
793 1522 912 1587 ordinem

115 1589 174 1640 sicut
186 1589 212 1641 in
222 1588 273 1640 aliis
284 1590 447 1653 sacramentis,
457 1591 498 1641 sed
507 1590 577 1641 etiam
586 1595 614 1641 ut
623 1590 706 1641 habeat
715 1590 911 1655 jurisdictionem.

115 1660 224 1724 titides,
238 1660 298 1712 sicut
313 1661 351 1711 itte
363 1660 402 1725 qui
415 1672 460 1711 non
473 1664 510 1711 est
521 1661 643 1723 sacerdes,
657 1674 703 1712 non
715 1665 794 1725 petest
812 1663 862 1713 hcc
873 1676 912 1714 sa·

115 1736 253 1784 crementum
268 1732 383 1794 conterre,
399 1731 431 1781 ita
450 1744 494 1782 uec
510 1730 550 1781 ille
568 1730 609 1795 qui
620 1744 667 1783 nun
679 1732 747 1783 habet
767 1732 911 1796 jun'sdictiu-

115 1815 176 1853 nem.
192 1804 221 1853 Et
231 1806 323 1866 prepter
335 1802 380 1853 tce
396 1804 500 1865 oportet,
509 1801 569 1852 sicut
580 1802 707 1863 sacerdoti,
717 1801 751 1851 ita
767 1804 864 1867 propriu
871 1818 911 1855 sa·

114 1874 199 1925 cerdon
215 1872 380 1924 contessionem
392 1872 456 1937 deri3
473 1871 526 1923 cium
540 1872 603 1923 enim
616 1872 721 1924 sacerdus
733 1873 909 1939 nnn'absetrat,

113 1944 160 1995 nisi
171 1946 262 2007 liganda
276 1944 304 1994 ad
313 1943 399 2007 aliquid
409 1944 552 2007 iaciendum,
561 1945 602 1996 itte
613 1944 676 1996 solus
688 1948 763 2009 potest
775 1944 909 2011 absolvere,

112 2015 152 2077 qui
163 2018 240 2079 potest
253 2026 294 2079 per
306 2012 424 2079 imperium
438 2018 465 2067 ad
476 2015 561 2080 aliquid
574 2016 702 2067 faciendum
715 2016 795 2080 ligare.

143 2084 180 2135 dd
188 2084 284 2148 primum
296 2096 350 2147 erge
363 2084 483 2136 dicendum
492 2123 500 2149 ,
509 2084 570 2151 qudd
578 2086 698 2151 Gregorius
708 2086 808 2149 loquitur
819 2086 852 2139 de
861 2088 909 2139 itis

112 2154 244 2216 monachis,
259 2154 299 2217 qui
309 2152 491 2218 jurisdictionem
502 2156 604 2217 habent,
619 2160 699 2219 utpote
712 2156 796 2219 quibus
807 2156 908 2221 aiicujus

111 2223 225 2287 parochiae
239 2237 293 2274 cura
309 2228 344 2275 εει
353 2226 486 2291 commissa3
503 2226 621 2290 dequibus
633 2226 704 2291 atiqui
714 2224 832 2290 dicebant,
845 2228 906 2293 qutd

111 2306 141 2346 es
152 2294 197 2344 huc
209 2295 260 2358 ipsc
273 2294 333 2358 qudd
347 2297 451 2347 monachi
464 2301 541 2359 eraut,
555 2310 602 2348 ucn
614 2299 718 2361 poterant
731 2295 871 2362 absolvere,
881 2302 907 2349 ει

111 2363 258 2428 penitentias
271 2364 406 2430 injungere,
418 2367 571 2430 quodfalsum
584 2373 629 2418 est.

141 2434 176 2487 nd
191 2436 316 2487 secundum
337 2438 470 2500 dicendum,
493 2438 552 2501 qudd
575 2443 740 2491 sacramentum
761 2441 908 2492 eucharistie

110 2518 157 2559 non
172 2506 266 2571 requirit
280 2507 399 2572 imperium
413 2508 438 2558 in
453 2508 551 2572 aliquem
561 2510 685 2572 huminem,
700 2508 860 2561 securamen
873 2516 907 2561 εει

4 2630 5 2649 1
110 2576 136 2629 im
146 2579 190 2629 hoe
200 2582 349 2641 sacramente,
363 2583 389 2628 ut
401 2580 486 2629 dictum
498 2583 547 2641 est,
562 2584 587 2630 et
601 2578 652 2631 ideo
664 2581 723 2631 ratio
736 2593 782 2631 nun
788 2582 904 2643 sequitur.

112 2649 141 2697 ut
153 2651 230 2701 tamen
247 2660 293 2698 non
306 2646 360 2699 licet
373 2649 531 2699 eucharistiam
550 2651 577 2699 ab
595 2648 639 2700 atie
651 2649 718 2713 quim
737 2650 855 2715 apropriu
868 2665 906 2702 sa·

3 2718 6 2789 J
112 2718 204 2769 cerdcte
221 2718 338 2781 accipere,
352 2718 457 2783 quamvis
474 2732 554 2769 nerum
573 2720 604 2769 sit
620 2725 786 2771 sacramentum
802 2722 906 2785 quodni

113 2789 425 2925 arrgdpgpffirdioendum,
442 2858 503 2925 quid
520 2861 602 2913 electio
613 2861 705 2913 discreti
717 2862 841 2915 emmens
854 2876 903 2913 neu

113 2928 148 2977 est
165 2928 229 2979 notris
246 2930 382 2991 commissa,
397 2935 422 2981 ut
434 2944 464 2982 es
481 2936 559 2985 nestra
580 2932 672 2984 arbitrio
688 2934 806 2995 iacienda,
819 2934 860 2985 aed
874 2936 902 2983 ds
