1942 3284
112 213 158 258 titt
283 219 484 266 sceeussunruur,
496 218 590 262 numer.
608 221 645 266 nr,
660 221 716 257 eur.
730 222 750 257 ι,

115 295 238 348 secundino
251 303 380 344 mensnram
397 292 527 356 qnamdam,
542 304 610 356 pram
626 295 763 360 quinoque
774 296 841 350 rm
851 298 918 365 (qui

116 365 212 416 estsine
222 362 328 421 ιιιιιιιει,
342 373 388 410 non
401 365 492 424 serrat,
502 361 544 410 aad
556 362 655 412 excedit.

147 436 182 487 tid
195 433 292 499 primum
305 445 359 495 ergo
376 432 506 496 dicendum,
518 432 578 496 quod
590 433 651 484 sim
665 434 730 486 dolor
747 437 867 490 militis
883 442 918 492 de

116 519 185 558 sensu
204 503 316 567 lesionis,
330 504 363 553 ita
378 502 441 554 dolor
456 502 551 554 interior
562 507 599 553 cst
616 504 645 555 de
660 505 791 568 cognitione
813 509 919 573 alicujus

117 573 201 628 nocivi.
215 574 246 624 lit
256 574 307 624 ideo
322 573 427 637 quanns
447 573 512 624 lesio
528 575 616 638 peuri
627 577 754 627 secundm
774 578 917 631 exteriorem

115 657 207 698 mosum
217 656 263 696 non
275 644 420 709 percipiatur,
432 647 509 695 tamen
518 645 705 709 percipiturecse
717 649 821 699 maxima
829 661 918 702 semn-

116 715 170 768 ddm
180 727 272 766 mosum
286 715 417 766 interiorem
432 715 536 766 rationis.

148 785 183 836 ld
192 786 316 836 secundnm
326 786 445 836 dicendum
450 822 460 848 ‚
471 786 533 850 quod
543 788 672 850 corporales
683 789 919 846 immutationem-

117 855 213 908 mediutd
228 861 398 921 consequuntur
414 855 443 906 ad
456 856 576 922 passiones
597 859 716 910 susidre
731 863 820 925 partis,
835 869 861 915 et
879 869 917 916 eis

117 925 268 978 mediantibus
282 929 311 977 ad
322 926 454 978 allodiones
470 927 601 991 appetitiva
614 930 737 994 superioris
750 947 757 980 :
773 939 798 984 ει
810 935 866 989 iude
878 945 918 989 εει

117 995 178 1060 putu
190 1007 220 1047 ex
233 997 309 1049 dolore
323 996 425 1048 sensibili
437 997 558 1048 ueletiam
573 1000 675 1050 sensibili
689 1001 774 1054 nocivo
787 1005 859 1057 cilius
872 1009 917 1059 de·

118 1067 193 1116 linunt
205 1068 310 1132 lacrymae
328 1069 466 1131 corporales,
479 1067 548 1132 quim
564 1070 592 1120 de
604 1071 682 1121 dolore
697 1072 812 1136 spirituali
830 1080 918 1129 mutri-

118 1136 200 1188 tionis.

150 1207 185 1257 td
205 1207 296 1258 tertium
309 1207 445 1269 dicendum,
458 1209 519 1271 qudo
535 1209 643 1272 gaudium
655 1211 712 1264 illud
724 1217 788 1278 quod
799 1218 917 1280 premens

119 1278 149 1328 de
159 1276 235 1328 dolone
254 1277 330 1338 habet,
339 1289 386 1328 nou
396 1278 479 1327 minuit
496 1279 675 1345 displicentiam,
695 1284 786 1346 uuiaet
799 1301 849 1338 nou
863 1303 916 1340 cou-

118 1345 231 1407 trariatur,
247 1345 286 1395 scd
300 1349 367 1408 auget
375 1347 499 1398 secundini
511 1348 572 1411 quod
586 1366 601 1396 u
613 1353 690 1402 ononis
702 1356 806 1417 operatio
817 1363 916 1422 amun

119 1429 161 1480 per
172 1415 286 1478 propriam
303 1416 488 1480 delectationem,
502 1435 517 1465 u
531 1423 558 1468 nt
569 1420 654 1470 dicitur
667 1423 692 1471 in
704 1423 726 1473 li
740 1426 838 1488 tillir„
853 1429 914 1479 sicut

118 1485 160 1548 qui
167 1486 290 1536 delectatur
300 1485 324 1535 iu
335 1485 470 1536 addiscendo
480 1487 579 1550 adquam
587 1491 705 1542 scientiam
713 1495 798 1546 medus
807 1499 913 1550 addiscit.

120 1558 149 1606 Et
160 1555 263 1606 similiter
271 1556 310 1620 qui
319 1555 401 1618 gaudet
414 1558 443 1607 de
457 1556 615 1621 displicentia,
625 1563 821 1616 secernendorum
834 1568 914 1634 dispi-

119 1627 216 1678 centiam
226 1627 306 1689 uniet,
319 1628 357 1678 sed
371 1627 429 1677 benc
442 1631 518 1691 potest
532 1642 584 1680 csse
594 1631 654 1693 quod
667 1632 724 1683 illud
734 1637 844 1698 gandium
859 1644 915 1691 lem

118 1701 184 1762 peret
195 1698 293 1748 dolorem
311 1709 340 1747 cx
359 1697 446 1747 ratione
462 1698 486 1748 in
500 1703 588 1762 partem
606 1701 740 1753 sensitimrn
755 1709 911 1762 mmmm

152 1769 186 1820 cd
194 1773 298 1833 quadum
307 1768 434 1831 dicendum,
446 1767 507 1832 qudd
515 1771 629 1833 quantitas
637 1772 791 1836 displicentia
802 1780 831 1830 de
839 1782 912 1845 ulique
962 1796 963 1799 ¹

119 1840 224 1890 redebet
237 1851 288 1888 esse
310 1836 434 1888 secuudiim
453 1840 602 1902 quantitatem
621 1843 713 1894 midde
725 1845 813 1912 ipsius3
830 1852 913 1901 melitii

121 1912 196 1959 auten
207 1909 232 1956 in
245 1909 311 1971 culpa
324 1908 412 1958 mortali
425 1913 569 1959 mensuratur
577 1922 642 1962 exeo
650 1912 675 1961 iu
683 1926 753 1976 quern
763 1925 880 1983 peccatur,
889 1923 912 1972 in
962 1956 963 1983 ,

119 1982 228 2040 quantum
241 1980 278 2028 est
291 1976 314 2025 ei
324 1976 429 2040 indigns,
443 1983 467 2028 ot
477 1991 507 2028 cx
518 1992 547 2030 eo
560 1981 601 2041 qui
616 1987 710 2044 peccat,
720 1985 746 2034 in
759 1994 870 2051 quantum
879 1997 913 2042 est

120 2047 143 2094 ci
156 2047 243 2096 nociva.
255 2047 285 2095 nt
296 2046 351 2109 qnia
361 2047 429 2098 homo
439 2049 507 2098 debet
521 2051 594 2112 magis
607 2051 678 2102 Mum
686 2055 757 2117 quim
768 2061 871 2124 seipsum
880 2063 914 2113 di-

120 2115 204 2178 ligere,
219 2116 270 2166 ideo
282 2115 333 2179 plns
343 2116 411 2167 debet
434 2119 496 2168 odire
513 2122 602 2184 culpam
614 2121 640 2173 in
654 2129 767 2187 quantum
780 2137 817 2180 est
829 2133 913 2184 noenu

119 2183 175 2244 llci,
186 2185 254 2248 quim
268 2185 415 2249 inquantum
428 2193 464 2238 cst
473 2190 554 2240 nociva
566 2190 619 2242 silui.
633 2191 674 2244 Est
685 2199 764 2247 aowin
777 2201 861 2252 nociva
871 2204 912 2253 s'ti
962 2240 963 2273 ,

121 2254 285 2320 principaliter,
298 2256 323 2306 in
344 2262 454 2319 quantuni
472 2264 562 2323 separat
580 2260 657 2324 ipsum
677 2263 765 2330 illeo3
781 2273 807 2319 et
825 2283 856 2321 ex
870 2273 912 2322 inc
962 2276 963 2289 ²

119 2327 197 2388 praete,
212 2325 262 2390 ipsa
276 2326 416 2390 seperatiod
435 2329 494 2390 Dec,
508 2343 560 2392 que
576 2343 644 2394 prena
660 2333 767 2396 medam
780 2342 831 2401 ost,
845 2343 912 2405 magis

121 2395 188 2444 debet
196 2395 330 2458 displicere,
341 2408 409 2460 quam
422 2397 471 2462 ipsa
484 2401 552 2462 culpa
565 2401 590 2450 in
604 2408 715 2464 qnantum
729 2406 775 2456 hoc
791 2422 911 2462 nocume-

123 2467 171 2514 tum
180 2463 279 2526 inducit,
291 2466 343 2529 quia
358 2467 419 2530 quod
434 2474 526 2532 propter
538 2471 635 2521 alterum
648 2473 725 2523 oditur
736 2476 816 2529 mium
830 2481 910 2542 oditur,

123 2533 163 2584 sed
173 2531 247 2583 miuus
259 2545 326 2596 quam
334 2537 415 2600 culpa,
424 2537 449 2586 iu
460 2541 569 2600 quantum
581 2542 617 2590 est
626 2541 716 2593 ollensa
727 2543 755 2595 in
764 2545 847 2598 ileum
856 2551 913 2600 lucr

123 2615 203 2652 omncs
211 2605 288 2653 autem
299 2616 380 2667 poenas
389 2605 479 2658 malitie
490 2609 614 2660 attenditur
625 2611 717 2674 quidam
728 2617 784 2668 ordo
793 2620 912 2670 soeundim

123 2673 270 2736 quantitatem
282 2675 426 2739 nocumenti3
438 2679 461 2726 et
474 2676 526 2727 ideo
539 2690 590 2727 cum
604 2679 649 2730 luoc
660 2680 691 2731 sit
704 2684 831 2737 nemimem
845 2703 910 2739 uceu·

123 2745 224 2794 mentum
237 2754 282 2808 quo
294 2744 416 2794 niaximum
431 2745 517 2796 bonnm
530 2748 630 2811 privatur
638 2749 685 2814 (l),
698 2751 742 2803 erit
761 2755 825 2808 iuter
836 2771 913 2822 poeoas

156 2882 189 2944 (l)
203 2886 247 2930 Seu
271 2897 318 2942 quc
339 2886 464 2932 niaximum
485 2889 571 2934 bonum
591 2891 717 2947 possidenti
744 2897 858 2959 animur,
877 2903 911 2948 ret
