1942 3284
279 211 309 247 ns
324 209 466 249 rurscurnus
481 213 599 249 uurrrsur.
791 201 837 250 188

70 291 91 336 ε.
106 289 240 350 pneuma,
259 287 382 350 baptismus
400 288 463 338 omni
481 292 597 352 tempore,
612 302 641 338 ex
655 301 701 353 quo
720 289 837 340 institutus

43 357 94 416 init,
111 359 183 408 babet
197 371 262 408 suum
277 358 391 408 effectum
411 360 455 410 Sed
470 361 561 424 quidam
581 360 692 424 baptizati
709 364 762 411 suut
781 361 838 424 bap·

45 427 106 478 tismo
126 428 215 478 Christi
237 433 289 478 ante
306 429 356 493 ejus
374 431 519 494 passionem‚'
537 439 564 481 ut
581 432 678 482 babetur
691 433 774 491 loon„
789 432 836 492 iit,

46 498 125 560 pibus,
140 499 161 548 si
182 503 237 548 tuno
248 501 412 562 decessissent,
428 501 534 551 introitus
547 503 611 565 regni
624 503 723 553 emiestis
736 503 836 553 nondum

45 569 136 633 patebat,
148 569 175 620 in
185 571 245 633 quod
255 571 330 620 nuilus
339 575 390 621 ante
399 570 514 622 Christum
522 572 633 635 introivit,
646 573 770 623 secundini
780 573 836 623 iliud
870 591 890 610 ν

46 641 123 695 ditet..
134 642 171 690 ii:
187 642 320 692 «Ascendit
333 642 435 706 pandens
449 643 493 692 iter
507 646 559 693 ante
572 657 621 694 eos.
640 661 654 691 u
669 646 719 694 Non
731 648 767 695 est
780 657 836 708 ergo

47 709 130 760 eductus
143 712 256 776 baptismi
269 713 355 776 apertio
368 714 443 775 januae
458 713 524 776 regni
538 715 646 775 coeiestis.

76 785 96 827 3.
110 783 243 844 Praeterea,
261 783 371 846 baptizati
391 785 464 833 adbuc
480 788 536 834 sunt
554 784 648 834 obnoxii
659 785 728 838 morti
747 789 771 835 ot
786 784 837 834 aiiis

43 851 207 913 poenaiitatibus
220 854 272 904 vite
286 853 420 917 pinsentis,
436 859 463 904 ut
476 853 544 918 suprd
557 855 642 905 dictum
661 860 696 905 eat
714 856 774 920 (art.
791 854 833 919 3).

42 923 79 972 Sed
89 925 145 974 uuiii
163 928 203 976 est
215 929 305 989 apertus
319 925 393 994 aditus
407 927 470 990 regni
481 927 580 977 coelestis
587 963 596 989 ‚
604 927 710 990 quamdiu
723 928 835 977 obnoxius

43 999 71 1042 est
85 1010 175 1060 poenae,
193 996 253 1046 sicut
274 1000 338 1060 patet
356 997 384 1047 de
401 999 438 1047 bis
453 999 494 1061 qui
509 1002 563 1048 sunt
584 999 608 1047 iu
628 998 764 1061 purgatorio.
786 999 834 1048 Nou

41 1078 87 1128 ergo
105 1068 206 1118 effectus
224 1067 328 1132 baptismi
342 1073 377 1119 est
394 1069 479 1133 apertio
496 1069 572 1132 J'anuu
585 1071 649 1132 regni
663 1069 771 1120 caelestis.

64 1138 106 1189 Sed
118 1143 202 1189 contra
216 1142 264 1201 est,
281 1141 339 1202 quod
352 1153 421 1203 super
433 1140 490 1191 illud
509 1143 580 1200 duc,
594 1141 624 1190 iii
635 1156 641 1191 :
652 1158 667 1187 u
681 1144 788 1205 Apertum
800 1148 836 1191 cst

39 1208 123 1273 erolum,
132 1227 147 1257 n
160 1211 216 1261 dicit
226 1209 303 1261 Giossa
314 1212 380 1262 bede
391 1211 425 1278 (1)
443 1227 447 1260 :
465 1227 478 1259 u
491 1212 569 1262 Virtus
583 1211 621 1261 bic
640 1211 784 1276 baptismatis
796 1225 833 1261 os-

38 1280 144 1342 tenditur,
165 1283 195 1332 de
214 1281 368 1346 unoquisque
389 1282 440 1332 cbm
460 1283 589 1346 egreditur,
607 1283 673 1345 regni
692 1282 793 1332 caelestis
811 1282 834 1330 ei
866 1298 869 1303 ·

37 1349 100 1409 jenua
113 1352 254 1416 aperitur.»

65 1421 223 1480 (Conenusro.
232 1422 329 1474 —Cium
345 1438 386 1488 per
396 1425 533 1488 baptismum
548 1424 636 1488 queuis
645 1425 711 1488 culpa
725 1427 748 1474 et
757 1437 834 1488 prena

38 1492 104 1543 omnis
119 1497 201 1545 reatus
221 1495 325 1558 tollatur,
343 1497 419 1561 ipsum
438 1509 528 1560 quoque
539 1497 633 1560 jannem
650 1496 714 1558 regni
734 1494 835 1544 ooeiestis

37 1563 118 1624 aperire
132 1565 275 1616 credendum
285 1570 327 1616 est.
337 1568 345 1628 )

63 1635 201 1700 despondeo
214 1637 348 1700 dicendum,
368 1637 427 1702 qubd
446 1638 535 1702 apem're
547 1638 641 1700 ianuam
654 1638 719 1698 regni
735 1637 835 1686 caelestis

39 1710 194 1758 estremouere
207 1709 393 1772 impedimentum
407 1723 451 1773 quio
465 1709 517 1772 quis
530 1707 652 1772 impeditur
672 1720 767 1770 reguum
785 1720 833 1758 ete·

39 1774 88 1826 leste
103 1779 208 1829 introire.
229 1781 277 1830 Hoc
287 1785 362 1830 autem
379 1781 567 1844 impedimentum
586 1783 623 1831 est
639 1779 706 1842 culpa
718 1781 743 1828 et
757 1782 833 1828 reatus

40 1859 112 1907 penu.
129 1853 254 1902 ostensum
270 1857 305 1902 est
320 1852 641 1915 autemsupratart.1etti‚
655 1850 715 1914 qubd
726 1863 768 1912 per
777 1849 834 1914 bap-

41 1918 123 1970 tismum
134 1923 212 1972 omnis
223 1922 288 1986 culpa
299 1925 322 1972 et
333 1924 408 1972 omnis
419 1927 495 1972 reatus
508 1935 581 1986 poenae
593 1922 688 1972 toliitur.
699 1922 764 1971 Unde
777 1933 833 1970 uon·

41 2001 131 2052 mouens
147 1996 184 2044 est
203 1992 266 2056 quod
285 1993 381 2044 eftectus
399 1994 508 2058 baptismi
526 1993 556 2043 sit
570 1994 657 2058 apertio
677 1994 754 2057 januae
767 1992 833 2054 regui

41 2061 140 2114 mlestis.

66 2135 97 2184 ad
120 2137 221 2199 primum
247 2151 300 2201 ergo
321 2135 455 2198 dicendum,
472 2135 532 2201 quod
551 2136 677 2200 baptismus
698 2135 722 2185 in
744 2137 833 2184 tantum

43 2207 104 2266 aperit
120 2209 239 2272 baptizato
254 2211 347 2272 januam
365 2209 430 2272 regni
446 2209 561 2271 eoelestis,
582 2209 608 2257 in
625 2211 734 2271 quantum
757 2207 832 2254 incor-

43 2283 101 2334 porat
111 2293 165 2329 eum
178 2279 281 2344 passioni
293 2278 391 2339 Cbristi,
404 2280 510 2330 virtutem
523 2281 574 2344 ejus
586 2278 674 2329 bomini
686 2275 830 2341 applicando.

68 2349 98 2398 dd
114 2352 240 2400 secuudum
258 2351 394 2413 dicendum,
405 2349 465 2414 quod
477 2352 567 2414 quando
580 2350 657 2413 passio
673 2348 761 2398 Christi
774 2359 833 2396 non·

45 2417 88 2469 dum
98 2427 147 2472 erat
160 2422 252 2472 realiter
264 2420 379 2486 perfecta,
389 2423 428 2472 sed
440 2422 514 2472 sotum
526 2423 552 2470 in
562 2422 606 2471 fide
616 2420 765 2479 credentium,
777 2419 835 2481 bap

46 2490 114 2544 osum
127 2493 327 2558 proportionaliter
341 2494 449 2544 censebat
461 2495 538 2557 januae
554 2493 708 2556 apertionem.
722 2503 769 2540 uon
781 2491 833 2554 qui·
861 2506 907 2537 ν

48 2562 89 2614 dem
98 2567 122 2615 in
132 2581 167 2628 re,
178 2566 217 2616 sed
227 2565 251 2614 iu
261 2579 311 2628 spe.
324 2564 435 2628 Baptizati
443 2565 504 2615 enim
513 2569 570 2614 tuuc
580 2565 725 2626 decedentes,
734 2575 763 2612 en
771 2567 832 2612 certa

47 2646 79 2696 spe
92 2636 211 2688 introitum
226 2637 292 2700 regni
304 2637 401 2687 ooeiestis
417 2636 577 2701 expectabant.

71 2708 101 2758 id
117 2707 209 2758 tertium
232 2707 367 2767 dicendum,
386 2706 446 2771 qubd
464 2707 590 2770 baptizatus
604 2719 650 2755 non
670 2708 706 2754 est
718 2703 832 2754 obnoxius

74 2859 104 2922 (1)
119 2865 171 2909 dito
181 2867 260 2908 tamen
273 2873 342 2908 sensu
350 2862 504 2918 Hieronymus
513 2861 614 2917 explieat
622 2861 665 2919 ibi,
678 2865 753 2904 utsno
768 2860 830 2911 ioco,

48 2921 91 2968 crim
105 2927 132 2970 de
155 2925 292 2972 ascensione
307 2925 388 2968 Gbristi
407 2929 525 2984 ageretur,
545 2923 634 2980 plenibs
654 2927 759 2967 notatum
786 2925 830 2964 est.
