1942 3284
326 136 387 214 ue
419 171 513 209 usu
546 169 873 211 nocuanrsrm
906 173 955 223 m
987 172 1223 213 conum.
1483 164 1566 211 391

0 259 52 307 ξε
87 256 194 297 non
236 245 491 311 impediunt
518 248 544 298 a
571 248 829 313 sumptione
858 250 997 313 hujus
1033 249 1338 313 sacramenti,
1369 249 1486 302 sicut
1517 252 1575 299 de

0 318 162 369 ,iliere
194 317 427 383 pariente,
463 321 538 370 vel
565 325 873 381 menstruata,
901 322 978 372 vel
1013 324 1187 371 fluxum
1217 322 1455 384 sanguinis
1487 336 1575 386 pa-

0 392 106 438 ÷nte
128 427 147 450 ‚
178 393 227 439 ut
250 390 410 440 scribit
438 392 491 440 B.
521 392 766 455 Gregorius
788 393 1316 457 Augustino‚Anglorum
1352 394 1579 458 Episcopu

0 464 14 508 t
54 459 246 524 supra).
281 462 399 523 Ergo
429 464 609 513 videtur
636 463 755 526 quod
792 478 939 527 neque
964 465 1102 515 etiam
1129 469 1355 515 nocturna
1386 465 1579 530 pollutio

0 532 158 595 ¹pedit
187 532 421 584 hominem
457 535 483 585 a
518 536 777 599 sumptione
803 537 945 600 hujus
975 536 1266 587 sacramenti.

8 607 65 652 4.
111 604 340 664 Praeterea
357 641 373 667 ,
404 610 641 668 peccatum
686 608 864 659 veniale
910 622 1004 659 non
1037 608 1226 672 impedit
1273 608 1506 659 hominem
1555 611 1579 659 'a

0 674 229 737 mptione
248 676 389 739 hujus
407 679 708 737 sacramenti,
736 692 824 728 nec
843 679 979 729 etiam
1004 682 1240 743 peccatum
1263 680 1448 730 mortale
1475 687 1579 744 post

0 746 301 796 enitentiam.
334 748 423 797 Sed
455 751 561 799 dato
596 748 718 812 qnod
749 755 969 801 nocturna
995 752 1188 815 pollutio
1226 752 1484 815 provenerit
1519 766 1575 803 ex

0 819 121 881 iquo
140 822 333 882 peccato
356 821 631 883 praecedenti
648 821 764 886 (sive
796 823 1012 886 crapulae,
1045 822 1142 872 sive
1168 823 1368 887 turpium
1395 825 1575 885 cogita„

0 904 142 940 inum
160 893 205 953 )‚
229 891 497 955 plerumque
517 894 605 944 tale
624 898 861 958 peccatum
884 900 955 945 est
972 896 1182 956 veniale,
1169 910 1180 920 ·
1204 899 1252 945 et
1270 895 1309 944 si
1332 895 1575 959 aliquande

0 968 15 1010 t
41 963 267 1021 montale,
292 967 444 1027 potest
470 966 730 1028 contingere
749 966 870 1029 quod
891 968 947 1017 de
982 974 1114 1017 mane
1142 966 1382 1030 poeniteat,
1405 973 1452 1019 et
1471 982 1575 1032 pec-

7 1040 121 1084 tum
152 1050 285 1085 suum
306 1037 591 1087 confiteatur.
613 1039 731 1102 Ergo
756 1039 935 1090 videtur
963 1038 1084 1103 qubd
1113 1052 1207 1090 non
1236 1039 1398 1090 debeat
1427 1040 1571 1105 impe

2 1106 43 1155 ri
73 1107 104 1156 a
130 1106 391 1171 sumptione
418 1109 560 1172 hujus
586 1111 876 1161 sacramenti.

20 1183 75 1227 5.
112 1181 369 1241 Praeterea,
402 1182 583 1241 gravius
603 1188 836 1245 peccatum
858 1187 930 1233 est
946 1182 1181 1234 homicidu
1209 1183 1345 1246 quam
1378 1181 1575 1233 fornica-

0 1251 131 1300 ]niS.
160 1252 248 1301 Sed
276 1251 315 1300 si
352 1252 520 1315 aliquis
546 1254 601 1303 de
639 1257 773 1304 nocte
804 1256 1001 1305 somniet
1023 1269 1072 1305 se
1089 1254 1384 1305 homicidium
1411 1266 1579 1318 perpe-

1 1335 108 1382 are,
128 1326 204 1371 aut
223 1322 410 1385 furtum,
434 1329 514 1373 aut
534 1327 847 1390 quodcumque
868 1327 987 1376 aliud
1008 1331 1263 1389 peccatum,
1283 1340 1374 1376 non
1395 1330 1579 1390 propter

0 1407 52 1442 oc
81 1394 374 1457 impeditura
393 1396 652 1461 sumptione
676 1398 876 1461 corporis
902 1398 1091 1449 Christi.
1116 1399 1232 1461 Ergo
1254 1398 1433 1448 videtur
1455 1397 1575 1459 quenl

0 1465 119 1517 ιιιΙιὸ
149 1465 301 1515 minus
328 1468 566 1519 fornicatio
594 1470 815 1519 somniate
842 1484 942 1518 cum
980 1470 1233 1533 pollutione
1273 1470 1579 1533 subsequente

0 1538 195 1601 npediat
226 1538 252 1589 a
283 1540 542 1603 sumptione
570 1540 713 1603 hujus
734 1542 1020 1591 sacramenti.

27 1611 123 1660 Sed
154 1616 313 1668 contra
350 1616 451 1672 est,
480 1614 599 1675 quod
630 1614 816 1673 Levit.,
853 1615 961 1674 XV,
995 1614 1156 1663 dicitur
1187 1628 1198 1662 :
1234 1630 1262 1661 «
1291 1613 1372 1661 Vir
1394 1613 1450 1664 de
1489 1626 1579 1674 qun

0 1683 203 1743 greditur
231 1697 391 1734 semen
422 1685 587 1744 coitus,
607 1684 869 1735 immundus
894 1685 982 1734 erit
1012 1698 1158 1748 usque
1186 1684 1243 1733 ad
1265 1696 1522 1747 vesperam.
1549 1703 1575 1731 n

0 1755 57 1803 ed
89 1754 343 1805 immundis
372 1770 462 1805 non
490 1761 614 1820 patet
642 1757 793 1807 aditus
822 1758 874 1806 ad
916 1760 1221 1806 sacramenta.
1253 1755 1369 1818 Ergo
1405 1755 1583 1805 videtur

0 1825 93 1875 uod
146 1832 334 1890 propter
381 1828 677 1890 pollutionem
724 1832 991 1879 nocturnam
1040 1826 1202 1889 aliquis
1247 1826 1520 1891 impediatur
1555 1827 1583 1875 ii

0 1895 231 1961 umptione
256 1898 393 1959 hujus
409 1898 703 1959 sacramenti,
724 1900 841 1963 quod
862 1902 932 1950 est
952 1898 1200 1947 maximum
1220 1901 1550 1947 sacramentum
1563 1935 1575 1947 .,

39 1969 352 2032 (ΕοΝοιυειο.
372 1997 431 2007 -
448 1972 714 2034 Quanquam
743 1976 964 2022 nocturna
997 1970 1206 2033 pollutio,
1238 1982 1374 2032 quam
1401 1969 1575 2019 nullum

0 2041 162 2091 nortale
182 2042 353 2091 crimen
374 2042 610 2105 praecessit
625 2044 701 2093 vel
716 2042 921 2092 causavit
938 2081 949 2101 ‚
971 2056 1066 2093 non
1087 2041 1308 2104 impediat
1328 2041 1579 2091 necessaria

0 2154 2 2158 .
40 2114 312 2165 sacramenti
338 2115 627 2179 sumptione,
658 2115 835 2166 deceret
866 2119 1018 2165 tamen
1047 2115 1116 2164 sic
1144 2112 1412 2178 dispositum
1441 2114 1581 2163 absti=

0 2183 143 2247 iere.)

41 2255 312 2319 Respondeo
330 2256 590 2316 dicendum,
615 2256 737 2320 quod
755 2257 875 2307 circa
889 2256 1190 2321 pollutionem
1206 2260 1472 2306 nocturnam
1493 2257 1583 2305 duri

0 2332 170 2384 >ossum
190 2328 500 2379 considerari:
530 2342 671 2377 unum
699 2328 881 2391 quidem
899 2369 911 2390 ‚
940 2328 1116 2379 ratione
1138 2328 1272 2392 cujus
1295 2340 1349 2376 ex
1379 2330 1583 2377 necessi-

0 2401 75 2447 ate
107 2399 297 2463 impedit
330 2397 565 2449 hominem
600 2400 623 2448 a
658 2400 915 2463 sumptione
955 2400 1094 2463 hujus
1129 2398 1432 2461 sacramenti3
1463 2398 1583 2447 aliud

0 2473 131 2519 intem
162 2472 340 2521 ratione
376 2471 509 2533 cujus
531 2484 623 2520 non
644 2484 703 2521 ex
733 2470 1012 2521 necessitate
1038 2470 1235 2533 impedit
1267 2469 1500 2519 hominem
1532 2471 1587 2519 ali

0 2541 241 2604 eujusmodi
259 2542 529 2596 sacramenti
547 2542 860 2607 perceptione,
879 2542 959 2592 sed
978 2556 1036 2593 ex
1051 2543 1245 2605 quadam
1263 2540 1579 2602 congruentia.

0 2610 56 2660 Ex
81 2614 344 2664 necessitate
377 2614 559 2677 quidem
592 2614 781 2677 impedit
808 2615 1041 2664 hominem
1070 2614 1125 2662 ab
1147 2613 1286 2675 hujus
1318 2615 1587 2661 sacramenti

0 2686 270 2750 perceptione
294 2687 444 2735 solum
465 2689 700 2748 peccatum
718 2685 923 2747 mortale;
948 2689 996 2735 et
1014 2684 1224 2747 quamvis
1245 2688 1464 2733 nocturna
1487 2683 1587 2745 ipsa

0 2756 169 2815 pollutio
204 2755 455 2807 secundum
485 2771 531 2806 se
559 2756 855 2816 considerata,
882 2761 1120 2819 peccatum
1144 2754 1334 2805 mortale
1353 2766 1456 2803 esse
1491 2767 1583 2803 nun

0 2827 143 2889 possit,
167 2828 469 2878 nihilominus
483 2832 633 2878 tamen
660 2828 837 2879 ratione
859 2840 951 2878 suae
975 2841 1124 2877 causae
1149 2826 1419 2889 quandoque
1447 2825 1587 2875 habet

0 2902 215 2959 peccatum
235 2899 425 2951 mortale
453 2898 498 2947 ei
516 2911 743 2950 annexum
766 2915 777 2949 ε
798 2902 843 2949 et
866 2899 969 2949 ideo
999 2896 1327 2953 consideranda
1351 2898 1422 2945 est
1446 2908 1583 2945 causa
