1942 3284
62 3187 85 3233 A

106 148 150 193 litt
237 157 439 205 surumuuuruur,
455 158 548 201 oumsn.
565 158 636 203 usvu,
655 158 708 193 nun.
728 158 762 193 nc

103 233 192 297 etquis
208 232 300 285 diaconi
310 236 335 284 et
351 232 392 282 alii
408 232 598 283 consacerdotes
616 235 713 295 possunt
725 232 809 283 habere
830 233 901 297 juris

104 303 239 367 dictionem,
249 303 455 363 edocuissem,
465 304 525 353 sicul
537 302 616 366 legun,
633 304 670 353 vel
681 302 834 365 ordinariam,
849 307 906 355 sicud

104 375 187 439 elocti3
202 376 255 427 ideo
266 379 365 439 possunt
375 375 529 439 indulgentias
538 376 613 425 lacere
625 374 694 427 ctiam
704 388 750 425 oon
759 376 904 437 accumules

101 448 208 528 quamuis
220 461 279 531 'nou
299 445 389 513 possint
407 447 525 499 absoluere
544 446 568 495 iu
586 445 636 497 loro
658 446 833 509 poenitentiali,
848 450 906 513 quod

104 519 276 653 skorssorsfioc
288 594 351 653 patet
362 591 446 641 solutio
457 591 485 641 ad
499 590 605 653 objecta:
621 588 780 651 indulgentias
793 590 861 639 euim
874 590 909 637 la-

102 661 267 783 doeiriisperunet
279 661 308 711 ad
321 662 409 713 clarem
419 661 604 725 jurisdictionis,
619 664 644 710 et
659 674 707 711 uon
718 660 746 709 ad
761 661 854 711 clavem
870 674 905 711 or-

395 840 555 892 cartennas
570 840 608 890 ΙΙΙ.

208 966 294 1009 Utrum
307 965 437 1021 Episcopus
451 964 526 1021 possit
541 964 707 1019 irtdulpetttias
722 966 811 1013 lucere.

137 1090 171 1140 tld
187 1092 278 1146 tertium
297 1090 332 1141 sic
348 1089 487 1154 proceditur.
501 1089 595 1141 Videtur
615 1088 762 1153 quodetiam
786 1089 909 1154 Episcopus

108 1176 155 1212 nou
174 1162 248 1227 possit
265 1162 521 1225 indulgentissimam,
536 1161 589 1224 quia
605 1162 726 1211 thesaurus
744 1160 862 1211 Ecclesia
877 1165 908 1211 est

106 1233 235 1284 communis
249 1234 292 1283 loti
302 1232 417 1283 Ecclesia.
426 1232 472 1284 Sed
483 1232 507 1283 id
520 1232 580 1295 quod
592 1236 627 1282 est
636 1244 759 1283 commuue
775 1232 822 1283 toli
834 1233 907 1283 Emis-

107 1305 163 1366 sias,
178 1318 223 1355 non
236 1308 315 1367 potest
328 1303 456 1366 dispensari
473 1302 520 1353 nisi
536 1304 671 1367 perillum,
686 1304 728 1366 qui
741 1303 789 1355 loti
805 1304 907 1355 Ecclesia

106 1379 198 1438 praeest.
212 1376 271 1437 Ergo
282 1374 345 1424 solus
358 1374 420 1437 Papa
437 1377 514 1439 potest
524 1374 679 1437 indulgentias
692 1374 782 1425 lacere.

138 1450 162 1495 2.
177 1446 300 1507 Praeterea,
312 1445 391 1496 nullus
400 1449 478 1509 potest
490 1446 605 1496 remittere
615 1458 696 1509 poenus
707 1444 722 1495 a
733 1444 790 1506 jure
805 1446 907 1497 delemi-

106 1522 186 1578 uatas‚
196 1517 239 1569 nisi
251 1516 290 1569 ille
303 1518 344 1581 qui
357 1517 425 1569 hahet
434 1521 572 1582 potestatem
584 1514 624 1582 'jus
638 1517 763 1568 condendi.
779 1518 829 1570 Sed
841 1532 907 1583 pona

105 1588 265 1640 satisfactoria
274 1592 328 1639 sunt
339 1601 380 1652 pro
390 1588 490 1653 peccatis
499 1588 654 1639 determinatae
664 1588 753 1652 ajune,
762 1602 822 1653 ergo
833 1591 904 1641 remil-

106 1663 154 1711 tere
163 1660 295 1724 hujusmodi
305 1673 387 1724 poenas
396 1664 473 1723 potest
481 1660 544 1711 solus
554 1662 624 1723 Papa,
633 1658 672 1724 qui
683 1659 794 1709 conditor
802 1665 840 1711 est
846 1662 904 1725 juris.

136 1731 181 1782 Sed
194 1736 274 1785 contu
288 1736 325 1782 est
337 1733 475 1783 consuetudo
490 1732 612 1791 Ecclesia,
626 1728 755 1781 secundium
764 1744 840 1795 quarn
855 1732 906 1797 Epi-

106 1802 170 1867 scopi
180 1804 235 1853 dant
247 1803 412 1867 indudgentias.

141 1877 336 1935 (Genauam.-
345 1876 414 1925 sotus
424 1876 487 1939 Papa
498 1874 527 1925 oh
536 1873 702 1939 plenitudinem
712 1874 863 1925 Ponuficutts
874 1888 907 1939 po

105 1946 196 1995 testatm
215 1958 283 2009 qnam
304 1946 391 2009 habet,
406 1944 521 2009 plenarias
537 1944 692 2009 indulgentias
713 1958 758 2009 pro
777 1946 849 1997 libito
867 1962 907 1998 sna

106 2016 248 2078 uoluntatis,
261 2015 364 2079 legitima
388 2020 464 2067 umen
481 2016 595 2067 existente
616 2028 700 2079 causa,
717 2017 798 2069 lacere
816 2022 906 2082 potest:

105 2086 185 2137 mori
198 2090 274 2137 autem
289 2086 409 2151 Episcopi,
420 2091 531 2152 quantum
541 2086 585 2137 sibi
595 2086 678 2151 dPapa
692 2090 800 2139 taxatum
814 2090 906 2147 luent)

137 2157 274 2220 despondeo
289 2158 425 2222 dicendum,
434 2159 496 2223 quod
509 2160 571 2223 Papa
584 2159 653 2209 habet
666 2158 842 2221 plenitudinem
854 2162 908 2211 Pon·

105 2228 196 2280 tidcalis
211 2230 344 2294 potcstatis,
360 2230 427 2295 qnasi
445 2233 496 2282 Rex
513 2230 539 2281 in
558 2244 637 2295 regno.
653 2231 698 2281 Sed
716 2230 834 2296 Episcopi
850 2247 908 2283 assu-

105 2302 198 2350 muntur
212 2300 237 2349 in
252 2304 339 2363 partem
352 2300 521 2361 sollicitudinis.
536 2302 602 2366 quasi
608 2302 700 2366 judices
713 2303 817 2365 singulis
827 2304 909 2355 driu

105 2370 166 2424 dtus
179 2370 296 2437 praepositi
311 2387 318 2421 z
332 2374 501 2439 propterquod
513 2385 554 2425 cos
567 2374 629 2425 solos
648 2374 673 2422 in
684 2374 733 2425 suis
748 2372 837 2425 litteris
851 2376 908 2440 Papa

106 2458 120 2489 u
132 2442 237 2493 tratrmu
252 2447 319 2493 cocat
330 2480 337 2505 ,
349 2444 449 2509 redonus
464 2447 541 2493 autem
555 2456 634 2495 omnes
650 2449 720 2495 vocal
735 2461 750 2493 u
763 2444 838 2495 filios.
853 2463 867 2494 s
884 2448 907 2495 El

104 2512 156 2563 ideo
166 2517 269 2577 potestas
282 2514 380 2565 ludendi
393 2514 547 2577 indulgentias
559 2514 627 2579 plaut
639 2516 726 2565 residet
737 2515 763 2565 in
778 2518 856 2581 Papa,
870 2518 907 2582 qud

13 2635 14 2642 ,
105 2588 180 2645 potest
196 2584 270 2635 lacere
283 2585 344 2648 quod
357 2587 419 2649 uult,
431 2600 501 2638 causa
518 2589 592 2637 tamen
604 2586 717 2637 existente
731 2586 851 2652 legitima3
865 2590 903 2639 sed

13 2683 14 2704 i
105 2653 130 2702 iu
143 2654 264 2719 Episcopis
272 2660 307 2705 est
319 2657 396 2706 tanta
410 2657 537 2709 secundini
547 2656 715 2708 ordinationem
728 2657 816 2722 Papta;
829 2658 908 2709 etideo

104 2729 199 2845 ρῗίἱεέιηῑ
211 2725 287 2776 lacere
300 2726 425 2778 sccnudium
442 2728 503 2791 quod
522 2728 556 2779 eis
574 2732 610 2778 ost
625 2731 740 2789 aratum,
753 2731 778 2778 el
798 2742 846 2780 non
862 2744 906 2779 am·

13 2833 14 2854 E
106 2806 121 2853 p
135 2832 214 2927 Elpei
226 2868 269 2919 hoc
278 2870 342 2929 patet
354 2869 437 2922 solutio
452 2872 480 2921 ad
495 2872 591 2935 objecta.
