1942 3284
239 183 269 217 nr
284 182 416 224 Quaurrurn
432 182 632 219 surisaacrronrs.
793 190 839 237 683

26 250 108 317 tiam,
127 266 221 317 poeuam
237 260 351 319 meretum
366 255 419 320 quia
433 268 461 306 ax
478 260 541 319 parte
559 256 600 306 bei
620 269 666 308 non
684 259 739 306 sunt
754 256 832 319 aliqua

25 325 90 373 mala
103 324 177 386 iacta,
188 323 246 376 sieut
254 326 313 377 bona
322 341 329 375 a
338 330 362 376 et
375 326 426 377 iden
438 327 543 390 quamuis
553 339 611 389 onus
623 328 707 377 malum
721 330 832 377 mereatur

26 408 129 458 poeuam
149 409 179 445 ex
192 397 320 461 condique,
332 409 376 447 nun
390 401 465 447 tamen
479 410 537 461 opus
550 398 633 449 benum
654 398 704 449 siue
721 396 833 449 charitate

26 471 137 516 meretur
155 466 305 531 exeundique
318 468 444 531 premium.

62 537 100 586 nd
122 538 249 587 seeundum
270 541 294 588 et
311 537 402 589 tertium
422 538 558 602 dicendum,
577 538 637 605 qubd
658 538 785 605 procedunt
804 538 833 589 de

28 607 119 657 merito
135 608 239 669 congrui.

63 677 125 727 atim
139 680 216 728 autem
230 678 331 729 rationes
343 680 469 743 procedunt
482 681 510 730 de
528 679 608 731 merite
624 679 738 745 madiani.

339 856 499 908 ARTICULUS
510 858 538 907 V.

59 986 150 1029 Utrum
161 984 349 1041 operaproeda'cta
357 984 452 1030 ualeant
465 984 678 1041 admitiqatiauem
683 997 810 1041 poenanm

353 1046 519 1103 iuferuala'um.

68 1177 104 1227 dd
123 1177 229 1240 quintum
246 1176 280 1227 sie
291 1168 433 1240 'premittur
447 1175 543 1227 Videtur
560 1175 620 1239 qubd
640 1189 709 1241 opera
727 1177 833 1241 predicta

34 1262 83 1299 nun
94 1250 187 1302 ualeant
199 1249 228 1298 ad
242 1261 316 1312 noeuae
329 1246 446 1297 infernalis
455 1246 627 1309 mitigationem.
636 1247 695 1306 Quia
707 1246 832 1298 secundina

33 1319 190 1384 quantitatem
198 1318 286 1381 culum,
296 1318 341 1369 erit
351 1319 465 1381 quantitas
474 1329 549 1381 paena
561 1318 585 1368 iu
595 1317 694 1370 interne.
707 1317 750 1370 Sed
762 1331 831 1382 onera

31 1395 101 1441 extra
109 1389 241 1440 charitatem
253 1388 312 1440 iacta
325 1401 371 1440 nou
383 1389 490 1439 minuunt
500 1390 651 1453 quantitatem
660 1390 757 1453 peceati.
770 1389 831 1453 Ergo

32 1472 78 1511 net
90 1460 209 1510 infernalis
218 1472 300 1524 poenae.

66 1537 92 1581 2.
103 1532 230 1593 Praeterea,
241 1542 309 1595 poeua
321 1532 438 1583 iuiemaiis
447 1532 551 1597 quamvis
561 1532 593 1583 sit
606 1531 723 1583 duratione
732 1531 830 1593 inbuite,
906 1573 916 1584 .

33 1610 113 1655 tamen
125 1602 255 1655 intensione
270 1602 335 1653 fluita
346 1607 391 1654 est.
405 1603 448 1655 Sed
463 1603 579 1667 quodlibet
591 1602 679 1653 dnitum
692 1602 832 1653 eonsumitur

35 1677 112 1739 aliqua
126 1674 189 1724 finita
198 1674 354 1726 subtractione
362 1674 430 1725 iaetu.
443 1673 468 1723 Si
477 1686 531 1738 erge
544 1685 612 1737 onera
621 1676 685 1723 extra
699 1674 831 1725 charitatem

36 1747 112 1809 iacta,
125 1744 212 1812 aliquid
224 1745 383 1795 subtraherent
394 1746 422 1794 de
434 1756 502 1809 poena
515 1743 589 1794 debita
602 1756 644 1807 pro
657 1742 766 1805 peccatis,
777 1756 831 1794 cau-

34 1817 137 1879 tingeret
146 1814 234 1867 tantiam
247 1815 438 1879 multiplicariilia
448 1826 527 1879 opera,
536 1814 597 1879 qubd
606 1814 705 1865 totaliter
713 1814 831 1865 tolleretur

34 1899 103 1951 neena
114 1886 210 1948 inierui3
220 1885 371 1950 quodfalsum
383 1889 425 1937 est.

66 1962 91 2007 a.
105 1959 231 2021 preterea,
244 1956 350 2019 suffragia
364 1956 469 2007 Ecclesia
481 1960 535 2007 suut
550 1954 623 2019 magis
633 1954 751 2018 eidmeia,
762 1954 830 2019 quarn

33 2040 105 2094 opera
121 2031 185 2079 extra
204 2028 335 2078 charitatem
353 2028 422 2080 faeta.
441 2028 504 2090 sed,
522 2028 583 2078 sieut
595 2027 627 2077 ait
642 2026 781 2089 Augustinus
802 2030 831 2076 iu

34 2098 170 2151 Enebirid.
186 2101 253 2162 (cap.
269 2099 339 2161 1⁰9),
350 2098 463 2149 damnatis
476 2098 501 2147 in
514 2097 605 2149 inieruu
618 2109 663 2147 non
677 2101 772 2160 presunt
781 2097 830 2147 sui-

34 2170 108 2233 iram'a
131 2167 247 2219 Ecclesia.
267 2168 337 2219 biultb
357 2180 411 2233 ergo
434 2167 511 2219 minis
530 2180 604 2231 poenar
624 2181 665 2231 per
680 2180 749 2232 opera
766 2173 831 2219 extra

37 2240 168 2290 charitatem
181 2240 241 2289 faeta
254 2240 394 2301 mitigantur.

66 2310 111 2362 Sed
123 2313 199 2359 contra
212 2312 262 2371 est,
275 2309 335 2372 qubd
348 2308 407 2360 idem
421 2309 561 2370 Augustinus
575 2308 631 2358 dicit
649 2312 676 2359 iu
695 2309 830 2361 Euctirid.

36 2381 96 2445 {ubi
105 2378 190 2443 supra)
205 2394 238 2428 :u
247 2378 334 2438 Quibus
346 2384 458 2443 prosunt,
474 2380 554 2430 autad
571 2381 615 2430 bue
631 2384 742 2443 presunt,
761 2383 787 2429 ut
800 2378 832 2428 ait

35 2454 102 2518 plena
115 2450 231 2514 remissi03
247 2453 287 2500 aut
300 2449 362 2501 aertb
376 2454 400 2500 ut
415 2450 553 2503 tolerabilior
562 2450 602 2500 bat
613 2450 665 2514 ipsa
677 2450 800 2501 damnatio.
814 2465 829 2495 ι

67 2524 188 2584 Pretema,
198 2520 316 2584 magiseat
330 2520 404 2572 faeere
415 2520 515 2583 bouum,
529 2521 597 2585 quim
611 2520 725 2573 dimittere
735 2521 828 2570 maium.

36 2595 82 2645 Sed
99 2591 212 2642 dimittere
228 2591 312 2641 maium
325 2603 416 2656 semper
431 2592 490 2641 uitat
505 2603 613 2655 predam,
624 2592 694 2641 etiam
707 2590 733 2641 in
746 2604 775 2641 ee
790 2587 831 2654 qui

39 2664 145 2715 charitate
157 2666 228 2712 earet.
244 2662 303 2725 Ergo
316 2662 388 2711 multb
397 2661 477 2714 fortiis
489 2662 564 2711 farere
577 2662 672 2712 benum.

73 2736 227 2799 (Conmusro.
239 2758 270 2771 -
283 2734 425 2796 Quamquam
438 2744 508 2796 opera
524 2732 584 2783 buna
594 2766 601 2792 ‚
613 2735 678 2783 extra
697 2730 830 2782 ebarimtem

38 2807 114 2866 taeta,
124 2802 236 2853 nerninem
249 2801 262 2852 d
274 2814 342 2866 poena
357 2807 441 2853 aterna
455 2803 552 2852 liberare
568 2802 671 2867 pessint3
684 2813 736 2851 eam
750 2803 831 2849 tamen

39 2877 177 2935 diminuere,
192 2872 356 2936 quatenusper
376 2884 404 2923 ea
418 2873 524 2924 meritum
538 2872 589 2936 eius
612 2884 685 2936 neena
700 2869 829 2935 impeditur,
