1942 3284
261 206 295 244 ult
309 205 391 246 CAUSA
405 205 622 248 cinnamonum.
811 202 841 250 ’Π
943 204 944 245 l

91 278 206 333 Stdcnntm
220 284 340 348 est,qucd
356 284 494 348 Augustinus
512 285 671 338 dicitCectrn
686 286 841 340 Petilicnum
943 300 944 329 t

68 349 225 416 Dmastictam,
239 357 274 418 ll,
291 359 321 405 il
335 355 371 421 (1)
387 371 393 405 :
410 373 424 403 «
437 357 551 408 llemeutc
564 360 709 411 sacramentis
723 360 765 411 liei
784 360 842 411 nihil
943 372 944 423 t

67 422 128 475 abesse
143 439 213 477 mures
231 427 600 493 malcrumhemiunm,c1udilla
618 430 654 482 vel
668 444 714 481 non
729 430 789 495 sint,
803 432 842 484 uel
943 464 944 479 2

66 492 125 545 minus
133 502 205 548 sancia
219 498 275 549 sint.
288 514 303 546 n

91 568 280 627 (Gonmns10.-
291 571 484 630 Quemadmodum
503 574 558 623 mali
572 573 670 623 ministri
686 578 749 625 extra
763 574 842 625 chari-

64 638 119 688 tatem
134 640 255 692 existentes
274 641 402 693 ministrare
417 648 559 695 sacramenta
574 649 681 710 possut,
702 646 734 695 ite
749 650 772 697 et
787 646 840 697 init·

66 707 121 775 detis,
132 712 253 763 dummcdh
264 726 295 765 ca
312 727 360 765 nen
370 715 504 766 emittantur
521 729 573 779 qua
588 718 616 767 de
635 716 771 769 necessitate
789 722 843 770 suut

67 784 201 848 ammenti.)

88 854 210 919 Respondes
222 856 343 908 dicendum
351 896 359 919 ‚
368 857 429 922 qudd
443 860 503 911 sicut
516 858 583 925 suprh
596 859 681 912 dictum
696 862 731 911 est
749 862 812 923 (art.
829 866 843 912 e

63 926 125 989 etqu
140 930 183 990 62,
199 932 242 978 art.
255 932 270 979 1
285 932 310 980 et
324 929 366 994 i),
381 930 433 995 quia
449 932 552 983 minister
563 932 587 981 in
599 933 748 983 sacramentis
759 933 844 984 instru-

60 1007 71 1041 n
85 999 176 1049 ntahter
188 1004 304 1065 operatur,
313 1015 360 1052 nou
370 1002 417 1065 agit
427 1002 452 1053 in
460 1004 543 1055 virtute
552 1004 658 1069 propria,
669 1004 709 1055 sed
718 1004 742 1053 in
758 1004 843 1057 virtute

29 1099 30 1104 κ
61 1068 138 1120 Christi.
151 1072 215 1122 Sicut
232 1076 311 1122 autem
332 1075 432 1137 pertinet
446 1076 474 1125 ad
493 1075 606 1141 propriam
623 1075 730 1126 uirtutem
744 1076 845 1128 heminis

63 1140 152 1207 manns,
163 1144 197 1193 ita
209 1148 233 1194 et
245 1143 312 1194 tides.
327 1145 401 1208 Unde,
413 1146 472 1195 sicut
485 1160 532 1197 neu
547 1146 667 1213 requiritur
677 1147 705 1197 ad
718 1148 845 1211 perlectio-

63 1224 104 1263 nem
116 1215 249 1267 sacramenti
269 1216 330 1280 quid
344 1217 446 1269 minister
467 1218 497 1269 sit
514 1218 539 1268 iu
552 1218 678 1282 charitate,
693 1220 733 1269 sed
748 1223 844 1283 pessunt

63 1283 118 1336 etum
136 1293 267 1353 peccateres
285 1292 425 1340 sacramenta
441 1290 558 1353 cenierre,
575 1294 600 1339 ut
620 1289 689 1353 supra
707 1288 846 1341 dictumest

64 1356 109 1419 (art.
120 1360 152 1423 5),
166 1360 200 1411 ita
216 1374 265 1412 non
277 1359 398 1423 requiritur
412 1362 439 1413 ad
452 1362 617 1426 perlectionem
632 1361 769 1412 sacramenti
788 1362 845 1413 ildes

63 1430 109 1491 tien
122 1433 161 1481 sed
175 1431 276 1483 infidelis
286 1436 363 1498 petest
376 1446 455 1483 verum
468 1438 632 1485 sacramentum
645 1433 763 1497 praehere,
780 1434 845 1485 dum·

65 1502 115 1553 nudi
125 1508 203 1555 mtcra
218 1504 357 1568 adsintque
368 1508 421 1555 sunt
435 1507 463 1557 de
480 1506 616 1557 necessitate
634 1504 779 1555 sacramenti.

88 1574 113 1623 tr
123 1578 220 1639 primum
239 1589 294 1640 erge
309 1576 443 1641 dicendum,
460 1578 520 1641 qudd
536 1578 612 1640 potest
627 1576 758 1639 contingere
781 1576 846 1641 qudd

69 1641 130 1708 lituis
139 1649 238 1712 patiatur
251 1647 366 1697 delectum
379 1649 431 1699 ildei
447 1648 506 1699 circa
519 1647 604 1713 aliquid
616 1686 622 1709 ‚
634 1650 657 1697 et
671 1660 717 1698 ncn
731 1647 790 1698 circa
802 1662 844 1699 ve·

65 1713 134 1768 chen
147 1718 286 1769 sacramenti
297 1718 358 1781 qucd
371 1720 478 1783 exhibet)
493 1719 558 1784 pull,
570 1718 590 1770 si
600 1718 682 1782 aliquis
698 1719 773 1769 credat
784 1719 846 1783 jura·

62 1794 145 1841 mntem
155 1804 208 1842 esse
221 1790 246 1840 iu
260 1790 323 1841 omni
336 1803 390 1840 casu
403 1790 523 1853 illicitum,
539 1794 563 1842 et
578 1794 655 1842 tamen
666 1790 741 1841 credat
760 1792 846 1857 baptis·

62 1871 110 1909 num
121 1863 243 1913 eiiicaciam
254 1862 338 1911 hahere
347 1862 376 1911 ad
389 1863 498 1926 salutem,
511 1866 534 1913 el
546 1862 579 1913 sic
592 1860 644 1912 talis
659 1860 782 1913 infidelitas
794 1876 842 1913 nou

64 1928 141 1995 inpedit
150 1933 303 1985 intentionem
314 1933 446 1985 conterendi
457 1937 631 1986 sacramentum.
641 1934 667 1984 Si
677 1932 732 1985 vert
744 1934 845 1999 patiatur

63 2002 102 2055 idei
112 2007 224 2057 deiectum
240 2006 302 2057 circa
316 2006 392 2072 ipsum
407 2010 574 2058 sacmmentum
593 2006 775 2071 quotaslibet,
790 2005 846 2057 licet

62 2078 125 2128 trudat
136 2093 177 2143 per
195 2078 220 2129 id
238 2079 301 2143 qued
318 2080 392 2143 agitur
406 2078 507 2130 exterius
526 2079 613 2129 nullum
633 2078 699 2141 sequi
712 2076 845 2129 interiorem

60 2146 167 2213 edecmm
180 2164 228 2201 non
242 2155 320 2202 tamen
332 2151 422 2215 ignerat
434 2149 496 2213 qndd
509 2150 610 2200 Ecclesia
623 2148 734 2200 catholica
746 2147 846 2199 intendit

61 2231 94 2280 per
104 2222 231 2287 hujusmodi
248 2235 300 2286 qne
317 2221 417 2273 exterihs
433 2224 531 2285 aguntur
549 2220 651 2285 prebere
670 2224 843 2271 sacramentum.

63 2290 132 2358 Unde,
146 2307 192 2346 ucu
211 2296 319 2346 obstante
334 2294 483 2354 infidelem,
501 2296 577 2358 petest
593 2292 711 2344 intendere
732 2292 807 2343 iacere
824 2291 848 2343 id

63 2367 111 2426 nand
119 2367 173 2417 lacit
180 2368 298 2430 Ecclesia,
307 2368 362 2418 licet
369 2367 485 2419 existimet
492 2368 516 2418 id
525 2365 582 2416 nihil
595 2378 655 2417 esse.
665 2366 694 2415 Et
707 2364 760 2415 talis
772 2365 848 2416 inten-

61 2434 86 2485 tte
100 2438 183 2489 sufficit
198 2440 227 2491 ad
248 2442 434 2503 sacramentum,
454 2438 521 2504 quia,
539 2438 599 2489 sicut
615 2449 683 2501 supra
703 2436 790 2487 dictum
813 2440 848 2487 est

62 2506 114 2569 (nrt.
127 2510 166 2572 8),
178 2511 286 2562 minister
298 2512 434 2562 sacramenti
447 2510 494 2574 agit
503 2510 527 2561 in
537 2522 633 2575 persona
647 2507 717 2559 totius
730 2508 848 2572 Ecclesia,

63 2579 118 2642 ujus
135 2581 178 2632 tide
195 2584 316 2647 suppletur
328 2582 352 2632 id
365 2583 425 2645 qued
441 2582 505 2635 deest
518 2582 571 2633 fidei
585 2580 689 2631 ministri.

89 2654 118 2703 lt
126 2657 250 2707 secundum
270 2654 405 2718 dicendum,
414 2654 475 2719 qudd
488 2654 645 2705 haereticorum
658 2650 750 2717 qnidam
763 2654 788 2704 in
801 2654 847 2705 ccl-

64 2721 136 2777 itl'mne
148 2730 341 2777 sacramentorum
353 2726 448 2777 termam
461 2726 570 2777 Ecclesia
584 2738 629 2776 neu
642 2728 746 2788 servant3
756 2728 779 2777 et
790 2725 849 2776 iales

66 2805 125 2859 Eque
141 2802 306 2861 sacramentnm
320 2797 523 2863 ccniemntneque
536 2810 584 2849 rem
599 2795 745 2848 sacramenti.
755 2796 850 2855 Quidam

29 2945 30 2950 ’
97 2938 127 3003 ti)
138 2945 248 2993 llicliher
261 2944 412 2993 inscribitur
429 2944 520 2993 cestra
534 2943 629 2991 linerat
643 2939 772 2991 Petiticui.

889 3046 925 3093 Δ
941 3038 944 3093 Ι
