1942 3284
252 210 282 247 ns
298 208 378 247 causa
395 209 614 248 sacmnuurunun.
807 202 837 249 tt

65 284 169 336 sacrmenti
180 289 331 349 consequatur
341 285 381 336 ille
394 286 434 348 qui
446 286 526 350 recipit
536 286 611 351 ipsum
622 286 635 337 'a
646 286 706 338 bono
718 286 834 340 ministro.

63 352 88 403 Sic
96 369 139 419 ergo
152 361 174 407 et
185 358 290 408 minister
304 356 393 421 aliquid
408 361 513 421 operatur
526 359 554 408 ad
566 358 699 409 interiorem
712 360 835 425 edoctum,

63 428 131 477 etnon
148 430 207 479 solus
221 430 292 479 Deus.

26 477 27 570 i
83 502 101 547 t.
122 502 241 564 meteres,
258 499 350 562 dignior
363 503 398 550 est
418 501 486 551 homo
505 502 572 565 quim
593 515 630 552 res
645 502 778 555 inanimata.
793 502 839 555 Sed

26 576 27 588 ¹
60 582 87 619 res
98 570 209 622 mndata
222 571 309 635 aliquid
325 575 432 637 operatur
451 574 479 623 ad
497 573 628 625 interiorem
650 574 770 640 ellectum;
785 590 839 627 nam

59 652 103 703 aqna
111 660 122 690 u
129 656 206 707 corpus
213 644 304 707 tangit,
316 647 340 694 et
352 657 390 694 cor
401 645 481 708 abluit,
492 662 506 693 n
516 650 542 695 ut
550 646 691 709 Augustinus
700 646 753 699 dicit
763 664 839 715 super

61 713 115 761 tona.
127 716 213 778 (Traet.
226 716 311 765 Lllllll
320 714 340 779 ).
359 716 420 779 Ergo
433 717 501 767 homo
515 717 600 781 aliquid
614 722 720 783 operatur
733 720 761 770 ad
775 721 839 773 inte-

61 780 121 833 riorem
133 786 236 838 ellectum
251 787 390 837 sacramenti
396 823 405 849 ‚
417 791 441 837 et
454 801 500 838 non
511 789 572 839 solus
583 789 652 839 Dens.

80 855 116 907 Sed
126 863 199 910 contra
211 864 265 923 est,
282 858 344 921 quod
358 858 442 908 dicitur
456 860 537 919 Rom„
554 860 602 910 Vlll
617 876 623 910 :
641 878 656 909 a
667 862 728 911 lteus
746 864 839 927 estqui

55 924 150 988 institut.
161 947 174 977 n
186 930 246 981 Cirm
257 943 314 993 ergo
324 928 420 979 interior
430 928 524 980 effectus
535 931 636 981 omnium
646 934 840 983 sacramentomm

57 996 221 1064 sitjrstiticatio,
236 1003 330 1051 videtur
345 1000 407 1064 quod
425 1002 486 1052 solus
505 1004 566 1052 Deus
581 1006 686 1066 operetur
705 1003 838 1057 interiorem

57 1069 140 1121 odedum
149 1072 299 1123 sacramenti.

80 1144 232 1202 (Cosmusm.
247 1170 280 1181 -
295 1144 430 1206 Quanquam
443 1145 502 1195 Deus
516 1144 578 1195 solus
593 1149 619 1194 ut
634 1158 705 1207 agens
715 1146 840 1211 principale

57 1212 77 1261 sd
87 1213 205 1267 interiorem
219 1216 330 1267 effectum
343 1214 479 1265 sacramenti
493 1219 606 1280 operetur,
618 1216 794 1269 ministerialiter
802 1222 840 1267 ta-

26 1337 27 1342 *
56 1296 95 1334 nen
104 1288 163 1339 homo
174 1289 203 1338 ad
216 1289 282 1339 idem
300 1286 390 1351 operari
403 1286 506 1350 potest.)

78 1355 198 1422 despondeo
218 1359 363 1420 dicendum,
376 1358 436 1421 quod
450 1358 538 1423 operari
552 1358 650 1423 aliquem
670 1358 774 1409 eflectum
788 1371 842 1409 con·

57 1425 107 1489 tingit
117 1430 231 1495 dupliciter
245 1446 253 1480 t
276 1442 324 1479 uno
337 1430 421 1492 modo,
433 1441 475 1494 per
488 1430 580 1481 modum
591 1430 722 1494 principalis
737 1428 839 1494 agentis3

61 1496 91 1545 dio
103 1504 160 1553 nodo
172 1541 179 1567 ,
191 1516 236 1567 per
247 1502 342 1551 modum
354 1500 508 1553 instrumenti.
523 1502 601 1553 Primo
614 1502 683 1565 igitur
696 1502 762 1552 modo
777 1502 840 1551 solus

62 1564 208 1637 &cooptatur
223 1572 360 1623 interiorem
374 1572 477 1623 ellectum
488 1572 623 1623 sacramenti
633 1588 639 1622 :
648 1577 696 1621 tum
706 1572 759 1636 quia
770 1572 821 1623 solu
831 1586 843 1622 s

63 1636 106 1689 lens
117 1644 208 1695 ilabitur
223 1644 307 1694 anima
329 1644 354 1693 in
366 1657 411 1707 qua
423 1644 562 1695 sacramenti
573 1643 668 1693 effectus
681 1644 775 1707 existit,
790 1656 837 1695 non

60 1715 116 1762 auten
125 1721 198 1779 potest
212 1715 303 1778 ahquid
315 1715 444 1766 immediate
455 1715 544 1779 operari
553 1715 594 1765 uhi
605 1727 651 1765 non
660 1718 709 1777 est;
723 1719 772 1764 tum
782 1714 835 1778 qnia

58 1783 126 1849 mur,
137 1802 186 1851 quae
200 1790 240 1838 est
255 1786 352 1837 interior
364 1786 500 1837 sacramenti
513 1786 623 1847 ellectns,
638 1790 675 1837 est
686 1785 699 1836 l
712 1786 760 1837 solo
777 1788 839 1849 Deo,

57 1857 75 1901 nt
86 1854 105 1904 in
115 1860 208 1910 mcunda
222 1861 292 1924 parte
304 1859 391 1909 dictum
404 1863 441 1909 est
453 1858 494 1922 (1,
505 1862 529 1919 2,
542 1872 582 1922 qu.
596 1862 640 1908 112
648 1895 657 1921 ‚
670 1861 712 1908 art.
726 1858 767 1921 1).
780 1858 840 1907 Cha-

57 1930 112 1976 ricter
121 1931 194 1991 etiam,
204 1930 248 1994 qni
259 1932 296 1980 est
306 1929 400 1980 interior
410 1930 559 1993 quorumdam
569 1932 761 1981 sacramentorum
772 1928 842 1980 effec-

57 1998 96 2058 tus,
106 2006 138 2051 cst
147 2003 219 2053 uirtus
230 2001 433 2063 instrumentalis,
445 2015 496 2066 quae
508 2003 585 2051 manat
596 2000 609 2051 a
620 2000 740 2065 principali
750 2004 840 2065 agente,

56 2070 102 2144 qnod
113 2076 145 2122 est
156 2076 226 2125 Dens.
239 2073 349 2123 Secundo
363 2075 440 2123 autem
453 2074 521 2124 modo
541 2074 610 2123 horno
624 2076 700 2137 potest
714 2070 803 2137 operari
813 2074 842 2125 ad

56 2141 165 2194 intedorem
177 2144 294 2196 ellectum
306 2144 450 2205 sacramenti,
460 2142 486 2194 iu
503 2148 613 2207 quantum
623 2147 730 2208 operatur
739 2157 781 2209 per
795 2158 843 2195 mu·

55 2210 96 2261 dnn
110 2217 217 2279 ministri3
233 2230 289 2266 nam
308 2216 388 2265 eadem
400 2216 459 2267 ratio
476 2223 512 2267 est
525 2216 622 2265 ministri
636 2218 659 2265 et
679 2214 841 2279 iustrumenti3

55 2283 152 2356 utriusque
167 2290 230 2338 enim
248 2286 309 2337 actio
319 2285 420 2336 esteriirs
433 2287 561 2348 exhibetur,
577 2288 616 2337 sed
630 2289 724 2337 sortitur
737 2286 843 2337 ellectum

57 2354 168 2408 tuendum
179 2372 209 2409 ex
220 2358 312 2408 uirtute
325 2357 455 2423 principalis
470 2358 559 2423 agentis
570 2397 577 2421 ,
590 2358 650 2421 quod
665 2360 699 2407 est
712 2357 779 2408 Dens.

80 2427 106 2475 ld
115 2429 212 2492 primum
225 2442 284 2492 ergo
300 2428 434 2491 dicendum,
445 2430 506 2493 quod
516 2428 633 2493 purgatio,
642 2427 767 2479 secundlrm
781 2428 842 2492 qndd

57 2495 167 2550 cornuum
179 2499 299 2551 ministris
307 2498 430 2563 Ecclesiae,
441 2514 489 2553 non
500 2506 534 2553 est
546 2500 559 2550 a
569 2503 675 2564 peccatoq
686 2502 725 2551 sed
735 2500 842 2551 dicuntur

59 2564 127 2619 tumui
139 2586 256 2636 purgare,
273 2570 300 2619 iri
321 2572 428 2631 quantum
440 2573 477 2621 rel
497 2571 626 2622 immundos
646 2570 766 2634 ejiciunti
781 2574 841 2621 emin

59 2633 154 2705 melum,
172 2643 211 2694 rel
225 2656 269 2693 eos
289 2638 362 2689 sacris
379 2642 569 2695 admonitionibus
589 2642 711 2707 disponunt
724 2643 752 2692 ad
765 2654 844 2692 sacra-

58 2716 165 2763 nudorum
178 2712 356 2777 receptionem.
368 2707 473 2764 Similiter
484 2715 554 2766 etiam
572 2715 701 2765 sacerdotes
714 2712 844 2763 illuminare

26 2773 28 2834 l
62 2777 145 2832 licuntur
158 2799 249 2836 sacrum
263 2780 396 2847 populum,
414 2798 458 2835 nou
477 2787 569 2850 quidem
583 2785 676 2850 gratiam
694 2783 845 2845 infundendo,

61 2851 96 2971 ᾗ
106 2860 242 2908 ammenta
263 2850 355 2918 gratiae
373 2854 493 2922 tradendo,
510 2862 536 2907 ut
561 2860 625 2921 patet
645 2868 686 2920 per
708 2852 843 2915 llionpsium

26 2925 28 3024 p
96 2936 134 2975 em.
