1942 3284
326 212 357 249 nn
372 208 546 249 sinnsmsms.
821 204 835 251 t

86 278 179 356 signnm»
192 287 213 336 et
221 287 262 336 hoc
271 285 338 336 etiam
348 287 438 337 videtur
450 300 479 337 ex
488 288 620 339 auctoritate
634 288 756 351 Augustini
767 289 835 354 snpra

84 352 148 403 mum
161 355 192 418 tin
204 362 244 407 ant.
261 359 366 422 praeced„
380 372 468 422 argum.
482 359 533 409 Sed
548 363 634 410 contro
644 363 664 422 ).
678 360 736 425 Engo
744 362 834 412 videtur

83 422 124 485 qnod
132 440 185 478 omne
193 429 276 494 signnm
286 429 319 480 cei
331 444 399 481 sacrm
410 431 440 481 sit
451 436 623 482 sacramentum.

102 497 234 559 (Conmnsm.
244 530 275 540 -
286 502 341 553 Cim
357 504 422 567 signa
436 504 526 569 proprie
542 504 671 557 hominihus
684 506 774 569 dentur,
788 518 835 556 non

80 570 149 629 moins
159 574 188 623 rei
199 588 265 625 saonae
278 576 366 639 signnm
380 580 545 627 sacramentnm
556 579 604 638 est,
622 578 661 627 sed
676 578 731 628 illud
747 577 835 629 tantim

79 642 120 701 omi
128 643 203 707 sigum
214 650 248 697 est
258 647 291 697 rei
303 660 370 697 sacnae
379 652 492 711 qnatenus
502 648 606 701 immines
620 649 753 701 sanctificat.
763 650 771 713 )

100 712 208 778 Respondes
214 718 349 780 dicendum,
360 718 420 783 quon
431 719 495 783 signa
506 720 594 785 proprie
607 721 687 771 dantur
696 721 834 784 hominihus,

79 796 147 860 ommni
157 793 186 838 eet
196 802 235 853 pen
247 794 302 841 nota
317 792 345 841 ad
358 791 436 853 ignota
448 791 576 855 pervenire.
589 792 618 843 Et
630 792 681 843 ideo
693 791 784 856 propnit
798 792 834 843 di-

77 857 119 904 mn
128 864 287 923 sacramentnm,
304 862 364 925 qnod
376 865 411 913 est
420 862 509 926 signnm
524 863 619 927 alicujus
632 864 664 913 rei
678 876 746 914 sacrm
756 864 782 913 ad
793 864 833 917 ho·

78 926 129 979 mnes
138 933 273 995 pertinentis,
288 938 315 983 ut
330 934 418 985 scilieet
431 934 521 999 proprie
535 934 622 985 dicatur
639 938 834 994 sacramentum,

76 1002 169 1053 tostin
178 1004 233 1068 quod
243 1019 306 1056 nnnc
316 1006 343 1056 de
355 1006 503 1057 sacramentis
515 1006 640 1069 loquimur,
654 1008 714 1070 qnod
724 1009 759 1057 est
773 1022 787 1055 n
801 1008 834 1057 si·

76 1083 125 1131 gnnm
137 1076 165 1126 roi
178 1091 260 1140 sacrm,
275 1077 300 1127 in
315 1082 423 1142 qnantum
432 1084 467 1130 est
479 1078 623 1130 sanctitioans
635 1080 747 1129 homines.
758 1096 772 1125 n

96 1144 216 1209 tdpninmm
229 1164 286 1214 ergo
299 1150 434 1212 dicendum,
447 1150 506 1214 quod
517 1154 624 1202 creatura
636 1151 753 1201 sensibiles
764 1150 837 1215 signi·

76 1212 122 1265 tant
134 1219 208 1284 ahquid
223 1236 330 1284 sacrum,
347 1221 432 1273 scilicet
448 1221 581 1287 sapientiam
597 1225 619 1272 et
637 1222 760 1273 honitatem
774 1222 837 1273 dini-

76 1290 149 1349 ttn,in
157 1299 262 1356 qnantum
276 1298 332 1344 sunt
343 1294 367 1344 in
376 1293 458 1359 seipsis
466 1306 544 1357 sacra,
555 1298 685 1345 nouantem
695 1295 837 1359 inquantum

74 1367 102 1405 ms
113 1375 145 1423 per
159 1378 186 1415 ea
205 1367 382 1417 sanctificamur.
400 1367 429 1415 iit
443 1366 495 1416 ideo
512 1378 558 1416 non
578 1370 674 1430 possunt
687 1365 731 1417 dici
750 1380 837 1415 caera*

76 1436 143 1492 nentc,
155 1438 276 1490 secontiam
287 1436 351 1501 quon
360 1450 420 1487 nuno
431 1437 545 1500 loquimur
553 1438 580 1489 de
590 1439 751 1499 sacramentis3
761 1442 786 1486 nt
796 1450 838 1488 neo

76 1514 230 1561 «ammentum
242 1512 362 1561 stellarum
375 1514 472 1574 septem,
484 1526 498 1557 n
514 1508 625 1573 Apoccl„
636 1511 660 1571 i,
672 1508 733 1574 quod
745 1508 838 1560 Richar-

79 1569 274 1646 tomentacia,
289 1582 332 1631 lib.
345 1583 365 1632 1.
374 1596 450 1645 super
462 1582 549 1645 Apoo„
564 1581 664 1645 capii,
681 1597 694 1629 n
702 1580 791 1645 signum
804 1578 839 1631 nei

77 1654 135 1700 tte»
146 1655 250 1717 appellat.

93 1720 116 1769 td
125 1727 239 1777 secundnm
252 1725 394 1788 dicendum,
406 1724 616 1789 quenquennium
631 1727 697 1775 vetus
708 1724 839 1775 Testamen-

74 1788 240 1857 impertinentia
254 1796 417 1862 significabant
436 1796 576 1847 sanctitatem
598 1796 697 1861 Christi,
715 1794 839 1847 secontiam

73 1861 111 1920 pii
121 1866 169 1919 inse
178 1876 271 1921 sanctus
282 1872 331 1921 est.
347 1869 454 1926 Quaedam
463 1867 518 1920 vero
531 1868 687 1931 significabant
697 1867 839 1919 sanctitatem

73 1933 237 2004 eittinqnnntnm
246 1957 291 2009 per
300 1954 333 1993 ea
343 1954 386 1992 nos
396 1941 571 2003 sanctificamur,
582 1941 641 1993 siout
654 1940 776 1993 immolatio
787 1940 840 2003 agni

72 2011 153 2066 mainis
168 2017 315 2081 significabat
339 2013 517 2079 immolationem
535 2014 631 2077 christi,
643 2026 687 2076 qna
706 2012 840 2065 sanctificati

73 2089 136 2147 nnm3
148 2092 169 2138 et
182 2090 237 2140 tatia
252 2088 366 2138 dicuntur
377 2085 467 2149 pmpnie
479 2086 562 2137 veteris
575 2086 631 2149 legis
645 2088 791 2135 sacramenta.

89 2154 112 2204 id
120 2160 201 2212 tertium
212 2161 357 2216 dicendum,
373 2157 433 2220 quon
444 2172 481 2209 nes
494 2158 650 2209 denominatur
663 2157 730 2207 atine
746 2160 769 2207 et
779 2170 840 2207 com-

72 2223 302 2301 iltnento.'itispositio
318 2235 398 2282 antem
413 2242 459 2280 non
473 2234 509 2281 est
521 2230 573 2281 finis
589 2243 663 2293 neque
675 2229 794 2293 perfectio.
811 2229 840 2281 iit

72 2295 101 2346 tm
112 2316 154 2365 qaae
168 2308 301 2371 significant
319 2302 496 2365 dispositionem
517 2303 546 2351 ad
566 2302 724 2363 sanctitatem,
740 2314 787 2353 non
804 2301 839 2351 di-

75 2375 123 2423 mim
133 2385 269 2431 mmamenta
289 2381 298 2441 t
303 2378 335 2427 de
350 2374 436 2439 quibos
452 2373 555 2438 procedit
574 2374 699 2436 objectio),
712 2374 751 2423 sed
769 2371 841 2424 sotim

75 2447 130 2506 ttosan
143 2451 270 2515 significant
288 2444 460 2514 perfectionem
478 2444 604 2495 sanctitatis
615 2446 728 2494 humanm.
