1942 3284
169 165 200 200 nn
216 164 246 199 us
261 164 302 209 our
320 165 425 203 rossum
442 166 616 203 mundesariis
631 165 729 203 uacuus.
804 156 845 201 77⁴1

341 346 502 399 laureolos
520 349 557 399 lv.

43 471 137 517 Uirium
155 472 209 525 itte,
221 474 263 528 qui
279 476 313 516 eet
328 474 355 517 ire
367 478 461 590 peejudo
474 475 584 526 marioli,
596 476 668 529 porussi!
686 474 849 531 indurioeutiuu

415 548 491 580 acere.

71 662 108 712 ud
131 664 238 725 quntum
252 661 285 711 sie
303 660 441 724 proceditur.
457 660 553 711 Videtur
566 660 625 725 qudd
644 661 698 723 ille,
709 664 749 727 qui
767 668 803 714 est
821 664 845 715 iu

38 735 140 799 peceato
153 732 253 794 mortali,
264 745 311 783 dou
320 732 392 796 posuit
403 732 478 783 faeere
490 732 650 795 indulgentias.
662 734 719 794 Quia
731 735 794 787 riuus
808 737 850 787 eui

39 806 97 856 lons
112 819 162 856 nun
175 804 264 866 influit,
278 804 336 854 nihil
354 805 467 867 profluere
484 806 568 866 polest.
582 804 626 855 Sed
644 806 740 857 Prolato
757 807 782 857 iu
794 821 848 870 pec-

40 881 93 927 eato
107 875 201 927 mortali
212 874 321 927 existenti
330 888 377 926 nou
387 874 464 924 induit
477 874 530 927 lons
542 874 632 938 gratie,
644 876 735 927 scilieet
750 879 848 945 Spiritris

40 948 130 998 saneti.
148 948 209 1009 Ergo
226 959 273 997 non
285 948 362 1011 potest
373 945 398 997 in
411 945 468 996 alios
481 948 594 1009 proluere
606 946 709 1001 laniendo
722 948 848 1013 indulgeu-

40 1019 97 1071 tias.

75 1094 101 1138 a.
116 1091 241 1151 Praeterea,
253 1087 329 1153 majus
341 1091 378 1139 est
388 1089 464 1138 lacere
474 1086 650 1151 indulgentiam,
660 1088 727 1152 quen
736 1090 848 1153 recipere.

42 1160 88 1211 Sed
109 1160 166 1222 ille‚
180 1160 221 1224 qui
236 1163 272 1211 est
285 1160 309 1209 iu
320 1163 414 1225 peceato
427 1158 533 1222 mortali,
549 1172 595 1210 non
607 1160 704 1224 recipit,
718 1163 745 1211 ut
758 1160 847 1213 dieitur.

41 1232 102 1296 Ergo
118 1244 166 1283 nee
178 1230 253 1281 iacere
263 1235 349 1294 potest.

73 1302 123 1353 Sed
142 1305 221 1353 eontra
236 1317 242 1352 :
258 1301 407 1366 indulgentie
417 1302 476 1352 dunt
489 1316 531 1365 per
545 1306 681 1367 potestatem
693 1303 794 1354 Prelatis
805 1304 849 1353 Eo-

41 1372 121 1423 elesiae
139 1372 255 1423 traditam.
271 1373 315 1423 sed
328 1378 444 1437 peecatum
458 1374 553 1425 mortale
568 1388 613 1425 uon
627 1374 687 1427 tollit
701 1378 846 1440 potestatem,

43 1444 84 1493 sed
101 1442 238 1494 bonitatem.
246 1444 305 1507 Ergo
316 1447 394 1507 potest
405 1444 488 1509 aliquis
499 1444 523 1494 iu
533 1450 627 1509 peceato
637 1446 726 1497 mortali
736 1444 848 1509 existens

41 1515 201 1579 indulgentias
218 1516 303 1566 iacere.

74 1585 352 1649 (concussio-Cum
369 1599 411 1650 per
433 1590 554 1649 peceatum
573 1585 758 1652 jurisdictionem
778 1590 848 1639 homo

44 1670 92 1707 non
105 1656 219 1721 amittat,
232 1662 309 1721 potest
322 1657 431 1710 Predatus
443 1656 469 1707 in
481 1663 577 1722 poenulo
591 1659 683 1709 mortali
696 1658 800 1710 existens
809 1659 849 1709 in-

43 1729 178 1792 dulgentias
193 1729 298 1793 faeere.)

75 1801 216 1865 Respondeo
227 1801 362 1862 dicendum,
375 1800 436 1865 quod
455 1800 531 1853 faeere
544 1799 700 1864 indulgentias
712 1799 813 1865 pertinet
822 1802 851 1852 ad

44 1871 247 1935 jnrisdictionem3
260 1873 300 1922 sed
311 1885 354 1936 per
365 1876 485 1936 peceatum
498 1873 568 1925 homo
581 1884 627 1923 nun
646 1870 732 1922 amittit
742 1872 850 1935 jurisdic-

45 1943 148 2007 tiouem;
162 1947 186 1995 et
201 1943 254 1995 ideo
266 1943 413 2008 indulgentie
430 1943 495 2007 eque
514 1944 606 2007 nalem,
620 1943 641 1995 si
656 1943 712 1994 liant
725 1943 753 1993 ab
766 1955 794 1993 eo
808 1944 847 2007 qui

45 2018 82 2064 est
94 2015 120 2065 iu
131 2018 226 2079 peceato
239 2016 329 2067 mortali
336 2052 346 2079 ‚
360 2016 419 2067 sieut
431 2015 452 2067 si
462 2016 545 2067 flerent
554 2016 582 2067 ab
596 2028 632 2079 oo,
644 2015 683 2077 uui
696 2017 733 2066 est
751 2013 849 2065 sanetis·

47 2083 139 2149 simus;
153 2084 205 2136 edm
218 2100 266 2137 non
285 2087 387 2138 remittat
403 2101 496 2151 ponam
508 2102 538 2139 ex
559 2088 584 2137 ui
599 2086 730 2139 meritorum
744 2099 849 2149 suorum,

48 2158 89 2207 sed
104 2170 135 2209 ex
148 2156 172 2206 vi
185 2158 319 2209 meritorum
334 2159 503 2210 reconditorum
516 2160 541 2209 iu
558 2157 672 2208 thesauris
693 2156 810 2208 lloelesiae.

77 2229 115 2281 ud
127 2228 226 2293 primum
239 2242 296 2293 ergo
309 2229 445 2292 dicendum,
463 2230 525 2295 qudd
537 2230 580 2283 isle
595 2228 705 2281 Praelatus
718 2228 744 2280 iu
756 2232 851 2292 peceato

49 2299 143 2351 mortali
158 2300 313 2364 indulgentias
328 2301 430 2363 iaciens,
448 2314 496 2353 non
509 2300 602 2366 profluit
612 2299 640 2350 de
654 2312 696 2351 suo
710 2298 813 2364 aliquid3
827 2304 851 2349 el

48 2369 100 2421 ideo
112 2384 160 2423 non
176 2371 300 2435 requiritur
316 2372 378 2435 quod
395 2372 508 2423 inlusum
526 2371 623 2437 resipiat
641 2370 655 2422 a
671 2371 751 2433 sonte,
765 2370 794 2421 ud
808 2371 851 2421 hoe

48 2438 108 2504 qudd
121 2443 173 2505 ejus
185 2441 334 2507 indulgentie
344 2444 443 2493 valeam.

79 2513 115 2563 ad
129 2514 254 2564 secuudum
270 2513 409 2574 dicendum,
419 2513 481 2577 quod
496 2515 569 2576 maius
584 2518 620 2565 est
635 2511 711 2565 idoare
724 2512 849 2575 indulgeu-

48 2580 107 2644 dus,
118 2582 189 2647 quam
201 2584 318 2648 recipere,
333 2581 444 2648 quarum
459 2585 489 2635 ad
506 2588 655 2651 potestatem
673 2584 712 2635 sed
729 2586 765 2635 est
776 2583 852 2633 miuus

47 2653 159 2715 ‹ruautiruu
175 2654 203 2705 ed
215 2656 330 2719 propriam
344 2655 477 2708 utilitatem.
