1942 3284
121 166 167 213 aet
275 174 471 224 surrnnamrnnu,
488 172 584 218 consu.
601 172 668 223 urs,
682 172 735 209 nr.
748 173 766 209 ι.

120 251 220 303 solvere.
235 248 259 300 Si
271 252 346 298 autem
359 248 389 299 sit
402 248 485 312 major,
497 251 536 298 aut
549 250 589 297 est
607 246 654 297 lata
666 246 681 297 l
691 247 779 311 judice,
792 250 817 297 et
833 246 865 297 sie
874 246 911 299 lte
961 260 962 271 ¹

119 324 162 387 qni
175 322 241 383 tulit,
256 321 294 370 uel
310 320 361 382 ejus
380 319 484 383 superior
496 322 571 383 potest
591 318 708 369 absoluere
725 318 780 368 :sel
792 323 828 369 est
844 316 908 369 utet

118 394 182 459 jore,
190 396 214 442 et
226 396 281 442 tunc
293 392 427 455 episcopus,
441 390 558 441 ueletiam
570 390 693 450 sacerdos,
707 391 782 453 potest
795 388 912 452 absoluere,

122 463 224 528 exceptis
237 476 278 513 sex
293 461 397 525 casibus,
415 474 472 525 quos
490 460 534 511 sibi
551 460 611 524 juris
631 460 747 524 eonditor,
762 460 849 511 scilieet
861 461 911 525 Pipa

121 536 256 587 reservavit.
269 534 361 583 Primus
378 537 428 596 est,
438 534 529 596 quando
539 531 621 595 aliquis
634 532 710 595 injicit
726 544 811 583 manos
823 532 850 581 in
861 530 915 582 dai-

122 622 183 670 enm,
197 606 235 657 vel
247 606 272 656 iu
282 605 423 669 religiosum.
438 605 558 656 Secundus
570 608 607 655 est
621 605 649 654 de
663 604 716 667 illo,
730 605 772 667 qui
784 604 915 668 trangitla·

122 678 232 739 olesiam,
245 681 268 727 et
289 679 325 726 est
339 676 496 727 denuntiatus.
510 675 600 726 lortius
613 679 649 726 est
662 676 690 726 de
703 675 760 735 illo,
775 674 818 739 qni
832 676 920 726 numm
957 709 958 720 ,

122 746 264 810 Emissiam,
278 750 302 799 et
316 746 463 798 denuntiatus
475 750 520 797 est.
532 747 632 805 Quartus
645 752 680 797 est
691 747 720 797 de
730 746 786 807 illo,
803 747 849 810 qni
858 746 882 797 ir
890 746 919 795 di-

122 820 183 871 sinis
191 820 290 870 scienter
298 818 452 870 communicat
460 817 666 869 excommunicatis
680 818 831 869 nominaliter
840 818 853 867 l
861 820 918 881 Papa

121 892 238 951 Quintus,
251 892 280 942 de
289 891 329 941 illo
338 890 379 954 qui
392 889 497 940 talsitieat
507 888 596 940 litteras
606 889 740 953 apostolicae
752 890 829 941 sedis.
841 890 919 949 &uus

124 965 153 1015 de
165 964 206 1016 illo
218 964 258 1029 qui
271 962 472 1015 excommunicatis
482 963 509 1012 in
522 960 617 1013 erimine
631 961 798 1012 communicat.
813 960 922 1013 Nors‘n

125 1036 195 1087 debet
215 1032 378 1099 obsolui‚uisi
392 1034 462 1084 abeo
479 1032 520 1098 qui
539 1030 764 1095 excommunicarit,
781 1032 872 1084 etiamsi
885 1043 922 1083 a·

124 1107 157 1159 sit
169 1107 221 1171 ejus
239 1106 344 1156 subditus
359 1104 425 1155 :nisi
437 1108 530 1168 propter
543 1104 699 1157 difficultatem
716 1104 848 1155 accedendi
860 1102 924 1166 adip

126 1192 191 1239 sum,
204 1178 363 1228 absolveretur
377 1174 542 1241 abepiscopo,
556 1176 593 1225 vel
604 1174 618 1226 a
629 1176 749 1226 sacerdote
766 1176 865 1240 proprio
874 1188 924 1240 pre·

126 1250 183 1300 stita
196 1248 305 1313 juratoria
321 1247 440 1309 cautione,
457 1246 519 1310 qubd
533 1247 622 1311 parebit
634 1247 742 1297 mandato
758 1246 825 1297 illins
843 1245 925 1312 ludim.

125 1321 168 1385 qni
180 1320 317 1372 senteutiam
335 1318 396 1369 tulit.
411 1320 431 1368 ll
447 1318 521 1383 primo
539 1322 616 1369 autem
635 1331 690 1367 casu
710 1323 765 1369 octo
780 1318 927 1383 excipiuntur.

125 1392 217 1442 Primus
229 1394 264 1441 est
273 1391 298 1440 iu
309 1390 404 1441 arficulo
415 1390 510 1452 mortis,
521 1390 545 1440 in
555 1388 734 1454 quotquotlibet
744 1387 928 1441 excommunica-

125 1462 188 1514 tione
204 1464 282 1527 potest
291 1461 343 1526 quis
354 1461 368 1511 d
378 1462 481 1527 quolibet
490 1462 608 1521 sacerdote
622 1460 720 1511 absolvi.
736 1460 929 1521 Secundussisit

126 1534 234 1587 ostiarius
248 1532 345 1594 alicujus
358 1534 473 1598 potentis,
482 1538 506 1585 et
522 1546 568 1584 non
585 1546 614 1583 ex
629 1534 682 1584 odio
698 1533 737 1583 vel
751 1534 879 1599 proposito
890 1544 929 1597 pa·

127 1606 209 1658 cessit.
224 1605 324 1667 Tertius,
335 1606 356 1655 si
364 1604 494 1670 percutiens
504 1604 532 1655 sit
544 1604 633 1655 mulier.
641 1605 752 1668 Quartus,
768 1603 793 1655 si
807 1605 841 1656 sit
854 1616 927 1663 essm,

125 1682 151 1731 ot
162 1678 270 1730 dominus
284 1678 404 1729 laederetur
416 1678 444 1728 de
457 1679 509 1741 eius
519 1677 639 1739 absentia,
653 1677 694 1742 qui
707 1690 757 1728 non
772 1682 816 1729 est
830 1678 858 1728 iu
868 1676 928 1739 niet

127 1749 242 1812 Quintus,
259 1749 280 1800 si
297 1747 407 1813 regularis
428 1749 556 1812 regularem
575 1747 699 1812 percutiat,
713 1748 763 1799 nisi
784 1748 821 1799 sit
843 1744 928 1800 m

126 1832 247 1871 excessus.
260 1820 359 1882 Sextus,
370 1818 390 1869 si
400 1819 432 1869 sit
441 1832 537 1884 pauper.
547 1819 674 1885 Septimus,
685 1819 705 1869 si
716 1819 750 1869 sit
764 1818 892 1883 inpubes,
903 1814 929 1865 rrl

128 1890 259 1952 sene1,vel
271 1888 459 1940 valetudinarius.
470 1892 581 1953 Octavus,
594 1891 614 1941 si
627 1890 712 1941 babeat
724 1890 872 1941 inimicitias
883 1888 931 1953 οφ)

126 1960 195 2011 tetes.
214 1960 272 2009 Sunt
294 1960 362 2009 etiam
379 1960 420 2009 alii
440 1964 528 2025 septem
554 1974 634 2024 casus,
652 1961 780 2025 inquibus
809 1962 931 2026 perentam

124 2029 251 2093 clericum,
263 2032 521 2083 exmmmunieationem
538 2044 585 2083 non
599 2033 705 2084 incurrit.
721 2032 824 2097 Primb,
843 2034 933 2084 εὶαιι

126 2100 266 2164 discipline,
276 2105 301 2151 ut
317 2102 425 2165 magister
436 2104 474 2155 vel
490 2104 774 2168 prelatus,perensserit.
790 2101 933 2167 secundos

124 2170 211 2235 jocosa
221 2172 325 2223 levitate.
336 2172 422 2238 Tertid,
435 2175 455 2225 si
466 2175 582 2226 invenerit
589 2188 642 2226 eum
652 2176 750 2241 turpiter
763 2182 881 2241 amntem
890 2186 932 2225 om

127 2242 255 2303 exereret
269 2248 351 2306 matre,
365 2245 403 2295 vel
415 2258 508 2308 sorore,
523 2246 560 2297 rel
575 2247 630 2297 tilia.
645 2246 728 2307 Quartb
740 2285 748 2311 ,
767 2248 789 2298 si
802 2248 885 2298 statim
895 2247 932 2296 rin

128 2314 155 2363 si
166 2313 272 2377 repellat.
290 2314 393 2377 Quintd,
408 2316 429 2366 si
443 2316 532 2378 ignoret
545 2332 600 2369 eom
613 2332 664 2371 esse
677 2318 798 2369 clericum.
817 2316 931 2379 sertem*

127 2384 232 2436 inueniat
250 2397 303 2435 eum
324 2386 349 2435 in
370 2388 485 2451 apostasia
502 2392 553 2453 post
570 2390 654 2439 tunam
670 2389 869 2441 admonitionem.
885 2392 932 2454 Sap

128 2456 196 2517 timb,
214 2456 235 2506 si
248 2458 370 2507 transierat
390 2472 416 2508 se
430 2458 527 2511 clericus
540 2461 569 2511 ad
585 2464 660 2511 aetum
673 2460 770 2525 penitius
782 2462 932 2523 conbanem,

128 2531 155 2580 ut
170 2527 192 2579 si
210 2528 250 2579 liat
264 2526 328 2578 miles
343 2528 381 2579 vel
394 2530 423 2579 ad
435 2529 557 2594 bigamiam
569 2534 678 2583 transeut.

160 2600 195 2650 dd
211 2599 311 2663 primum
328 2613 382 2663 ergo
396 2600 516 2651 dicendum
528 2638 535 2663 ,
548 2602 610 2667 qubd
628 2602 732 2667 quamvis
744 2602 870 2653 vinculum
886 2618 933 2669 pee-

127 2670 175 2723 enti
196 2670 227 2720 sit
240 2671 317 2735 majus
335 2672 478 2737 simpliciter,
497 2672 566 2738 quim
582 2674 847 2739 excommonicationis,
861 2680 935 2728 one

128 2741 204 2804 quoad
224 2742 324 2805 ahquid,
342 2742 459 2792 uinculum
481 2746 726 2797 excommunicationis
746 2749 783 2796 est
802 2747 935 2811 maium

126 2815 240 2873 mutum
255 2826 301 2863 non
317 2814 391 2865 solun
402 2812 488 2878 obligat
506 2817 582 2880 quoad
599 2818 682 2881 boum,
701 2815 827 2868 sedetiam
840 2818 865 2867 ir
876 2817 932 2869 tam

121 2878 246 2935 Recede.
260 2886 290 2935 Et
302 2886 355 2937 ideo
367 2884 392 2936 ia
404 2886 543 2939 absolvendo
558 2889 586 2939 ab
598 2888 838 2941 excommunicemus
858 2889 932 2955 requi-
