1942 3284
124 177 171 226 8¹1⁰
257 185 458 234 surrususnrmr,
473 184 568 230 oossr.
585 185 671 235 xxm,
688 184 747 223 err.
763 186 801 222 rr.

124 263 242 330 iniquitati
259 263 341 314 dehita.
357 263 386 313 Et
394 262 448 313 ideo
461 264 526 327 patet
538 260 599 324 quod
618 259 740 324 illegitime
754 260 807 310 uati
819 273 867 312 nou
879 275 924 328 por-

124 340 175 389 tsut
191 335 334 399 iniquitatem
346 333 416 398 patris
429 347 458 384 ex
469 335 514 385 hoc
526 331 586 396 quod
599 331 739 394 irregulares
753 335 819 383 sunt.

157 408 192 458 nd
202 407 325 457 secundnm
338 404 472 468 dicendum,
487 403 548 468 quod
561 416 588 454 eu
601 415 653 466 quse
666 415 707 466 per
721 409 802 452 ectum
814 404 929 468 proprium

125 479 311 541 committuntur,
326 481 420 540 possunt
433 490 473 541 per
487 473 644 540 penitentiam
656 476 682 523 et
694 476 772 523 cetum
788 476 927 525 contrarium

125 549 226 612 aboleri,
238 561 283 599 uon
298 553 373 598 nutem
387 560 415 598 es
426 561 476 612 que
490 560 520 598 ex
536 548 618 596 natura
631 548 697 595 sunt.
710 544 742 595 ec
758 546 814 597 ideo
828 559 877 597 nou
895 551 930 597 est

125 620 201 672 simile
219 621 247 672 de
264 618 348 669 vitioso
365 623 418 669 ectu
436 621 460 669 et
479 618 507 668 de
523 615 608 667 uitiosa
628 615 729 679 origine.

413 794 578 845 nectendus
591 794 630 843 vt.

183 925 269 970 Utrum
286 927 381 981 propter
390 922 680 1040 desectumpndpembrorem
695 921 779 967 dederet
791 923 886 980 aliquis

467 997 501 1028 cm
546 996 586 1028 ιη.

157 1118 191 1170 nd
205 1122 293 1169 sextum
310 1116 343 1168 sie
357 1114 499 1180 proceditur.
514 1113 608 1163 Videtur
621 1112 684 1177 quod
702 1119 803 1179 propter
818 1117 935 1169 defectum

123 1189 276 1242 membrorum
290 1202 337 1241 nou
355 1188 436 1239 debeat
449 1185 531 1250 uliquis
543 1184 657 1249 impediri.
672 1185 732 1244 Quis
748 1202 763 1232 o
775 1187 880 1240 stoicem
890 1203 934 1240 nou

126 1261 194 1313 debet
212 1262 264 1312 eddi
277 1261 369 1312 afflicto.
383 1275 398 1307 n
413 1260 472 1322 Ergo
494 1269 541 1307 non
558 1256 625 1308 debet
643 1257 732 1322 priusri
748 1259 842 1311 ordinis
864 1263 935 1325 pedu

126 1335 220 1397 propter
232 1344 322 1396 poenum
337 1330 462 1394 corporalis
475 1329 586 1380 deiectus.

157 1406 180 1451 s.
196 1403 323 1464 Praeterea,
338 1402 390 1465 plus
402 1400 503 1464 exigitur
512 1400 544 1451 sd
554 1404 629 1450 sctum
642 1399 732 1451 ordinis
745 1403 877 1466 integritas
885 1403 933 1453 dis·

124 1472 231 1524 cretionis
243 1473 310 1537 quim
321 1471 559 1537 integritnscorporis.
575 1471 620 1521 Sed
634 1470 704 1534 aliqui
713 1478 821 1536 possunt
838 1487 934 1538 promo·

124 1543 175 1596 ueri
187 1548 240 1596 ente
250 1557 321 1596 annos
336 1543 490 1594 discretionis.
502 1543 561 1606 Ergo
576 1546 600 1592 et
614 1555 666 1591 cnm
677 1543 782 1612 eorporis
797 1545 902 1595 detector.

157 1615 202 1668 Sed
219 1621 296 1668 contra
310 1631 316 1665 :
335 1615 402 1665 Tales
414 1611 613 1678 pronioeonntmt
624 1612 751 1664 minsterio
765 1617 861 1667 veteris
877 1616 931 1678 oms

123 1686 311 1752 (Leuit.,XX1).
325 1687 385 1749 Ergo
399 1684 470 1736 mutto
484 1683 565 1735 fortiis
577 1684 661 1735 debent
678 1683 703 1734 in
720 1695 783 1735 noua
805 1686 860 1752 tege
880 1700 932 1752 pro·

123 1756 207 1810 hiberi.
221 1760 253 1808 De
271 1757 369 1824 bigamis
383 1756 436 1807 uero
449 1756 537 1806 dicetur
550 1756 574 1805 in
584 1757 682 1806 tractatu
693 1756 721 1806 de
733 1758 899 1811 matrimonio.

163 1828 322 1891 (Concessio.
331 1853 361 1866 -
372 1827 470 1878 Mutitsti
480 1826 557 1890 aliquo
570 1826 673 1876 membro
687 1827 803 1879 notabitis
815 1830 933 1893 intruis,

126 1900 164 1951 uel
177 1902 238 1964 quod
248 1899 334 1952 ordinis
345 1899 504 1951 executionem
514 1898 630 1962 impediat,
643 1901 750 1948 mcentur
760 1898 774 1949 d
786 1902 865 1952 saeris
876 1901 934 1953 ordi-

126 1969 224 2035 mous.)

157 2042 292 2106 Respondes
306 2041 442 2104 dicendum,
455 2041 517 2104 quod
528 2040 604 2104 (sicut
616 2053 646 2090 ex
662 2039 731 2091 dietis
745 2044 838 2105 patet)
852 2045 936 2109 aliquis

125 2109 224 2162 efficitur
235 2113 327 2178 ineptus
339 2113 368 2162 sd
381 2113 549 2176 susceptionem
562 2110 679 2176 ordinum,
694 2111 732 2162 ret
744 2119 848 2177 propter
859 2115 936 2181 iuspe-

125 2181 251 2233 dimentum
261 2185 332 2249 cctds,
341 2184 377 2235 uei
387 2188 479 2248 propter
488 2183 675 2248 impedimentum
690 2183 804 2236 deducis
816 2201 935 2251 persons.

125 2253 156 2305 ut
169 2253 219 2305 ideo
232 2257 347 2318 patientes
358 2256 470 2308 deiectum
484 2255 625 2306 immemoris
638 2253 801 2318 impediuntur
812 2257 829 2308 d
842 2273 938 2322 suscep

125 2325 188 2377 tione
202 2325 302 2388 ordinis,
318 2326 339 2376 si
351 2327 381 2378 sit
392 2327 445 2376 totis
458 2326 561 2376 deiectus
572 2325 612 2389 qui
622 2325 737 2376 maculam
749 2329 886 2380 notabilem
896 2332 936 2380 iu·

123 2396 198 2456 ierat,
214 2409 255 2460 per
275 2409 343 2458 quem
365 2398 498 2448 obscuretur
514 2409 619 2460 persone
636 2397 731 2446 duritas
754 2399 799 2461 (ut
823 2401 938 2452 aosdseie

125 2467 205 2531 ursi),
215 2467 253 2517 rel
263 2467 389 2530 periculum
398 2470 422 2520 in
431 2468 564 2519 executione
573 2468 650 2519 tacere
659 2469 748 2533 possit3
761 2471 824 2523 aliis
836 2487 889 2525 nou
897 2473 939 2522 im-

124 2538 256 2602 pediuntur.
266 2537 318 2586 Hoc
334 2544 409 2590 numm
419 2539 536 2604 integritus
549 2539 649 2603 exigitur
658 2540 693 2589 de
703 2544 862 2595 temeritate
870 2557 939 2611 pre·

124 2609 205 2672 cepti,
232 2606 260 2655 ed
274 2617 321 2656 nou
336 2608 368 2657 de
387 2613 532 2661 necessitate
542 2612 710 2660 sacramenti.

157 2679 186 2727 Et
198 2689 239 2740 per
253 2678 297 2726 hoc
310 2683 373 2740 patet
385 2684 468 2734 solutio
482 2682 511 2732 ed
524 2682 625 2746 objectu.
