1942 3284
139 161 184 208 tre
315 171 375 210 enas
388 173 431 224 ιιι,
447 171 543 218 oum.
559 171 655 224 exeun,
673 173 728 211 nar.
746 176 763 210 ι,

138 249 177 299 illo
187 259 327 300 concessero.
338 247 403 298 Sicut
412 254 488 300 antem
500 249 616 314 baptimto
626 250 756 300 conceditur
768 249 782 298 ι
795 250 884 301 meist
894 261 922 313 ps

140 324 211 370 testes
221 321 324 370 sumendi
334 321 378 370 hoe
387 325 562 383 sacramentnm,
573 321 606 370 ite
616 322 736 382 secerdoti,
750 321 800 371 ciam
811 322 923 371 orninrtnr.

140 391 254 441 confertur
269 395 370 454 potestas
385 393 428 442 hoe
443 396 611 442 sacramentnm
631 393 780 443 oonseemnoi
798 393 824 442 in
840 403 927 457 person

140 463 241 524 Christi;
256 477 297 528 per
311 465 355 515 hoc
366 466 428 514 enim
444 465 538 528 ponitur
548 465 573 514 in
588 465 658 528 gradu
668 478 745 514 eorum
759 466 841 528 quibus
854 465 926 515 uitur

140 538 176 584 est
198 533 211 584 l
231 533 325 586 llorriuo
339 552 346 584 z
363 555 376 583 a
388 537 435 586 lloo
449 536 517 587 lecito
529 535 554 585 in
566 549 639 586 meam
656 537 904 588 commemorationem.
918 551 926 578 ι

140 606 169 656 [lt
179 605 231 657 ideo
246 608 364 658 dicendum
378 613 412 658 est
425 609 485 672 quod
498 608 615 672 proprium
625 610 662 657 est
675 610 818 659 sacerdotum
829 607 926 660 norim

140 677 184 727 hoc
193 684 367 730 sacramentum.

172 751 206 799 ld
222 751 320 813 primurn
340 763 394 815 ergo
405 751 543 812 dicendum,
562 751 624 815 quid
638 752 711 801 virtus
728 750 898 801 sacramentalis
912 751 927 797 ir

140 819 243 882 pluribus
251 822 363 881 consistit,
376 826 399 872 et
411 835 456 872 uon
467 822 491 870 in
501 833 548 872 nno
562 821 669 885 tertiim3
684 823 745 872 sicut
754 823 826 872 virtus
834 821 928 885 neptim

141 891 244 941 consistit
254 893 279 940 in
289 893 346 956 ipsis
360 894 435 944 verbis
447 897 471 943 et
484 894 510 943 iu
518 906 584 957 nqrra.
593 894 658 945 Unde
669 897 694 944 et
700 893 774 944 virtus
787 893 929 944 masecntia
946 952 948 963 k

141 1035 253 1085 secerdoti
266 1037 346 1086 traditu
366 1037 389 1085 in
403 1050 444 1087 sua
459 1037 629 1088 consecutione
643 1042 667 1088 et
685 1037 845 1098 ordinatione,
854 1034 931 1086 eumn
948 1044 949 1085 ;

142 1105 223 1156 dicitur
235 1107 380 1172 abepiscopo
392 1124 398 1157 :
416 1124 429 1155 a
442 1109 525 1172 Accipe
537 1112 675 1172 potestatem
683 1108 793 1160 olierenili
803 1107 826 1157 in
841 1105 932 1158 sceeri
948 1164 949 1172 ἵ

142 1178 285 1238 sacrificium,
301 1183 348 1228 tam
361 1192 402 1243 pro
411 1180 470 1230 viris
483 1179 551 1243 quim
565 1193 606 1244 pro
618 1180 729 1243 mortuis3
740 1197 755 1226 n
770 1192 824 1229 nam
837 1183 864 1228 et
873 1178 932 1225 virtu
948 1202 951 1225 1>

139 1248 320 1300 instrumentalis
334 1251 359 1301 in
371 1251 473 1315 pluribus
482 1250 642 1302 instrumentis
655 1251 773 1313 consistit,
784 1264 886 1315 perque
896 1255 932 1309 ogit

141 1320 265 1384 principale
284 1335 362 1386 egens.

174 1393 207 1442 Ad
231 1396 354 1444 secundum
380 1395 515 1458 dicendum,
530 1395 591 1458 quon
616 1395 690 1444 laicus
712 1394 789 1458 justus
810 1395 888 1444 omnis
906 1397 933 1440 cst

142 1464 231 1515 Christo
245 1466 329 1516 unione
345 1466 457 1530 spirituali
467 1479 509 1530 per
525 1467 593 1516 fidem
608 1471 631 1517 et
641 1465 793 1530 chantetem,
804 1480 851 1517 non
868 1469 932 1514 anun

142 1551 184 1602 per
199 1539 382 1588 sacramentalem
403 1542 550 1602 potestatem.
571 1539 600 1587 Et
620 1537 672 1587 ideo
689 1537 759 1587 habet
775 1537 892 1602 spirituale
903 1546 932 1582 n·

142 1609 265 1660 cordolium
280 1612 307 1660 ad
318 1609 457 1660 offerendum
470 1610 599 1674 spirituales
612 1609 708 1671 hostius,
720 1610 845 1674 dequibus
859 1607 929 1658 dirim

143 1682 167 1732 in
182 1682 277 1733 Psolm.
292 1684 329 1733 L:
353 1700 366 1731 u
376 1683 518 1733 ¹sucrificium
533 1682 578 1732 Deo
593 1681 687 1744 spiritus
700 1681 879 1742 contribulatus3
891 1686 930 1726 re:

144 1755 223 1811 ileon,
237 1756 292 1804 llll:
309 1772 323 1803 u
335 1753 467 1804 Exhibeatis
478 1765 572 1818 corpora
587 1755 663 1803 vestra
682 1752 928 1808 immensitatem·

144 1828 204 1876 unde
217 1831 241 1876 et
256 1829 275 1875 l.
286 1828 367 1882 retr„
383 1826 402 1874 ll
410 1863 419 1890 ‚
431 1825 530 1875 dicitur:
548 1841 563 1872 n
576 1824 731 1875 Sacerdotium
748 1830 851 1874 sunctum
864 1824 929 1875 onem

144 1897 276 1959 spirituales
287 1895 383 1946 hostias.
395 1913 408 1944 n

175 1969 312 2018 intertium
324 1967 526 2031 ‹licendum‚quo‹l
537 1966 655 2031 perceptio
667 1967 737 2030 injus
750 1964 884 2016 sacrementi
893 1975 929 2012 nor

145 2043 180 2090 est
199 2043 267 2090 lente
284 2039 424 2089 necessitatis
444 2040 502 2089 sicut
519 2039 636 2103 perceptio
652 2038 777 2103 baptismi,
796 2041 822 2087 nt
833 2049 862 2086 er
874 2033 928 2098 sopri

144 2111 338 2175 dictispatet(qu.
348 2115 387 2172 7³,
404 2115 447 2161 ert.
460 2115 482 2173 3,
498 2114 571 2174 etqu.
588 2114 628 2173 8⁰,
643 2112 736 2170 nrt.li,
751 2110 781 2159 ad
794 2110 829 2172 t).
845 2108 926 2158 Erue.

144 2181 198 2232 licet
211 2183 234 2232 in
246 2183 386 2233 necessitatis
397 2183 491 2234 articulo
505 2182 575 2232 laicus
588 2182 797 2246 pusillamitate,
811 2193 858 2231 non
868 2185 927 2228 tener

143 2256 219 2318 potest
232 2257 274 2305 lroo
284 2259 447 2305 sacramentum
460 2254 580 2305 conficere.

176 2327 209 2376 lu
227 2329 331 2388 quaem
343 2325 480 2388 dicendum,
497 2326 557 2388 quod
575 2324 696 2390 episcopos
709 2324 794 2388 accipit
808 2325 925 2388 poteanten

144 2401 170 2446 ut
186 2402 237 2460 agat
251 2397 274 2446 in
284 2411 381 2462 persona
395 2398 478 2450 Christi
495 2409 654 2462 superoorpns
667 2397 718 2459 ejus
729 2395 861 2460 mysticum¹
873 2394 891 2443 il
902 2401 927 2440 est

144 2482 212 2532 super
224 2470 361 2532 Ecclesiem3
378 2483 445 2533 quum
459 2469 552 2533 uirilem
569 2471 704 2534 potestatem
716 2481 762 2518 non
774 2467 859 2531 accipit
871 2477 925 2538 nott·

144 2541 185 2590 clos
198 2541 222 2590 ln
236 2555 278 2591 suu
292 2543 460 2593 consecratione
470 2580 476 2602 ‚
486 2540 542 2592 lieet
553 2541 628 2605 possit
641 2553 692 2590 eam
706 2541 791 2589 habere
805 2538 924 2603 exepiscopi

144 2612 315 2664 cornmissione.
331 2613 360 2662 Et
370 2614 421 2664 ideo
435 2625 462 2663 ea
472 2625 523 2676 qnae
537 2625 583 2662 nou
596 2612 711 2676 perlinent
722 2611 752 2660 ad
770 2611 923 2676 dispositioni

144 2682 244 2746 eorporis
263 2683 369 2746 mystici,
381 2697 428 2735 non
442 2688 584 2734 reservantur
597 2681 722 2746 episeopo,
733 2679 794 2732 sicut
805 2678 925 2731 consentio

143 2751 214 2818 huius
233 2755 377 2805 sacramenti.
395 2757 428 2806 lu
444 2753 578 2818 episcopum
595 2753 651 2806 iero
670 2751 771 2818 peruret
787 2753 873 2803 tradere
892 2759 925 2798 ror

143 2825 218 2876 solium
230 2827 329 2890 populo,
345 2827 385 2878 sed
399 2826 468 2878 etiem
486 2825 642 2876 moemotitm
655 2837 685 2875 eu
696 2837 725 2874 ex
742 2823 828 2888 quintu
846 2822 923 2894 pontt

144 2897 241 2963 propriis
257 2897 339 2949 officiis
358 2899 402 2949 uti.
421 2898 450 2948 ut
469 2896 525 2962 quie
548 2892 676 2948 benedictio
692 2896 839 2960 emisutis,
854 2900 875 2946 et
890 2890 924 2941 olo
