1942 3284
137 185 183 242 eat
265 191 468 241 concremarunt·
483 189 579 244 tadm-
592 189 698 239 mvffl,
714 190 775 233 aar·
791 191 823 228 11·

170 275 193 321 5.
213 271 341 332 Preterea,
355 267 380 318 in
396 265 482 318 ordinis
495 265 617 318 clamne
633 265 733 328 erigitur
745 266 894 321 nonedam,
904 267 940 321 Sel

135 341 259 396 hereticus
276 354 323 391 noo
335 341 410 406 potest
423 338 568 402 benedicere,
580 337 693 405 quinimd
708 337 851 394 benedictio
865 339 939 402 ejusd
960 358 962 421 p

135 413 319 466 maledictionem
331 411 436 471 vertitur,
450 414 476 460 ut
488 412 551 474 patet
561 421 603 476 per
619 409 770 460 auctoritates
782 410 813 460 in
825 411 905 464 littera
913 411 939 462 io·
960 460 961 463 ,

135 485 216 536 ductas
230 485 282 548 (lv.
296 483 375 539 send„
390 482 444 532 dist.
462 486 515 543 25).
534 482 595 545 Ergo
608 494 654 532 non
674 483 752 545 potest
768 483 872 535 ordines
892 498 941 535 con·

134 556 206 614 lene.

168 627 214 678 Sed
231 627 368 686 cortraest,
382 623 442 690 quod
456 623 539 687 aliquis
555 623 678 688 episcopus
692 621 718 672 ia
732 624 853 675 heresim
865 626 942 691 lapara,
960 664 961 671 ,

134 698 227 764 quando
238 696 408 758 reconciliatur,
420 709 467 746 non
477 695 560 746 iterum
571 697 725 746 consecratur.
732 695 799 760 argo
815 709 869 749 non
878 695 944 749 anund

137 772 275 835 potestatem
288 779 357 830 quam
374 767 488 828 habehat,
499 766 591 817 ordines
601 764 744 816 conferendi.

169 841 284 892 Praeterea
290 874 300 902 ,
315 839 388 903 maJ‘or
408 843 444 890 est
466 841 570 903 potestas
590 837 725 889 conferendi
749 837 872 904 ordines,
890 838 945 904 quur

137 915 243 980 potestas
256 911 369 962 ordinum.
381 910 427 962 Sed
438 913 542 976 polestas
553 909 658 962 ordinum
670 922 718 959 non
728 910 854 965 amittitur
864 917 945 978 propia

137 983 246 1038 heresim
258 983 295 1034 rel
306 981 390 1049 aliquid
398 982 540 1052 hujusmodi.
553 983 612 1045 Ergo
623 995 666 1032 nec
675 984 784 1046 potestas
794 984 945 1040 ordineaaoa

138 1055 237 1108 serendi.

172 1129 285 1178 Praterea
295 1163 302 1188 ,
311 1124 371 1174 sicut
382 1124 502 1188 baptizans
511 1123 603 1175 exhibet
616 1121 706 1174 tantam
715 1122 884 1176 ministerium
897 1132 946 1178 cnr

139 1198 204 1260 rius,
219 1197 250 1247 ita
273 1200 297 1247 et
316 1196 436 1246 conserens
457 1194 565 1258 ordines,
579 1196 627 1245 lleo
647 1192 746 1244 interiius
766 1198 945 1259 operante&

139 1269 204 1320 nulla
218 1267 306 1316 ratione
326 1267 408 1328 aliquis
428 1267 456 1314 ab
471 1266 574 1316 Ecclesia
593 1265 700 1330 praecisus
713 1266 809 1318 amittit
825 1267 946 1333 baptizari

138 1343 286 1405 potestatem.
301 1337 363 1400 Ergo
375 1350 418 1386 nec
432 1336 524 1387 ordines
537 1336 679 1387 conferendi.

173 1410 329 1471 (Cononusro.
340 1435 372 1444 -
386 1409 486 1459 Possunt
504 1408 606 1474 episcopi
624 1407 746 1470 haeretici,
762 1413 792 1460 et
809 1411 842 1462 ab
856 1410 946 1464 Ecclesia

139 1481 230 1548 precisi
245 1480 305 1543 (curn
319 1480 381 1530 nolo
397 1493 498 1544 uunquam
517 1494 572 1531 casu
586 1483 688 1545 potestas
701 1493 756 1530 cum
775 1485 945 1536 consecratione

139 1554 206 1615 data,
221 1551 306 1617 reipsa
317 1555 424 1602 manente
435 1551 500 1616 perdi
513 1554 582 1615 queat
591 1554 613 1614 t,
632 1563 707 1601 sacros
723 1551 842 1605 conterre
855 1556 944 1611 noina,

140 1626 202 1678 sicut
222 1628 245 1676 et
266 1626 346 1676 catera
364 1625 519 1685 sacramenta,
534 1621 633 1672 ordinati
646 1626 724 1672 nmen
743 1623 775 1674 ab
792 1623 861 1692 illis,
875 1625 947 1676 ulam

140 1702 297 1764 susceptorum
319 1695 423 1746 ordinum
436 1693 594 1744 executionem
608 1691 753 1758 suscipiunt,
771 1697 944 1761 deigratiam)

173 1768 311 1832 Respondeo
322 1765 459 1830 dicendum,
469 1764 531 1830 qudd
546 1765 607 1816 circa
623 1765 668 1815 hoc
688 1771 815 1829 ponuntur
835 1769 864 1820 in
885 1769 943 1820 irum

142 1841 190 1906 (lv.
203 1842 283 1901 Seni„
297 1841 350 1891 dist.
362 1839 402 1904 25)
410 1843 507 1902 quatuor
515 1838 644 1904 opiniones.
657 1838 755 1896 Quidam
764 1840 839 1891 enim
850 1844 944 1894 dixeno

140 1912 202 1976 qudd
217 1911 332 1974 haeretici,
347 1911 455 1975 quamdiu
463 1910 492 1959 ab
504 1910 607 1960 Ecclesia
618 1909 763 1973 tolerantur,
772 1911 874 1964 habent
886 1919 946 1978 pole*

139 1986 213 2033 tatem
230 1982 321 2034 ordines
337 1980 485 2044 conferendi,
504 1993 551 2032 non
568 1984 645 2031 auem
664 1981 795 2044 postquam
815 1983 908 2036 inerim
925 1990 945 2032 a:

140 2049 245 2107 Ecclesia
258 2053 363 2118 precisi,
379 2052 484 2104 similiter
499 2065 543 2102 nec
556 2051 690 2115 degradati,
703 2055 728 2101 et
744 2051 790 2104 alii
807 2055 945 2122 huiusmodi

139 2128 166 2178 et
178 2127 227 2176 oaec
243 2131 279 2178 est
289 2126 363 2192 prima
374 2125 459 2190 opinio.
474 2125 519 2175 Sed
531 2126 576 2183 doc
588 2137 635 2174 non
644 2128 787 2189 potestesse
796 2164 806 2190 ,
816 2129 876 2193 qnia
886 2139 947 2182 omre

141 2199 305 2261 potestasque
319 2198 384 2248 datur
396 2211 448 2247 cum
458 2196 534 2258 aliqua
545 2195 731 2258 consecratione,
745 2197 819 2248 nullo
834 2213 895 2252 casu
906 2212 949 2250 cor-

140 2268 246 2333 lingento
257 2269 307 2319 tolli
318 2273 394 2333 potest
407 2282 431 2319 re
442 2267 494 2333 ipsi
504 2269 611 2331 dumam,
618 2268 680 2320 sicut
689 2281 732 2318 nec
742 2267 802 2332 ipsa
810 2283 945 2324 consecras.

140 2339 263 2402 annullari,
275 2341 328 2405 qnia
338 2341 407 2392 etiam
419 2340 489 2392 altare
500 2339 538 2390 uel
547 2339 646 2390 chrisma
657 2339 730 2389 semel
739 2348 898 2406 consecrata,
909 2355 949 2408 pe*

140 2411 213 2478 petud
228 2416 361 2462 consecrata
375 2415 477 2462 manent.
489 2412 553 2462 Unde
562 2409 615 2461 cim
628 2410 767 2476 episcopalis
783 2417 900 2478 potestas
910 2429 951 2464 cc.

139 2485 238 2550 quadam
255 2483 427 2534 consecratione
446 2483 521 2543 detur,
536 2486 624 2548 oportet
636 2482 698 2548 quod
713 2484 834 2548 perpetnd
853 2494 950 2538 mma

139 2559 350 2620 quantumcumque
366 2553 449 2618 aliquis
463 2559 561 2618 peccet,
574 2554 615 2604 rel
632 2555 661 2605 ab
679 2553 785 2604 Ecclesia
800 2557 943 2619 praeddatm

139 2627 171 2680 llt
186 2629 238 2678 ideo
253 2626 291 2678 alii
302 2626 409 2677 dixerunt
417 2625 477 2690 pndd
486 2624 577 2690 precisi
590 2626 619 2675 ab
630 2625 740 2688 Ecclesia,
751 2626 797 2690 qui
812 2627 840 2678 in
852 2629 952 2680 Eccl&

137 2697 296 2762 episcopalem
308 2700 443 2762 potestatem
454 2697 599 2760 tinnuerunt,
614 2697 715 2751 redirent
732 2701 887 2762 potestatem
904 2701 950 2752 aia

139 2767 263 2820 ordinandi
278 2773 301 2820 et
311 2768 459 2832 promovendi
467 2806 474 2832 ,
483 2769 525 2819 sed
536 2768 635 2833 promoti
647 2769 675 2821 ab
684 2769 719 2819 eis
733 2770 781 2820 hoc
793 2783 844 2822 non
856 2773 945 2826 hahere

131 2841 164 2888 et
175 2839 226 2890 hec
235 2843 271 2890 est
284 2843 363 2904 quarta
373 2839 460 2904 opinio.
471 2840 517 2891 Sed
530 2841 575 2890 hoc
586 2839 658 2890 etiam
670 2853 717 2891 noo
727 2843 810 2902 potest
820 2856 880 2896 esse
890 2861 950 2909 ,qu-

139 2907 161 2956 si
178 2908 213 2959 illi
230 2911 268 2974 qui
284 2910 377 2962 luerunt
394 2911 419 2960 in
436 2911 538 2962 Ecclesia
558 2912 675 2976 promoti,
690 2911 795 2972 retineat
814 2917 949 2979 potestate:
