<?xml version="1.0" encoding="UTF-8"?>
<!DOCTYPE html PUBLIC "-//W3C//DTD XHTML 1.0 Transitional//EN"
    "http://www.w3.org/TR/xhtml1/DTD/xhtml1-transitional.dtd">
<html xmlns="http://www.w3.org/1999/xhtml" xml:lang="en" lang="en">
 <head>
  <title>
</title>
<meta http-equiv="Content-Type" content="text/html;charset=utf-8" />
  <meta name='ocr-system' content='tesseract 3.04.00' />
  <meta name='ocr-capabilities' content='ocr_page ocr_carea ocr_par ocr_line ocrx_word'/>
</head>
<body>
  <div class='ocr_page' id='page_1' title='image "./summatheologica01nicogoog_0765.png"; bbox 0 0 1942 3284; ppageno 0'>
   <div class='ocr_carea' id='block_1_1' title="bbox 231 210 887 259">
    <p class='ocr_par' dir='ltr' id='par_1_1' title="bbox 231 210 887 259">
     <span class='ocr_line' id='line_1_1' title="bbox 231 210 887 259; baseline 0.006 -4"><span class='ocrx_word' id='word_1_1' title='bbox 231 220 263 255; x_wconf 85' lang='lat' dir='ltr'>uu</span> <span class='ocrx_word' id='word_1_2' title='bbox 278 210 438 258; x_wconf 81' lang='lat' dir='ltr'>rrnuucanrra</span> <span class='ocrx_word' id='word_1_3' title='bbox 456 220 584 259; x_wconf 82' lang='lat' dir='ltr'>sucurrourr</span> <span class='ocrx_word' id='word_1_4' title='bbox 602 223 637 258; x_wconf 88' lang='lat' dir='ltr'>ss.</span> <span class='ocrx_word' id='word_1_5' title='bbox 791 214 835 259; x_wconf 80' lang='lat' dir='ltr'>ito</span> <span class='ocrx_word' id='word_1_6' title='bbox 884 244 887 251; x_wconf 76' lang='grc'><em>.</em></span> 
     </span>
    </p>
   </div>
   <div class='ocr_carea' id='block_1_2' title="bbox 27 294 836 2643">
    <p class='ocr_par' dir='ltr' id='par_1_2' title="bbox 31 294 836 572">
     <span class='ocr_line' id='line_1_2' title="bbox 33 294 836 362; baseline 0.004 -18"><span class='ocrx_word' id='word_1_7' title='bbox 33 308 102 359; x_wconf 88' lang='lat' dir='ltr'>super</span> <span class='ocrx_word' id='word_1_8' title='bbox 115 294 185 357; x_wconf 75' lang='lat' dir='ltr'>cuius</span> <span class='ocrx_word' id='word_1_9' title='bbox 195 295 342 347; x_wconf 82' lang='lat' dir='ltr'>mntessicae</span> <span class='ocrx_word' id='word_1_10' title='bbox 360 296 463 347; x_wconf 78' lang='lat' dir='ltr'>Ecclesia</span> <span class='ocrx_word' id='word_1_11' title='bbox 481 297 575 349; x_wconf 86' lang='lat' dir='ltr'>tundata</span> <span class='ocrx_word' id='word_1_12' title='bbox 592 302 645 348; x_wconf 89' lang='lat' dir='ltr'>est:</span> <span class='ocrx_word' id='word_1_13' title='bbox 661 314 675 345; x_wconf 92' lang='lat'>«</span> <span class='ocrx_word' id='word_1_14' title='bbox 689 299 737 362; x_wconf 82' lang='lat' dir='ltr'>Ego</span> <span class='ocrx_word' id='word_1_15' title='bbox 755 301 836 362; x_wconf 84' lang='lat' dir='ltr'>rogavi</span> 
     </span>
     <span class='ocr_line' id='line_1_3' title="bbox 32 366 835 431; baseline 0.001 -15"><span class='ocrx_word' id='word_1_16' title='bbox 32 380 72 429; x_wconf 89' lang='lat' dir='ltr'>pro</span> <span class='ocrx_word' id='word_1_17' title='bbox 80 370 113 429; x_wconf 87' lang='lat' dir='ltr'>tc,</span> <span class='ocrx_word' id='word_1_18' title='bbox 127 370 156 415; x_wconf 89' lang='lat' dir='ltr'>ut</span> <span class='ocrx_word' id='word_1_19' title='bbox 166 378 211 417; x_wconf 93' lang='lat' dir='ltr'>non</span> <span class='ocrx_word' id='word_1_20' title='bbox 224 366 317 416; x_wconf 87' lang='lat' dir='ltr'>deiiciat</span> <span class='ocrx_word' id='word_1_21' title='bbox 331 367 388 417; x_wconf 86' lang='lat' dir='ltr'>tides</span> <span class='ocrx_word' id='word_1_22' title='bbox 404 370 460 431; x_wconf 88' lang='lat' dir='ltr'>tua,</span> <span class='ocrx_word' id='word_1_23' title='bbox 471 384 487 415; x_wconf 83' lang='lat' dir='ltr'>rr</span> <span class='ocrx_word' id='word_1_24' title='bbox 501 368 573 429; x_wconf 78' lang='lat' dir='ltr'>dac,</span> <span class='ocrx_word' id='word_1_25' title='bbox 584 369 654 419; x_wconf 89' lang='lat' dir='ltr'>llllll.</span> <span class='ocrx_word' id='word_1_26' title='bbox 669 368 715 419; x_wconf 83' lang='lat' dir='ltr'>Sed</span> <span class='ocrx_word' id='word_1_27' title='bbox 733 370 835 420; x_wconf 73' lang='lat' dir='ltr'>Ecclesia</span> 
     </span>
     <span class='ocr_line' id='line_1_4' title="bbox 31 436 836 505; baseline 0.007 -20"><span class='ocrx_word' id='word_1_28' title='bbox 31 436 170 488; x_wconf 85' lang='lat' dir='ltr'>uniuersalis</span> <span class='ocrx_word' id='word_1_29' title='bbox 186 436 340 501; x_wconf 79' lang='lat' dir='ltr'><strong>indulgentias</strong></span> <span class='ocrx_word' id='word_1_30' title='bbox 360 439 472 502; x_wconf 84' lang='lat' dir='ltr'>approbat</span> <span class='ocrx_word' id='word_1_31' title='bbox 490 443 513 490; x_wconf 91' lang='lat' dir='ltr'>et</span> <span class='ocrx_word' id='word_1_32' title='bbox 531 439 594 491; x_wconf 87' lang='lat' dir='ltr'>iacit.</span> <span class='ocrx_word' id='word_1_33' title='bbox 609 441 668 505; x_wconf 80' lang='lat' dir='ltr'>Ergo</span> <span class='ocrx_word' id='word_1_34' title='bbox 686 440 836 505; x_wconf 79' lang='lat' dir='ltr'>indulgentiae</span> 
     </span>
     <span class='ocr_line' id='line_1_5' title="bbox 31 509 222 572; baseline 0 -14"><span class='ocrx_word' id='word_1_35' title='bbox 31 509 115 572; x_wconf 80' lang='lat' dir='ltr'>aliquid</span> <span class='ocrx_word' id='word_1_36' title='bbox 134 510 222 559; x_wconf 83' lang='lat' dir='ltr'>valent.</span> 
     </span>
    </p>

    <p class='ocr_par' dir='ltr' id='par_1_3' title="bbox 30 578 836 930">
     <span class='ocr_line' id='line_1_6' title="bbox 61 578 834 645; baseline 0.004 -15"><span class='ocrx_word' id='word_1_37' title='bbox 61 580 321 642; x_wconf 75' lang='lat' dir='ltr'>(Commune-Cim</span> <span class='ocrx_word' id='word_1_38' title='bbox 340 593 369 631; x_wconf 84' lang='lat' dir='ltr'>ex</span> <span class='ocrx_word' id='word_1_39' title='bbox 387 580 479 631; x_wconf 88' lang='lat' dir='ltr'>infinito</span> <span class='ocrx_word' id='word_1_40' title='bbox 493 578 533 630; x_wconf 92' lang='lat' dir='ltr'>illo</span> <span class='ocrx_word' id='word_1_41' title='bbox 549 580 657 634; x_wconf 73' lang='lat' dir='ltr'>Ecclesiae</span> <span class='ocrx_word' id='word_1_42' title='bbox 670 583 796 645; x_wconf 78' lang='lat' dir='ltr'>thesauro,</span> <span class='ocrx_word' id='word_1_43' title='bbox 810 583 834 633; x_wconf 92' lang='lat' dir='ltr'>in</span> 
     </span>
     <span class='ocr_line' id='line_1_7' title="bbox 31 650 836 719; baseline 0.001 -17"><span class='ocrx_word' id='word_1_44' title='bbox 31 666 99 713; x_wconf 77' lang='lat' dir='ltr'>anem</span> <span class='ocrx_word' id='word_1_45' title='bbox 112 652 141 701; x_wconf 87' lang='lat' dir='ltr'>ad</span> <span class='ocrx_word' id='word_1_46' title='bbox 160 650 297 701; x_wconf 85' lang='lat' dir='ltr'>uniuersalis</span> <span class='ocrx_word' id='word_1_47' title='bbox 312 651 417 702; x_wconf 77' lang='lat' dir='ltr'>Ecclesia</span> <span class='ocrx_word' id='word_1_48' title='bbox 438 650 572 714; x_wconf 76' lang='lat' dir='ltr'><strong>utilitatem,</strong></span> <span class='ocrx_word' id='word_1_49' title='bbox 588 657 695 719; x_wconf 89' lang='lat' dir='ltr'>suscepta</span> <span class='ocrx_word' id='word_1_50' title='bbox 709 654 794 705; x_wconf 78' lang='lat' dir='ltr'>Christi</span> <span class='ocrx_word' id='word_1_51' title='bbox 812 660 836 705; x_wconf 88' lang='lat' dir='ltr'>et</span> 
     </span>
     <span class='ocr_line' id='line_1_8' title="bbox 30 722 836 788; baseline 0.005 -17"><span class='ocrx_word' id='word_1_52' title='bbox 30 728 160 773; x_wconf 84' lang='lat' dir='ltr'>sanctorum</span> <span class='ocrx_word' id='word_1_53' title='bbox 165 722 371 786; x_wconf 77' lang='lat' dir='ltr'>supererogationis</span> <span class='ocrx_word' id='word_1_54' title='bbox 379 735 447 788; x_wconf 88' lang='lat' dir='ltr'>opera</span> <span class='ocrx_word' id='word_1_55' title='bbox 456 722 612 785; x_wconf 88' lang='lat' dir='ltr'>recluduntur,</span> <span class='ocrx_word' id='word_1_56' title='bbox 622 724 726 775; x_wconf 86' lang='lat' dir='ltr'>uirtutem</span> <span class='ocrx_word' id='word_1_57' title='bbox 735 725 836 775; x_wconf 83' lang='lat' dir='ltr'>habeant</span> 
     </span>
     <span class='ocr_line' id='line_1_9' title="bbox 30 793 832 860; baseline 0.005 -17"><span class='ocrx_word' id='word_1_58' title='bbox 30 794 197 857; x_wconf 76' lang='lat' dir='ltr'>indulgentie,</span> <span class='ocrx_word' id='word_1_59' title='bbox 212 807 259 844; x_wconf 91' lang='lat' dir='ltr'>non</span> <span class='ocrx_word' id='word_1_60' title='bbox 277 793 365 845; x_wconf 76' lang='lat' dir='ltr'>aarum</span> <span class='ocrx_word' id='word_1_61' title='bbox 379 806 471 860; x_wconf 78' lang='lat' dir='ltr'>prunam</span> <span class='ocrx_word' id='word_1_62' title='bbox 483 794 522 844; x_wconf 87' lang='lat' dir='ltr'>tric</span> <span class='ocrx_word' id='word_1_63' title='bbox 536 794 698 847; x_wconf 77' lang='lat' dir='ltr'><strong>satisfactionis</strong></span> <span class='ocrx_word' id='word_1_64' title='bbox 711 797 775 860; x_wconf 85' lang='lat' dir='ltr'>locu,</span> <span class='ocrx_word' id='word_1_65' title='bbox 792 798 832 848; x_wconf 88' lang='lat' dir='ltr'>scd</span> 
     </span>
     <span class='ocr_line' id='line_1_10' title="bbox 30 865 623 930; baseline 0 -15"><span class='ocrx_word' id='word_1_66' title='bbox 30 867 97 915; x_wconf 87' lang='lat' dir='ltr'>etiam</span> <span class='ocrx_word' id='word_1_67' title='bbox 110 867 137 915; x_wconf 92' lang='lat' dir='ltr'>in</span> <span class='ocrx_word' id='word_1_68' title='bbox 153 866 284 929; x_wconf 79' lang='lat' dir='ltr'>purgatorio</span> <span class='ocrx_word' id='word_1_69' title='bbox 296 866 472 930; x_wconf 78' lang='lat' dir='ltr'><strong>persolvendam</strong></span> <span class='ocrx_word' id='word_1_70' title='bbox 484 865 623 927; x_wconf 86' lang='lat' dir='ltr'>remittunt.)</span> 
     </span>
    </p>

    <p class='ocr_par' dir='ltr' id='par_1_4' title="bbox 27 936 835 1927">
     <span class='ocr_line' id='line_1_11' title="bbox 60 936 832 1004; baseline 0.005 -17"><span class='ocrx_word' id='word_1_71' title='bbox 60 938 198 1001; x_wconf 67' lang='lat' dir='ltr'>despondeo</span> <span class='ocrx_word' id='word_1_72' title='bbox 206 936 324 987; x_wconf 86' lang='lat' dir='ltr'>dicendum</span> <span class='ocrx_word' id='word_1_73' title='bbox 333 976 340 998; x_wconf 90' lang='lat'>,</span> <span class='ocrx_word' id='word_1_74' title='bbox 349 937 410 1001; x_wconf 77' lang='lat' dir='ltr'>quod</span> <span class='ocrx_word' id='word_1_75' title='bbox 421 938 451 988; x_wconf 88' lang='lat' dir='ltr'>ab</span> <span class='ocrx_word' id='word_1_76' title='bbox 459 938 565 988; x_wconf 86' lang='lat' dir='ltr'>omnibus</span> <span class='ocrx_word' id='word_1_77' title='bbox 572 938 703 988; x_wconf 80' lang='lat' dir='ltr'>conceditur</span> <span class='ocrx_word' id='word_1_78' title='bbox 712 940 832 1004; x_wconf 80' lang='lat' dir='ltr'>indulgeu-</span> 
     </span>
     <span class='ocr_line' id='line_1_12' title="bbox 28 1008 834 1073; baseline 0.007 -17"><span class='ocrx_word' id='word_1_79' title='bbox 28 1009 73 1058; x_wconf 86' lang='lat' dir='ltr'>tias</span> <span class='ocrx_word' id='word_1_80' title='bbox 90 1008 178 1072; x_wconf 87' lang='lat' dir='ltr'>aliquid</span> <span class='ocrx_word' id='word_1_81' title='bbox 193 1008 283 1071; x_wconf 84' lang='lat' dir='ltr'>ualere,</span> <span class='ocrx_word' id='word_1_82' title='bbox 301 1008 354 1072; x_wconf 74' lang='lat' dir='ltr'>qun</span> <span class='ocrx_word' id='word_1_83' title='bbox 368 1008 465 1073; x_wconf 87' lang='lat' dir='ltr'>impium</span> <span class='ocrx_word' id='word_1_84' title='bbox 478 1011 541 1059; x_wconf 84' lang='lat' dir='ltr'>esset</span> <span class='ocrx_word' id='word_1_85' title='bbox 557 1008 633 1059; x_wconf 82' lang='lat' dir='ltr'>dicere</span> <span class='ocrx_word' id='word_1_86' title='bbox 653 1008 715 1073; x_wconf 88' lang='lat' dir='ltr'>qudd</span> <span class='ocrx_word' id='word_1_87' title='bbox 734 1011 834 1062; x_wconf 86' lang='lat' dir='ltr'>Ecclesia</span> 
     </span>
     <span class='ocr_line' id='line_1_13' title="bbox 31 1076 832 1143; baseline 0.007 -18"><span class='ocrx_word' id='word_1_88' title='bbox 31 1076 114 1141; x_wconf 87' lang='lat' dir='ltr'>aliquid</span> <span class='ocrx_word' id='word_1_89' title='bbox 131 1076 192 1128; x_wconf 76' lang='lat' dir='ltr'>vane</span> <span class='ocrx_word' id='word_1_90' title='bbox 209 1076 304 1129; x_wconf 85' lang='lat' dir='ltr'>iaceret.</span> <span class='ocrx_word' id='word_1_91' title='bbox 321 1079 367 1130; x_wconf 87' lang='lat' dir='ltr'>Sed</span> <span class='ocrx_word' id='word_1_92' title='bbox 382 1078 474 1143; x_wconf 85' lang='lat' dir='ltr'>quidam</span> <span class='ocrx_word' id='word_1_93' title='bbox 488 1078 566 1129; x_wconf 90' lang='lat' dir='ltr'>dicunt</span> <span class='ocrx_word' id='word_1_94' title='bbox 580 1076 640 1141; x_wconf 80' lang='lat' dir='ltr'>quid</span> <span class='ocrx_word' id='word_1_95' title='bbox 655 1092 701 1130; x_wconf 90' lang='lat' dir='ltr'>nou</span> <span class='ocrx_word' id='word_1_96' title='bbox 712 1081 790 1131; x_wconf 87' lang='lat' dir='ltr'>ualent</span> <span class='ocrx_word' id='word_1_97' title='bbox 805 1085 832 1131; x_wconf 92' lang='lat' dir='ltr'>ad</span> 
     </span>
     <span class='ocr_line' id='line_1_14' title="bbox 31 1148 834 1214; baseline 0.007 -19"><span class='ocrx_word' id='word_1_98' title='bbox 31 1150 194 1201; x_wconf 82' lang='lat' dir='ltr'>absolvendum</span> <span class='ocrx_word' id='word_1_99' title='bbox 203 1148 217 1199; x_wconf 85' lang='lat' dir='ltr'>ai</span> <span class='ocrx_word' id='word_1_100' title='bbox 225 1154 290 1199; x_wconf 85' lang='lat' dir='ltr'>reatu</span> <span class='ocrx_word' id='word_1_101' title='bbox 301 1163 383 1214; x_wconf 81' lang='lat' dir='ltr'>poenoe,</span> <span class='ocrx_word' id='word_1_102' title='bbox 394 1162 463 1213; x_wconf 86' lang='lat' dir='ltr'>qnam</span> <span class='ocrx_word' id='word_1_103' title='bbox 473 1149 526 1214; x_wconf 83' lang='lat' dir='ltr'>quis</span> <span class='ocrx_word' id='word_1_104' title='bbox 535 1150 560 1200; x_wconf 90' lang='lat' dir='ltr'>in</span> <span class='ocrx_word' id='word_1_105' title='bbox 568 1150 699 1214; x_wconf 73' lang='lat' dir='ltr'>purgatorio</span> <span class='ocrx_word' id='word_1_106' title='bbox 709 1150 834 1202; x_wconf 80' lang='lat' dir='ltr'>secundnm</span> 
     </span>
     <span class='ocr_line' id='line_1_15' title="bbox 27 1220 833 1286; baseline 0.001 -16"><span class='ocrx_word' id='word_1_107' title='bbox 27 1220 140 1282; x_wconf 83' lang='lat' dir='ltr'>judicium</span> <span class='ocrx_word' id='word_1_108' title='bbox 152 1220 193 1270; x_wconf 80' lang='lat' dir='ltr'>liei</span> <span class='ocrx_word' id='word_1_109' title='bbox 205 1224 305 1271; x_wconf 76' lang='lat' dir='ltr'>memtnr</span> <span class='ocrx_word' id='word_1_110' title='bbox 312 1236 321 1285; x_wconf 89' lang='lat'>;</span> <span class='ocrx_word' id='word_1_111' title='bbox 335 1222 375 1272; x_wconf 92' lang='lat' dir='ltr'>sed</span> <span class='ocrx_word' id='word_1_112' title='bbox 387 1221 465 1271; x_wconf 82' lang='lat' dir='ltr'>ualent</span> <span class='ocrx_word' id='word_1_113' title='bbox 477 1222 506 1271; x_wconf 90' lang='lat' dir='ltr'>ad</span> <span class='ocrx_word' id='word_1_114' title='bbox 517 1222 681 1273; x_wconf 81' lang='lat' dir='ltr'>absolvendum</span> <span class='ocrx_word' id='word_1_115' title='bbox 695 1222 723 1271; x_wconf 85' lang='lat' dir='ltr'>ab</span> <span class='ocrx_word' id='word_1_116' title='bbox 740 1222 833 1286; x_wconf 78' lang='lat' dir='ltr'>obliga—</span> 
     </span>
     <span class='ocr_line' id='line_1_16' title="bbox 30 1292 831 1357; baseline 0.002 -16"><span class='ocrx_word' id='word_1_117' title='bbox 30 1293 91 1343; x_wconf 89' lang='lat' dir='ltr'>tione</span> <span class='ocrx_word' id='word_1_118' title='bbox 104 1305 153 1356; x_wconf 82' lang='lat' dir='ltr'>qua</span> <span class='ocrx_word' id='word_1_119' title='bbox 164 1292 271 1343; x_wconf 79' lang='lat' dir='ltr'>sacerdos</span> <span class='ocrx_word' id='word_1_120' title='bbox 283 1292 392 1356; x_wconf 75' lang='lat' dir='ltr'>obligauit</span> <span class='ocrx_word' id='word_1_121' title='bbox 404 1293 555 1355; x_wconf 71' lang='lat' dir='ltr'>penitentem</span> <span class='ocrx_word' id='word_1_122' title='bbox 572 1292 600 1343; x_wconf 91' lang='lat' dir='ltr'>ad</span> <span class='ocrx_word' id='word_1_123' title='bbox 615 1304 705 1357; x_wconf 87' lang='lat' dir='ltr'>poenarn</span> <span class='ocrx_word' id='word_1_124' title='bbox 717 1293 831 1357; x_wconf 83' lang='lat' dir='ltr'>aliquem,</span> 
     </span>
     <span class='ocr_line' id='line_1_17' title="bbox 30 1363 835 1428; baseline 0.002 -17"><span class='ocrx_word' id='word_1_125' title='bbox 30 1363 66 1412; x_wconf 85' lang='lat' dir='ltr'>uel</span> <span class='ocrx_word' id='word_1_126' title='bbox 84 1364 112 1413; x_wconf 92' lang='lat' dir='ltr'>ad</span> <span class='ocrx_word' id='word_1_127' title='bbox 130 1376 200 1428; x_wconf 88' lang='lat' dir='ltr'>quam</span> <span class='ocrx_word' id='word_1_128' title='bbox 213 1363 282 1413; x_wconf 90' lang='lat' dir='ltr'>ctiam</span> <span class='ocrx_word' id='word_1_129' title='bbox 296 1363 407 1427; x_wconf 79' lang='lat' dir='ltr'>obligatur</span> <span class='ocrx_word' id='word_1_130' title='bbox 426 1377 456 1414; x_wconf 81' lang='lat' dir='ltr'>cu</span> <span class='ocrx_word' id='word_1_131' title='bbox 473 1363 592 1415; x_wconf 86' lang='lat' dir='ltr'>Canonnm</span> <span class='ocrx_word' id='word_1_132' title='bbox 613 1364 712 1415; x_wconf 69' lang='lat' dir='ltr'>statum.</span> <span class='ocrx_word' id='word_1_133' title='bbox 726 1364 772 1415; x_wconf 84' lang='lat' dir='ltr'>Sed</span> <span class='ocrx_word' id='word_1_134' title='bbox 785 1365 835 1415; x_wconf 78' lang='lat' dir='ltr'>lucc</span> 
     </span>
     <span class='ocr_line' id='line_1_18' title="bbox 28 1434 835 1501; baseline 0.005 -18"><span class='ocrx_word' id='word_1_135' title='bbox 28 1436 107 1498; x_wconf 89' lang='lat' dir='ltr'>opinio</span> <span class='ocrx_word' id='word_1_136' title='bbox 122 1449 170 1486; x_wconf 92' lang='lat' dir='ltr'>non</span> <span class='ocrx_word' id='word_1_137' title='bbox 182 1435 274 1486; x_wconf 76' lang='lat' dir='ltr'>ridetur</span> <span class='ocrx_word' id='word_1_138' title='bbox 283 1448 345 1485; x_wconf 80' lang='lat' dir='ltr'>uera.</span> <span class='ocrx_word' id='word_1_139' title='bbox 360 1434 448 1499; x_wconf 70' lang='lat' dir='ltr'>Parni,</span> <span class='ocrx_word' id='word_1_140' title='bbox 460 1436 514 1499; x_wconf 86' lang='lat' dir='ltr'>quia</span> <span class='ocrx_word' id='word_1_141' title='bbox 528 1440 564 1486; x_wconf 93' lang='lat' dir='ltr'>est</span> <span class='ocrx_word' id='word_1_142' title='bbox 576 1434 685 1499; x_wconf 76' lang='lat' dir='ltr'>expresse</span> <span class='ocrx_word' id='word_1_143' title='bbox 697 1440 776 1487; x_wconf 89' lang='lat' dir='ltr'>eontra</span> <span class='ocrx_word' id='word_1_144' title='bbox 788 1435 835 1501; x_wconf 92' lang='lat' dir='ltr'>pri-</span> 
     </span>
     <span class='ocr_line' id='line_1_19' title="bbox 32 1506 833 1571; baseline 0.005 -18"><span class='ocrx_word' id='word_1_145' title='bbox 32 1507 139 1571; x_wconf 76' lang='lat' dir='ltr'>vilegium</span> <span class='ocrx_word' id='word_1_146' title='bbox 158 1508 226 1557; x_wconf 88' lang='lat' dir='ltr'>Petro</span> <span class='ocrx_word' id='word_1_147' title='bbox 239 1506 327 1567; x_wconf 90' lang='lat' dir='ltr'>datum,</span> <span class='ocrx_word' id='word_1_148' title='bbox 335 1506 373 1556; x_wconf 90' lang='lat' dir='ltr'>cni</span> <span class='ocrx_word' id='word_1_149' title='bbox 384 1507 470 1558; x_wconf 90' lang='lat' dir='ltr'>dictum</span> <span class='ocrx_word' id='word_1_150' title='bbox 486 1511 522 1557; x_wconf 92' lang='lat' dir='ltr'>est</span> <span class='ocrx_word' id='word_1_151' title='bbox 535 1511 562 1557; x_wconf 92' lang='lat' dir='ltr'>nt</span> <span class='ocrx_word' id='word_1_152' title='bbox 574 1507 636 1570; x_wconf 86' lang='lat' dir='ltr'>quod</span> <span class='ocrx_word' id='word_1_153' title='bbox 649 1507 743 1557; x_wconf 90' lang='lat' dir='ltr'>interra</span> <span class='ocrx_word' id='word_1_154' title='bbox 756 1506 833 1557; x_wconf 83' lang='lat' dir='ltr'>renuit·</span> 
     </span>
     <span class='ocr_line' id='line_1_20' title="bbox 30 1576 832 1641; baseline 0.004 -18"><span class='ocrx_word' id='word_1_155' title='bbox 30 1580 101 1641; x_wconf 87' lang='lat' dir='ltr'>teret,</span> <span class='ocrx_word' id='word_1_156' title='bbox 111 1578 136 1628; x_wconf 94' lang='lat' dir='ltr'>in</span> <span class='ocrx_word' id='word_1_157' title='bbox 148 1577 205 1627; x_wconf 85' lang='lat' dir='ltr'>coelo</span> <span class='ocrx_word' id='word_1_158' title='bbox 216 1577 378 1627; x_wconf 86' lang='lat' dir='ltr'>remitteretur.</span> <span class='ocrx_word' id='word_1_159' title='bbox 390 1578 456 1627; x_wconf 87' lang='lat' dir='ltr'>Unde</span> <span class='ocrx_word' id='word_1_160' title='bbox 464 1577 570 1627; x_wconf 84' lang='lat' dir='ltr'>remissio</span> <span class='ocrx_word' id='word_1_161' title='bbox 585 1590 636 1639; x_wconf 74' lang='lat' dir='ltr'>que</span> <span class='ocrx_word' id='word_1_162' title='bbox 645 1577 671 1627; x_wconf 88' lang='lat' dir='ltr'>tit</span> <span class='ocrx_word' id='word_1_163' title='bbox 680 1576 792 1641; x_wconf 80' lang='lat' dir='ltr'>qnantum</span> <span class='ocrx_word' id='word_1_164' title='bbox 805 1579 832 1627; x_wconf 87' lang='lat' dir='ltr'>ad</span> 
     </span>
     <span class='ocr_line' id='line_1_21' title="bbox 29 1646 833 1712; baseline 0.004 -16"><span class='ocrx_word' id='word_1_165' title='bbox 29 1648 102 1698; x_wconf 79' lang='lat' dir='ltr'>torum</span> <span class='ocrx_word' id='word_1_166' title='bbox 116 1648 239 1709; x_wconf 82' lang='lat' dir='ltr'>Ecclesiae,</span> <span class='ocrx_word' id='word_1_167' title='bbox 252 1649 391 1699; x_wconf 84' lang='lat' dir='ltr'>ualetetiam</span> <span class='ocrx_word' id='word_1_168' title='bbox 402 1646 513 1712; x_wconf 78' lang='lat' dir='ltr'>quantinus</span> <span class='ocrx_word' id='word_1_169' title='bbox 524 1650 553 1699; x_wconf 88' lang='lat' dir='ltr'>ad</span> <span class='ocrx_word' id='word_1_170' title='bbox 562 1649 636 1699; x_wconf 87' lang='lat' dir='ltr'>torum</span> <span class='ocrx_word' id='word_1_171' title='bbox 649 1648 700 1699; x_wconf 83' lang='lat' dir='ltr'>liei.</span> <span class='ocrx_word' id='word_1_172' title='bbox 712 1649 742 1698; x_wconf 89' lang='lat' dir='ltr'>Et</span> <span class='ocrx_word' id='word_1_173' title='bbox 752 1652 833 1712; x_wconf 78' lang='lat' dir='ltr'>prute-</span> 
     </span>
     <span class='ocr_line' id='line_1_22' title="bbox 31 1718 833 1784; baseline 0.002 -17"><span class='ocrx_word' id='word_1_174' title='bbox 31 1732 82 1781; x_wconf 85' lang='lat' dir='ltr'>ren,</span> <span class='ocrx_word' id='word_1_175' title='bbox 92 1720 194 1771; x_wconf 83' lang='lat' dir='ltr'>Ecclesia</span> <span class='ocrx_word' id='word_1_176' title='bbox 212 1720 344 1784; x_wconf 74' lang='lat' dir='ltr'>hujusmodi</span> <span class='ocrx_word' id='word_1_177' title='bbox 359 1720 514 1783; x_wconf 81' lang='lat' dir='ltr'>indulgentias</span> <span class='ocrx_word' id='word_1_178' title='bbox 528 1720 628 1783; x_wconf 87' lang='lat' dir='ltr'>iaciens,</span> <span class='ocrx_word' id='word_1_179' title='bbox 641 1718 714 1783; x_wconf 78' lang='lat' dir='ltr'>magis</span> <span class='ocrx_word' id='word_1_180' title='bbox 728 1720 833 1769; x_wconf 87' lang='lat' dir='ltr'>damnin-</span> 
     </span>
     <span class='ocr_line' id='line_1_23' title="bbox 30 1790 828 1856; baseline 0.003 -18"><span class='ocrx_word' id='word_1_181' title='bbox 30 1796 91 1840; x_wconf 83' lang='lat' dir='ltr'>caret</span> <span class='ocrx_word' id='word_1_182' title='bbox 104 1790 175 1855; x_wconf 81' lang='lat' dir='ltr'>quim</span> <span class='ocrx_word' id='word_1_183' title='bbox 192 1792 324 1855; x_wconf 74' lang='lat' dir='ltr'>adiuuaret,</span> <span class='ocrx_word' id='word_1_184' title='bbox 344 1792 399 1856; x_wconf 85' lang='lat' dir='ltr'>quia</span> <span class='ocrx_word' id='word_1_185' title='bbox 418 1791 543 1843; x_wconf 86' lang='lat' dir='ltr'>remitteret</span> <span class='ocrx_word' id='word_1_186' title='bbox 558 1792 587 1841; x_wconf 88' lang='lat' dir='ltr'>ad</span> <span class='ocrx_word' id='word_1_187' title='bbox 603 1791 718 1855; x_wconf 80' lang='lat' dir='ltr'>graviores</span> <span class='ocrx_word' id='word_1_188' title='bbox 736 1802 828 1853; x_wconf 77' lang='lat' dir='ltr'>poenas,</span> 
     </span>
     <span class='ocr_line' id='line_1_24' title="bbox 32 1861 738 1927; baseline -0.001 -18"><span class='ocrx_word' id='word_1_189' title='bbox 32 1861 117 1912; x_wconf 84' lang='lat' dir='ltr'>scilicet</span> <span class='ocrx_word' id='word_1_190' title='bbox 133 1863 273 1925; x_wconf 80' lang='lat' dir='ltr'>purgatorii,</span> <span class='ocrx_word' id='word_1_191' title='bbox 286 1862 425 1914; x_wconf 84' lang='lat' dir='ltr'>absolvendo</span> <span class='ocrx_word' id='word_1_192' title='bbox 435 1861 449 1912; x_wconf 79' lang='lat' dir='ltr'>i</span> <span class='ocrx_word' id='word_1_193' title='bbox 461 1862 606 1927; x_wconf 68' lang='lat' dir='ltr'>poenitentiis</span> <span class='ocrx_word' id='word_1_194' title='bbox 618 1861 738 1925; x_wconf 81' lang='lat' dir='ltr'>injunctis.</span> 
     </span>
    </p>

    <p class='ocr_par' dir='ltr' id='par_1_5' title="bbox 28 1931 834 2643">
     <span class='ocr_line' id='line_1_25' title="bbox 59 1931 833 1999; baseline 0 -16"><span class='ocrx_word' id='word_1_195' title='bbox 59 1934 89 1983; x_wconf 87' lang='lat' dir='ltr'>Et</span> <span class='ocrx_word' id='word_1_196' title='bbox 105 1934 160 1983; x_wconf 86' lang='lat' dir='ltr'>idco</span> <span class='ocrx_word' id='word_1_197' title='bbox 169 1933 235 1985; x_wconf 88' lang='lat' dir='ltr'>aliter</span> <span class='ocrx_word' id='word_1_198' title='bbox 248 1934 378 1998; x_wconf 88' lang='lat' dir='ltr'>dicendum,</span> <span class='ocrx_word' id='word_1_199' title='bbox 388 1934 449 1998; x_wconf 84' lang='lat' dir='ltr'>qndd</span> <span class='ocrx_word' id='word_1_200' title='bbox 462 1935 541 1985; x_wconf 78' lang='lat' dir='ltr'>valum</span> <span class='ocrx_word' id='word_1_201' title='bbox 550 1938 575 1985; x_wconf 90' lang='lat' dir='ltr'>ct</span> <span class='ocrx_word' id='word_1_202' title='bbox 588 1932 698 1999; x_wconf 78' lang='lat' dir='ltr'>quantum</span> <span class='ocrx_word' id='word_1_203' title='bbox 713 1932 743 1985; x_wconf 85' lang='lat' dir='ltr'>ad</span> <span class='ocrx_word' id='word_1_204' title='bbox 757 1931 833 1983; x_wconf 78' lang='lat' dir='ltr'>iorum</span> 
     </span>
     <span class='ocr_line' id='line_1_26' title="bbox 29 2002 830 2070; baseline 0.002 -17"><span class='ocrx_word' id='word_1_205' title='bbox 29 2002 151 2068; x_wconf 86' lang='lat' dir='ltr'>Ecclesiae,</span> <span class='ocrx_word' id='word_1_206' title='bbox 160 2008 185 2055; x_wconf 90' lang='lat' dir='ltr'>et</span> <span class='ocrx_word' id='word_1_207' title='bbox 193 2003 303 2069; x_wconf 81' lang='lat' dir='ltr'>quantiam</span> <span class='ocrx_word' id='word_1_208' title='bbox 313 2004 461 2070; x_wconf 84' lang='lat' dir='ltr'>adjudicium</span> <span class='ocrx_word' id='word_1_209' title='bbox 474 2006 532 2070; x_wconf 81' lang='lat' dir='ltr'>Dei,</span> <span class='ocrx_word' id='word_1_210' title='bbox 544 2007 573 2057; x_wconf 92' lang='lat' dir='ltr'>ad</span> <span class='ocrx_word' id='word_1_211' title='bbox 584 2004 743 2056; x_wconf 77' lang='lat' dir='ltr'>remissionem</span> <span class='ocrx_word' id='word_1_212' title='bbox 756 2016 830 2068; x_wconf 79' lang='lat' dir='ltr'>punc</span> 
     </span>
     <span class='ocr_line' id='line_1_27' title="bbox 30 2076 831 2141; baseline 0.002 -16"><span class='ocrx_word' id='word_1_213' title='bbox 30 2076 128 2129; x_wconf 75' lang='lat' dir='ltr'>residue</span> <span class='ocrx_word' id='word_1_214' title='bbox 142 2080 196 2141; x_wconf 89' lang='lat' dir='ltr'>post</span> <span class='ocrx_word' id='word_1_215' title='bbox 208 2076 367 2128; x_wconf 89' lang='lat' dir='ltr'>contritionem</span> <span class='ocrx_word' id='word_1_216' title='bbox 384 2082 408 2127; x_wconf 89' lang='lat' dir='ltr'>et</span> <span class='ocrx_word' id='word_1_217' title='bbox 425 2077 596 2128; x_wconf 79' lang='lat' dir='ltr'>muressionem</span> <span class='ocrx_word' id='word_1_218' title='bbox 609 2080 635 2127; x_wconf 86' lang='lat' dir='ltr'>et</span> <span class='ocrx_word' id='word_1_219' title='bbox 648 2076 831 2134; x_wconf 83' lang='lat' dir='ltr'>absolutionem,</span> 
     </span>
     <span class='ocr_line' id='line_1_28' title="bbox 31 2146 832 2213; baseline 0.002 -18"><span class='ocrx_word' id='word_1_220' title='bbox 31 2146 82 2197; x_wconf 86' lang='lat' dir='ltr'>sive</span> <span class='ocrx_word' id='word_1_221' title='bbox 95 2148 127 2199; x_wconf 89' lang='lat' dir='ltr'>sit</span> <span class='ocrx_word' id='word_1_222' title='bbox 137 2148 254 2213; x_wconf 84' lang='lat' dir='ltr'>injuncta,</span> <span class='ocrx_word' id='word_1_223' title='bbox 265 2149 316 2199; x_wconf 82' lang='lat' dir='ltr'>aire</span> <span class='ocrx_word' id='word_1_224' title='bbox 328 2161 384 2199; x_wconf 89' lang='lat' dir='ltr'>non.</span> <span class='ocrx_word' id='word_1_225' title='bbox 395 2149 465 2200; x_wconf 87' lang='lat' dir='ltr'>-liatio</span> <span class='ocrx_word' id='word_1_226' title='bbox 476 2154 553 2201; x_wconf 87' lang='lat' dir='ltr'>antem</span> <span class='ocrx_word' id='word_1_227' title='bbox 566 2160 636 2211; x_wconf 84' lang='lat' dir='ltr'>quare</span> <span class='ocrx_word' id='word_1_228' title='bbox 649 2148 726 2199; x_wconf 83' lang='lat' dir='ltr'>ualere</span> <span class='ocrx_word' id='word_1_229' title='bbox 735 2148 832 2212; x_wconf 79' lang='lat' dir='ltr'>possint,</span> 
     </span>
     <span class='ocr_line' id='line_1_29' title="bbox 31 2219 833 2286; baseline 0.002 -18"><span class='ocrx_word' id='word_1_230' title='bbox 31 2223 67 2269; x_wconf 86' lang='lat' dir='ltr'>ast</span> <span class='ocrx_word' id='word_1_231' title='bbox 75 2221 153 2271; x_wconf 90' lang='lat' dir='ltr'>unitas</span> <span class='ocrx_word' id='word_1_232' title='bbox 165 2220 267 2286; x_wconf 85' lang='lat' dir='ltr'>corporis</span> <span class='ocrx_word' id='word_1_233' title='bbox 277 2221 385 2286; x_wconf 81' lang='lat' dir='ltr'>urpstici,</span> <span class='ocrx_word' id='word_1_234' title='bbox 397 2221 423 2271; x_wconf 87' lang='lat' dir='ltr'>in</span> <span class='ocrx_word' id='word_1_235' title='bbox 432 2234 477 2285; x_wconf 89' lang='lat' dir='ltr'>qua</span> <span class='ocrx_word' id='word_1_236' title='bbox 491 2220 558 2270; x_wconf 92' lang='lat' dir='ltr'>multi</span> <span class='ocrx_word' id='word_1_237' title='bbox 569 2232 594 2269; x_wconf 94' lang='lat' dir='ltr'>m</span> <span class='ocrx_word' id='word_1_238' title='bbox 603 2220 710 2284; x_wconf 85' lang='lat' dir='ltr'>operibus</span> <span class='ocrx_word' id='word_1_239' title='bbox 720 2219 833 2284; x_wconf 79' lang='lat' dir='ltr'>penina-</span> 
     </span>
     <span class='ocr_line' id='line_1_30' title="bbox 30 2288 833 2357; baseline 0.005 -21"><span class='ocrx_word' id='word_1_240' title='bbox 30 2288 69 2341; x_wconf 81' lang='lat' dir='ltr'>tie</span> <span class='ocrx_word' id='word_1_241' title='bbox 77 2294 299 2357; x_wconf 69' lang='lat' dir='ltr'>supererogaverunt</span> <span class='ocrx_word' id='word_1_242' title='bbox 304 2292 332 2341; x_wconf 88' lang='lat' dir='ltr'>ad</span> <span class='ocrx_word' id='word_1_243' title='bbox 340 2304 469 2343; x_wconf 86' lang='lat' dir='ltr'>mensnram</span> <span class='ocrx_word' id='word_1_244' title='bbox 474 2292 603 2343; x_wconf 84' lang='lat' dir='ltr'>debitorum</span> <span class='ocrx_word' id='word_1_245' title='bbox 611 2292 833 2354; x_wconf 66' lang='lat' dir='ltr'>muraenulas</span> 
     </span>
     <span class='ocr_line' id='line_1_31' title="bbox 29 2362 834 2427; baseline 0.005 -18"><span class='ocrx_word' id='word_1_246' title='bbox 29 2362 101 2413; x_wconf 85' lang='lat' dir='ltr'>etiam</span> <span class='ocrx_word' id='word_1_247' title='bbox 119 2363 277 2414; x_wconf 82' lang='lat' dir='ltr'>tribulationes</span> <span class='ocrx_word' id='word_1_248' title='bbox 294 2362 393 2427; x_wconf 73' lang='lat' dir='ltr'>iniustas</span> <span class='ocrx_word' id='word_1_249' title='bbox 407 2365 567 2414; x_wconf 87' lang='lat' dir='ltr'>sustinuerunt</span> <span class='ocrx_word' id='word_1_250' title='bbox 580 2363 706 2427; x_wconf 85' lang='lat' dir='ltr'>patienter,</span> <span class='ocrx_word' id='word_1_251' title='bbox 721 2375 762 2427; x_wconf 86' lang='lat' dir='ltr'>per</span> <span class='ocrx_word' id='word_1_252' title='bbox 776 2374 834 2427; x_wconf 83' lang='lat' dir='ltr'>quas</span> 
     </span>
     <span class='ocr_line' id='line_1_32' title="bbox 29 2432 831 2500; baseline 0.002 -19"><span class='ocrx_word' id='word_1_253' title='bbox 29 2432 152 2484; x_wconf 83' lang='lat' dir='ltr'>anuliitudo</span> <span class='ocrx_word' id='word_1_254' title='bbox 162 2446 279 2498; x_wconf 84' lang='lat' dir='ltr'>poenaaum</span> <span class='ocrx_word' id='word_1_255' title='bbox 290 2438 380 2499; x_wconf 87' lang='lat' dir='ltr'>poterat</span> <span class='ocrx_word' id='word_1_256' title='bbox 392 2435 495 2500; x_wconf 77' lang='lat' dir='ltr'>expiari,</span> <span class='ocrx_word' id='word_1_257' title='bbox 505 2435 526 2485; x_wconf 89' lang='lat' dir='ltr'>si</span> <span class='ocrx_word' id='word_1_258' title='bbox 536 2435 570 2485; x_wconf 87' lang='lat' dir='ltr'>eis</span> <span class='ocrx_word' id='word_1_259' title='bbox 584 2434 703 2486; x_wconf 81' lang='lat' dir='ltr'>dolaretur</span> <span class='ocrx_word' id='word_1_260' title='bbox 716 2452 722 2483; x_wconf 91' lang='lat'>:</span> <span class='ocrx_word' id='word_1_261' title='bbox 735 2444 831 2497; x_wconf 83' lang='lat' dir='ltr'>quorum</span> 
     </span>
     <span class='ocr_line' id='line_1_33' title="bbox 28 2506 829 2571; baseline 0.001 -17"><span class='ocrx_word' id='word_1_262' title='bbox 28 2506 162 2557; x_wconf 87' lang='lat' dir='ltr'>meritorum</span> <span class='ocrx_word' id='word_1_263' title='bbox 169 2511 234 2557; x_wconf 74' lang='lat' dir='ltr'>unm</span> <span class='ocrx_word' id='word_1_264' title='bbox 245 2511 283 2557; x_wconf 88' lang='lat' dir='ltr'>est</span> <span class='ocrx_word' id='word_1_265' title='bbox 293 2507 372 2571; x_wconf 87' lang='lat' dir='ltr'>eopia,</span> <span class='ocrx_word' id='word_1_266' title='bbox 382 2507 444 2571; x_wconf 84' lang='lat' dir='ltr'>qaod</span> <span class='ocrx_word' id='word_1_267' title='bbox 452 2520 545 2558; x_wconf 89' lang='lat' dir='ltr'>omnem</span> <span class='ocrx_word' id='word_1_268' title='bbox 553 2519 645 2571; x_wconf 79' lang='lat' dir='ltr'>punam</span> <span class='ocrx_word' id='word_1_269' title='bbox 655 2506 754 2557; x_wconf 80' lang='lat' dir='ltr'>neuram</span> <span class='ocrx_word' id='word_1_270' title='bbox 767 2516 829 2555; x_wconf 83' lang='lat' dir='ltr'>nunc</span> 
     </span>
     <span class='ocr_line' id='line_1_34' title="bbox 31 2575 831 2643; baseline -0.005 -14"><span class='ocrx_word' id='word_1_271' title='bbox 31 2580 161 2629; x_wconf 83' lang='lat' dir='ltr'>uiuentibus</span> <span class='ocrx_word' id='word_1_272' title='bbox 177 2579 303 2643; x_wconf 82' lang='lat' dir='ltr'>excedunt3</span> <span class='ocrx_word' id='word_1_273' title='bbox 317 2582 342 2629; x_wconf 89' lang='lat' dir='ltr'>et</span> <span class='ocrx_word' id='word_1_274' title='bbox 359 2578 474 2643; x_wconf 75' lang='lat' dir='ltr'>precipua</span> <span class='ocrx_word' id='word_1_275' title='bbox 497 2582 590 2642; x_wconf 87' lang='lat' dir='ltr'>propter</span> <span class='ocrx_word' id='word_1_276' title='bbox 611 2578 717 2628; x_wconf 88' lang='lat' dir='ltr'>meritum</span> <span class='ocrx_word' id='word_1_277' title='bbox 730 2575 831 2639; x_wconf 78' lang='lat' dir='ltr'>Christi,</span> 
     </span>
    </p>
   </div>
   <div class='ocr_carea' id='block_1_3' title="bbox 28 2648 830 3000">
    <p class='ocr_par' dir='ltr' id='par_1_6' title="bbox 28 2648 830 3000">
     <span class='ocr_line' id='line_1_35' title="bbox 28 2648 828 2715; baseline -0.006 -13"><span class='ocrx_word' id='word_1_278' title='bbox 28 2653 91 2715; x_wconf 79' lang='lat' dir='ltr'>quod</span> <span class='ocrx_word' id='word_1_279' title='bbox 104 2651 149 2702; x_wconf 85' lang='lat' dir='ltr'>etsi</span> <span class='ocrx_word' id='word_1_280' title='bbox 159 2650 184 2700; x_wconf 90' lang='lat' dir='ltr'>ln</span> <span class='ocrx_word' id='word_1_281' title='bbox 192 2650 338 2701; x_wconf 89' lang='lat' dir='ltr'>sacramentis</span> <span class='ocrx_word' id='word_1_282' title='bbox 350 2654 469 2715; x_wconf 86' lang='lat' dir='ltr'>operatur,</span> <span class='ocrx_word' id='word_1_283' title='bbox 478 2662 526 2700; x_wconf 90' lang='lat' dir='ltr'>nun</span> <span class='ocrx_word' id='word_1_284' title='bbox 536 2655 615 2700; x_wconf 87' lang='lat' dir='ltr'>tamen</span> <span class='ocrx_word' id='word_1_285' title='bbox 627 2648 730 2700; x_wconf 89' lang='lat' dir='ltr'>eliicacia</span> <span class='ocrx_word' id='word_1_286' title='bbox 743 2648 793 2711; x_wconf 76' lang='lat' dir='ltr'>eius</span> <span class='ocrx_word' id='word_1_287' title='bbox 803 2648 828 2697; x_wconf 92' lang='lat' dir='ltr'>iu</span> 
     </span>
     <span class='ocr_line' id='line_1_36' title="bbox 31 2720 829 2784; baseline -0.005 -11"><span class='ocrx_word' id='word_1_288' title='bbox 31 2722 178 2773; x_wconf 89' lang='lat' dir='ltr'>sacramentis</span> <span class='ocrx_word' id='word_1_289' title='bbox 198 2721 330 2784; x_wconf 85' lang='lat' dir='ltr'>includitur,</span> <span class='ocrx_word' id='word_1_290' title='bbox 345 2722 387 2772; x_wconf 90' lang='lat' dir='ltr'>sed</span> <span class='ocrx_word' id='word_1_291' title='bbox 405 2720 447 2772; x_wconf 86' lang='lat' dir='ltr'>snt</span> <span class='ocrx_word' id='word_1_292' title='bbox 461 2721 575 2772; x_wconf 85' lang='lat' dir='ltr'>infinitate</span> <span class='ocrx_word' id='word_1_293' title='bbox 595 2720 687 2772; x_wconf 84' lang='lat' dir='ltr'>excedit</span> <span class='ocrx_word' id='word_1_294' title='bbox 704 2720 829 2771; x_wconf 81' lang='lat' dir='ltr'>efficaciam</span> 
     </span>
     <span class='ocr_line' id='line_1_37' title="bbox 31 2790 830 2858; baseline -0.003 -15"><span class='ocrx_word' id='word_1_295' title='bbox 31 2797 230 2844; x_wconf 87' lang='lat' dir='ltr'>sacramentorum.</span> <span class='ocrx_word' id='word_1_296' title='bbox 246 2792 380 2844; x_wconf 79' lang='lat' dir='ltr'>dictumest</span> <span class='ocrx_word' id='word_1_297' title='bbox 391 2792 562 2857; x_wconf 82' lang='lat' dir='ltr'>antemsuprl‚</span> <span class='ocrx_word' id='word_1_298' title='bbox 576 2792 636 2858; x_wconf 81' lang='lat' dir='ltr'>quod</span> <span class='ocrx_word' id='word_1_299' title='bbox 650 2805 710 2842; x_wconf 88' lang='lat' dir='ltr'>unus</span> <span class='ocrx_word' id='word_1_300' title='bbox 728 2804 770 2856; x_wconf 84' lang='lat' dir='ltr'>pro</span> <span class='ocrx_word' id='word_1_301' title='bbox 785 2790 830 2841; x_wconf 90' lang='lat' dir='ltr'>alio</span> 
     </span>
     <span class='ocr_line' id='line_1_38' title="bbox 31 2862 828 2928; baseline -0.005 -13"><span class='ocrx_word' id='word_1_302' title='bbox 31 2865 161 2916; x_wconf 81' lang='lat' dir='ltr'>satisfacere</span> <span class='ocrx_word' id='word_1_303' title='bbox 181 2868 270 2928; x_wconf 80' lang='lat' dir='ltr'>putest3</span> <span class='ocrx_word' id='word_1_304' title='bbox 285 2865 362 2915; x_wconf 87' lang='lat' dir='ltr'>sancti</span> <span class='ocrx_word' id='word_1_305' title='bbox 380 2869 456 2915; x_wconf 88' lang='lat' dir='ltr'>antem</span> <span class='ocrx_word' id='word_1_306' title='bbox 472 2864 497 2914; x_wconf 93' lang='lat' dir='ltr'>in</span> <span class='ocrx_word' id='word_1_307' title='bbox 521 2864 603 2927; x_wconf 80' lang='lat' dir='ltr'>quidm</span> <span class='ocrx_word' id='word_1_308' title='bbox 621 2862 828 2927; x_wconf 84' lang='lat' dir='ltr'>superabundantia</span> 
     </span>
     <span class='ocr_line' id='line_1_39' title="bbox 32 2932 829 3000; baseline -0.003 -15"><span class='ocrx_word' id='word_1_309' title='bbox 32 2949 124 2999; x_wconf 89' lang='lat' dir='ltr'>operum</span> <span class='ocrx_word' id='word_1_310' title='bbox 136 2936 298 2988; x_wconf 77' lang='lat' dir='ltr'>satisfactionis</span> <span class='ocrx_word' id='word_1_311' title='bbox 314 2937 441 3000; x_wconf 81' lang='lat' dir='ltr'>inuenitur,</span> <span class='ocrx_word' id='word_1_312' title='bbox 457 2949 504 2988; x_wconf 89' lang='lat' dir='ltr'>uon</span> <span class='ocrx_word' id='word_1_313' title='bbox 515 2932 665 2987; x_wconf 78' lang='lat' dir='ltr'>determinati</span> <span class='ocrx_word' id='word_1_314' title='bbox 679 2947 720 2999; x_wconf 90' lang='lat' dir='ltr'>pro</span> <span class='ocrx_word' id='word_1_315' title='bbox 736 2934 780 2987; x_wconf 92' lang='lat' dir='ltr'>isto</span> <span class='ocrx_word' id='word_1_316' title='bbox 790 2933 829 2999; x_wconf 80' lang='lat' dir='ltr'>quai</span> 
     </span>
    </p>
   </div>
   <div class='ocr_carea' id='block_1_4' title="bbox 0 0 976 3284">
    <p class='ocr_par' dir='ltr' id='par_1_7' title="bbox 0 0 976 3284">
     <span class='ocr_line' id='line_1_40' title="bbox 0 0 976 3284; baseline 0 1"><span class='ocrx_word' id='word_1_317' title='bbox 0 0 976 3284; x_wconf 95' lang='lat' dir='ltr'> </span> 
     </span>
    </p>
   </div>
  </div>
 </body>
</html>
