1942 3284
206 175 274 213 1>ss
298 175 585 215 mneritas
613 176 918 216 sacnnmwn
943 174 1295 217 mentatum.
1459 171 1547 219 355

0 254 84 303 atu
116 251 299 316 peccati
326 253 541 315 venialis,
572 255 650 305 sed
689 254 793 318 quia
833 254 971 304 vitam
1005 255 1136 305 istam
1167 256 1314 308 sancti
1347 271 1431 307 rum
1471 261 1551 307 viu-

0 328 59 374 int
91 324 197 375 sine
234 325 434 388 peccatis
459 325 731 377 venialibus.

3 396 70 445 Ad
94 396 286 446 tertium
306 396 566 459 dicendum,
587 398 706 460 quod
726 399 872 462 major
889 402 960 450 est
980 398 1124 449 virtus
1142 400 1326 450 charitat
1339 403 1399 459 is,
1419 403 1551 460 rarius

0 469 122 518 thoe
146 473 487 518 sacramentum
505 507 518 530 ,
540 482 675 532 quam
700 470 941 521 venialium
968 474 1282 535 peccatorum.
1307 473 1419 523 Nam
1443 475 1551 523 sha-

0 552 52 587 ‚as
90 539 216 590 tollit
243 553 322 603 per
352 554 482 589 suum
512 544 661 590 actum
689 545 875 605 peccata
902 541 1095 593 venialia
1113 581 1125 603 ,
1155 557 1256 605 quae
1278 547 1427 592 tamnu
1467 559 1551 591 uun

0 614 140 660 ›ssunt
183 611 388 661 totaliter
423 611 647 676 impedire
678 617 827 664 actum
866 613 1122 664 charitatis.
1153 614 1209 664 Et
1248 617 1399 667 eaden·
1443 615 1555 663 [titio

0 686 13 731 t
43 683 100 733 de
130 684 229 734 hoc
255 689 555 735 sacramento.

561 865 880 917 ARTICULUS
912 866 969 916 V.

0 993 123 1034 trum
153 1002 249 1046 per
275 989 359 1034 hoc
385 993 741 1035 sacramentum
771 994 872 1035 tota
899 1002 1035 1047 paena
1064 994 1242 1048 peccati
1261 995 1555 1039 remifsrrrur.

5 1117 70 1166 Ad
108 1117 332 1180 quintum
364 1117 432 1167 sic
469 1117 744 1181 proceditur.
780 1117 970 1168 Videtur
1007 1117 1126 1181 quod
1159 1132 1242 1183 per
1279 1119 1367 1171 hoc
1411 1135 1555 1171 sarru-

0 1193 151 1238 2ntum
188 1192 288 1239 tota
328 1202 462 1252 poena
490 1188 663 1252 peccati
690 1189 963 1239 remittatur.
1014 1190 1158 1242 Homo
1201 1190 1322 1241 enim
1363 1207 1443 1255 pur
1475 1195 1559 1243 tum.

0 1265 286 1311 aramentum
332 1260 523 1324 suscipit
561 1260 610 1310 in
653 1273 703 1310 se
742 1262 955 1311 effectum
997 1262 1226 1326 passionis
1266 1263 1463 1323 Chrism
1503 1275 1551 1315 ut

0 1335 115 1380 ctum
144 1334 221 1383 est
242 1333 365 1397 (art.
396 1336 444 1394 1,
477 1346 555 1395 qu.
592 1332 678 1394 2),
709 1330 825 1381 sicut
850 1336 897 1382 et
917 1345 1001 1397 per
1020 1333 1320 1397 baptismum.
1351 1335 1435 1383 Sui
1479 1351 1559 1399 ῑῑιῡι·

0 1402 229 1467 ,ριίεωιιηι
269 1404 467 1468 percipit
492 1405 628 1453 homo
652 1402 971 1454 remissionem
1007 1406 1154 1456 omnis
1183 1419 1359 1469 poenae,
1391 1407 1559 1459 uir-tutu

0 1475 180 1527 issionis
207 1475 397 1538 Christi,
422 1488 522 1539 quae
551 1474 826 1525 sufficienter
855 1476 1080 1526 satisfecit
1106 1490 1190 1540 pro
1217 1479 1423 1527 omnihus
1451 1495 1555 1539 uns:-

0 1545 90 1610 ,tis,
113 1551 169 1598 ut
196 1562 257 1598 ex
287 1546 425 1611 supra
452 1547 587 1597 dictis
614 1550 739 1611 patet
764 1547 879 1620 (qu.
913 1551 989 1604 48,
1015 1551 1099 1597 art.
1131 1548 1208 1611 2).
1231 1548 1347 1611 Ergo
1379 1551 1555 1599 riutur-

0 1616 71 1667 rod
85 1632 171 1683 per
184 1622 278 1670 hoc
294 1622 624 1669 sacramentum
639 1618 1082 1668 hominiremittatur
1094 1623 1219 1670 totus
1233 1624 1383 1671 reatus
1400 1639 1559 1683 [urum.

17 1693 63 1739 2.
93 1690 324 1742 Praeterea
344 1727 357 1750 ,
390 1689 644 1740 Alexander
684 1690 810 1754 Papa
844 1690 952 1739 dicit
981 1706 992 1740 :
1028 1707 1055 1738 «
1082 1691 1209 1755 Nihil
1256 1691 1302 1739 in
1335 1695 1563 1743 sarr-uirus

0 1762 103 1827 iajus
131 1776 239 1814 esse
275 1765 452 1826 potest,
472 1762 609 1825 quam
633 1775 795 1827 corpus
823 1765 869 1812 et
896 1762 1082 1823 sanguis
1101 1762 1290 1814 Christi.
1313 1779 1339 1811 u
1371 1767 1459 1811 Suri
1487 1779 1563 1827 prr

0 1835 178 1887 icrificia
219 1835 395 1885 veteris
428 1835 545 1899 legis
588 1836 723 1886 homo
752 1834 1062 1886 satisfaciebat
1093 1849 1175 1899 pro
1204 1839 1403 1898 peccatis
1435 1839 1523 1886 suis
1551 1855 1559 1899 ;

0 1905 123 1956 icitur
154 1908 283 1959 enim
325 1908 461 1966 Lev.,
494 1907 552 1957 IV
583 1911 629 1957 et
662 1908 699 1955 V
731 1922 742 1955 :
774 1923 800 1955 «
828 1907 880 1957 Si
920 1907 1179 1971 peccaverit
1207 1909 1343 1958 homo
1363 1947 1375 1968 ‚
1403 1911 1563 1959 oiim-[zi.

0 1992 47 2028 oc
70 1981 144 2031 vel
172 1981 287 2030 illud
314 1993 395 2043 pro
418 1983 606 2044 peccato
635 1993 719 2029 suo
750 1982 796 2029 et
822 1980 1077 2030 remittetur
1104 1979 1167 2030 ei.
1200 1997 1228 2027 »
1264 1982 1379 2043 Ergo
1423 1983 1563 2031 madir·

0 2052 103 2113 tagis
128 2054 223 2103 hoc
246 2055 572 2101 sacramentum
597 2052 718 2101 valet
745 2051 800 2101 ad
824 2050 1138 2101 remissionem
1169 2052 1317 2101 omnis
1339 2067 1499 2115 prr-nur.

25 2126 66 2172 3.
105 2125 370 2183 Praeterea‚
400 2127 579 2173 constat
612 2122 733 2187 quod
768 2136 851 2187 per
890 2124 980 2173 hoc
1016 2126 1347 2174 sacramentum
1399 2127 1567 2183 nimum

0 2205 19 2242 e
42 2200 169 2245 reatu
200 2207 353 2259 poenae
386 2194 644 2256 dimittitur3
669 2195 790 2244 unde
820 2199 867 2244 et
894 2195 941 2243 in
965 2194 1320 2245 satisfactionem
1343 2195 1567 2259 anuuit-uua

0 2265 221 2333 1Juugitur
249 2268 368 2331 quod
403 2281 483 2331 pro
513 2280 562 2317 se
600 2268 760 2317 missas
790 2267 962 2317 faciant
988 2268 1219 2317 celebrari.
1255 2267 1343 2317 Sed
1379 2283 1464 2331 qun
1499 2283 1567 2315 ,πμ

0 2335 91 2388 ione
121 2354 214 2389 una
245 2352 357 2403 pars
390 2352 536 2403 poenae
567 2337 829 2397 dimittitur,
863 2339 1022 2389 eadem
1050 2338 1226 2388 ratione
1255 2340 1302 2387 et
1325 2339 1439 2399 aliass,
1467 2339 1571 2387 sinu

0 2408 110 2461 irtus
126 2411 327 2474 Christi,
359 2426 461 2475 quae
488 2410 536 2461 in
569 2413 657 2461 hoc
680 2414 962 2461 sacramento
984 2410 1242 2460 continetur
1259 2447 1271 2470 ,
1294 2409 1355 2459 sit
1375 2411 1571 2459 inunita*

0 2480 92 2543 Ergo
124 2486 309 2535 videtur
336 2484 454 2548 quod
489 2496 572 2548 per
606 2484 695 2534 hoc
722 2486 1053 2534 sacramentum
1087 2485 1181 2536 tota
1210 2495 1343 2546 poenu
1371 2483 1571 2531 odiatur.

37 2552 118 2605 Sed
147 2559 310 2606 contra
342 2559 438 2615 est,
469 2554 589 2618 quod
618 2553 867 2605 secundum
898 2556 987 2604 hoc
1009 2568 1102 2604 non
1134 2557 1258 2604 esset
1283 2554 1456 2603 homiui
1487 2555 1571 2602 arlia

0 2636 111 2684 >cena
135 2627 451 2690 injungenda,
486 2626 607 2677 sicut
630 2639 717 2677 nec
751 2626 979 2689 baptizato
1009 2624 1280 2689 injungitur.

46 2698 375 2760 (Coucmsm.
394 2724 457 2734 -
473 2699 573 2748 Non
616 2701 709 2748 tota
732 2698 908 2748 deletur
930 2710 1070 2761 poena
1091 2710 1148 2747 ex
1178 2703 1463 2747 sacramento
1487 2699 1575 2743 Eu-

0 2766 197 2821 :haristiae
215 2808 229 2834 ,
258 2770 343 2820 sed
371 2770 620 2820 secundum
654 2769 950 2833 quantitatem
983 2766 1237 2818 devotionis
1270 2767 1541 2816 sumentium
1563 2807 1575 2827 ,

0 2841 99 2890 κει-ἴα
121 2855 271 2906 poenae
305 2852 411 2905 pars
438 2840 705 2890 diminuitur
732 2853 815 2891 seu
843 2838 1106 2889 remittitur.

45 2909 313 2980 Respondeo
348 2912 590 2963 dicendum
609 2951 623 2976 ‚
656 2911 777 2977 quod
822 2912 913 2963 hoc
956 2914 1296 2961 sacramentum
1335 2907 1411 2959 ain·
1455 2907 1463 2919 “
