1942 3284
139 181 168 219 nn
182 179 368 221 mrmruarnus
382 180 415 219 an
429 179 608 220 sacrannrnrr
623 181 744 221 nsrrrsnr.
796 171 842 222 llll

60 255 136 318 penitus
149 258 228 309 mentis
244 258 334 319 alienae,
350 257 389 322 qui
407 258 439 307 ita
451 258 566 322 baptizare
580 263 682 322 conetur,
697 263 723 309 ut
732 272 802 310 unum
812 259 841 311 dc

61 328 163 393 pampas
178 329 309 380 nominibus
321 329 427 390 (scilicet
440 330 508 379 trinnr
521 329 696 394 personarum),
705 329 841 394 praetermit-
943 397 944 400 Ἴ

60 403 96 462 tat,
109 402 179 451 tamen
198 399 248 451 sine
262 399 404 464 perfectione
417 399 548 465 baptizabit.
562 418 576 448 u

85 476 231 538 (Cosmusro.
247 505 279 514 -
292 475 491 528 Cium-instituerit
514 477 617 530 Christus
638 477 745 544 baptismi
767 491 844 530 sacra-

59 551 143 597 mentum
160 563 210 599 cum
222 547 339 598 Trinitatis
355 548 500 599 inuocatione
522 548 582 613 dari,
597 562 738 613 consequens
755 554 790 600 est
805 563 842 600 sa-

58 619 150 668 cramenti
162 621 231 683 hujus
243 620 399 684 integritatem
408 619 470 682 tolli,
483 619 502 670 si
515 620 570 684 qnid
584 621 612 671 ad
623 621 714 686 plenam
724 619 843 672 Trinitatis

58 687 207 742 invocationem
219 691 336 756 pertinens
346 690 414 742 desit.
427 690 437 755 )

85 767 206 832 Respondeo
217 768 351 832 dicendum,
364 768 426 832 qnod
437 769 496 820 sicut
510 769 578 834 suprh
592 769 677 821 dictum
687 773 721 821 cst
733 772 789 834 (art.
802 769 841 835 T),

60 843 181 890 usamenta
193 840 278 890 habent
290 840 414 891 efficaciam
428 840 456 890 ab
475 839 620 892 institutione
633 840 728 892 Christi.
741 843 769 892 Et
779 841 841 906 ideo,

59 908 261 974 spretermittalnr
275 910 361 975 aliquid
377 925 457 962 eorum
472 925 524 976 qne
547 911 650 964 Christus
666 913 766 964 instituit
781 913 843 964 circa

58 979 135 1044 alipmd
148 987 328 1046 sacramentnm,
339 982 443 1034 efficacia
456 987 533 1046 caret,
543 982 588 1034 nisi
604 997 634 1034 ex
647 983 741 1049 speciali
750 978 843 1050 dispen-

58 1053 131 1104 satione
152 1055 202 1116 ejns
221 1054 263 1119 qni
280 1053 387 1104 uirtutem
413 1066 478 1104 suam
497 1055 643 1104 sacramentis
663 1069 710 1106 non
731 1055 841 1119 alligavit.

58 1122 146 1176 Christus
162 1129 238 1177 autem
255 1125 356 1176 institnit
373 1130 539 1176 sacramentnm
555 1125 664 1189 baptismi
676 1125 724 1176 dari
740 1141 793 1177 oum
807 1126 842 1178 in-

58 1197 161 1248 uocatione
173 1196 301 1248 Trinitatis.
313 1198 342 1247 lit
356 1196 408 1247 ideo
419 1195 527 1261 quicquid
537 1196 596 1248 desit
608 1198 634 1247 ad
646 1198 737 1261 plenam
748 1198 842 1249 inuoca-

59 1267 128 1319 liomm
138 1269 270 1334 Trinitatis,
280 1268 340 1319 tollit
349 1268 503 1332 integritatem
512 1267 629 1333 baptismi.
642 1270 688 1320 Neo
697 1270 773 1320 obsut
781 1270 842 1334 qudd

60 1340 176 1392 innomine
196 1342 265 1391 unius
280 1353 383 1405 persona
405 1338 538 1402 intelligitur
555 1339 598 1390 alia
618 1340 691 1406 (sicut
705 1341 730 1390 iu
752 1341 844 1393 nomine

61 1413 119 1464 Patris
137 1413 270 1477 intelligitur
288 1411 393 1475 Filius),
408 1415 448 1461 aut
463 1411 523 1476 qudd
542 1411 580 1463 ille
597 1411 634 1476 qui
653 1414 756 1464 nominat
775 1425 845 1464 unam

63 1484 117 1535 mbm
129 1498 265 1551 personam,
277 1487 354 1548 potest
369 1483 453 1534 habere
462 1487 549 1533 recum
560 1483 628 1534 tidem
642 1484 671 1536 de
684 1484 769 1547 tribum
781 1485 843 1548 quia,

66 1553 108 1605 siant
114 1558 139 1607 ad
151 1559 320 1608 sacramentnm
331 1553 452 1618 requiritur
462 1553 556 1606 materia
564 1554 685 1618 sensibilis,
696 1556 729 1606 ita
740 1559 764 1607 et
772 1553 844 1606 lorini

67 1627 166 1680 sensibilis.
178 1628 246 1678 Unde
260 1640 306 1678 non
320 1625 405 1676 sufficit
420 1625 547 1676 intellectus
564 1626 600 1676 uel
614 1625 670 1678 tides
683 1627 803 1678 Trinitatis
817 1628 846 1678 ad

64 1698 207 1760 mistionem
234 1698 390 1761 sacramenti,
413 1697 459 1748 nisi
481 1696 626 1748 sensibilibus
646 1697 722 1764 vorbis
748 1697 846 1750 Trinitas

63 1771 191 1834 exprimatur.
206 1770 272 1820 Unde
285 1773 308 1820 et
318 1769 341 1818 in
354 1767 468 1833 baptismo
481 1767 582 1830 Christi,
593 1768 632 1819 ubi
645 1767 690 1819 luit
698 1768 761 1835 origo
775 1783 843 1822 sano·

61 1840 176 1895 theudonis
192 1841 267 1893 nostri
279 1839 398 1904 baptismi,
414 1840 480 1890 alluit
493 1837 593 1891 Trinitas
610 1839 634 1889 in
650 1841 797 1892 sensibilibus
810 1841 843 1891 si-

60 1915 108 1978 gnis,
121 1916 207 1967 scilicet
221 1915 289 1964 Pater
301 1912 325 1962 in
336 1924 401 1973 voce,
414 1911 485 1962 Filius
498 1911 630 1964 inhumana
640 1917 730 1977 natura,
744 1913 845 1980 Spiritus

60 1993 136 2041 uncus
150 1989 175 2040 in
187 1985 301 2038 columba.
817 2033 818 2038 ,

84 2059 222 2125 ltprimum
235 2069 289 2120 ergo
299 2055 429 2118 dicendum,
443 2053 505 2118 qnod
518 2067 547 2104 en
555 2053 646 2118 speciali
661 2055 746 2107 Christi
759 2057 846 2108 reuela-

61 2132 125 2194 hono,
138 2129 238 2197 apostoli
253 2129 278 2178 in
293 2126 411 2193 primitiva
420 2125 524 2176 Ecclesia
535 2126 559 2175 in
570 2126 662 2177 nomine
675 2128 760 2179 Cluisti
770 2128 846 2192 bapti-

61 2204 140 2267 zabant,
149 2207 174 2254 nt
185 2213 272 2252 nomon
286 2197 386 2259 Christi,
398 2197 457 2261 quod
471 2201 520 2247 erat
533 2197 636 2249 odiosum
649 2199 733 2250 ludaeis
747 2203 770 2250 at
783 2200 847 2252 Gen·

62 2274 143 2337 lilibus,
157 2271 290 2326 honorabile
303 2270 446 2329 redderetur,
460 2282 502 2333 per
516 2270 560 2320 hoc
577 2269 637 2333 qudd
649 2268 677 2320 ad
689 2269 739 2334 ejus
755 2271 848 2322 invoca·

63 2345 136 2397 donem
151 2345 250 2410 Spiritus
262 2346 355 2394 sauctus
368 2341 463 2391 dabatur
477 2341 502 2390 in
513 2339 635 2405 baptismo.

88 2417 117 2468 ld
133 2416 259 2468 secundum
277 2413 412 2475 dicendum,
423 2411 483 2477 qubd
504 2412 635 2462 Ambrosius
660 2411 761 2476 assignat
781 2413 850 2466 raho·

64 2499 108 2536 nem
118 2501 184 2551 qnare
197 2471 362 2538 convenienser
374 2483 426 2534 talis
437 2482 578 2547 dispensatio
590 2481 640 2534 lieri
649 2483 724 2548 potuit
737 2483 762 2534 in
771 2483 852 2549 prinni-

64 2558 104 2607 lira
117 2558 232 2620 Ecclesia3
244 2556 299 2621 qnia
317 2555 404 2606 scilicet
425 2553 450 2604 in
471 2553 565 2605 nomine
584 2553 670 2605 Christi
690 2557 740 2605 tota
753 2555 854 2605 Trinitas

65 2627 191 2694 inteligitur.
206 2630 237 2680 Et
247 2628 299 2678 ideo
310 2628 454 2689 serrabatur,
469 2625 498 2675 ad
512 2625 587 2676 minus
600 2624 730 2689 integritate
743 2623 854 2688 intelligi-

67 2695 112 2763 bili,
123 2701 193 2753 lorma
205 2713 275 2764 quarn
289 2699 394 2750 Christus
407 2696 500 2747 tradidit
513 2695 538 2746 in
553 2696 685 2760 Evangelio.

93 2777 122 2827 lld
137 2778 227 2830 tertium
245 2775 382 2838 dicendum,
395 2773 456 2839 quod
472 2773 581 2824 Nicotaus
597 2775 661 2837 Papa
682 2773 767 2823 dictum
789 2785 857 2822 suurn

68 2847 170 2900 mmmm
187 2862 217 2900 ex
230 2849 319 2900 dnobus
333 2844 465 2911 premissis.
479 2845 508 2894 lit
520 2843 572 2895 ideo
586 2843 637 2907 ejus
652 2843 772 2908 responsio
784 2844 853 2905 patet

68 2920 172 2985 exprimis
182 2920 273 2973 duabus
286 2916 448 2974 solutionibus.

149 3033 193 3076 m,
752 3012 766 3060 t
