1942 3284
284 234 315 271 ou
330 232 443 271 nrunsruo
457 231 636 273 comnssronus.
811 229 856 276 ott

40 307 153 360 tinentia
165 305 298 371 superioris,
309 307 330 359 si
340 306 400 359 torte
409 306 516 373 proprias
529 307 639 359 sacerdos
649 309 711 359 esset
722 306 797 359 minin
807 309 856 359 ido·

45 394 118 433 neus
130 380 162 431 ud
177 378 336 445 apponendum
353 380 452 443 peccatis
468 380 567 431 salcime
580 380 713 432 remedium.

86 452 125 502 Ad
134 452 242 515 quartum
254 448 389 513 dicendum,
398 448 465 513 ,qnod
480 450 535 513 qnia
548 451 649 513 pretatis
659 450 770 501 incumbit
779 463 855 502 suem·

45 526 137 574 menta
151 520 300 585 dispensare,
317 534 368 584 que
380 520 471 572 nonnisi
484 520 565 571 nundi
580 525 678 585 tractae
690 522 789 581 debent,
803 521 855 573 ideo

45 604 197 645 concessum
211 595 247 643 est
256 590 318 641 cist
335 592 402 656 jure,
412 591 472 655 quod
486 592 575 655 possint
588 592 632 643 ritui
648 592 732 658 eripere
749 592 854 657 proprios

44 663 194 713 sacerdotes
209 660 350 713 confessores
357 698 366 725 ,
381 661 421 725 qui
434 660 544 725 cunnum
559 663 588 713 nd
597 664 657 725 nuc,
670 665 723 712 sunt
734 662 770 712 eis
783 674 854 727 snpe-

47 734 151 797 riores3
170 732 229 783 sient
244 732 314 783 etiam
332 745 392 782 unus
411 732 515 783 medicus
535 732 564 783 ab
583 732 630 783 utic
647 736 752 797 curatur,
763 744 810 795 pon
830 732 856 781 in

43 806 172 867 qnantum
182 802 300 864 medicus,
315 802 390 853 sedin
404 805 515 865 quantum
528 802 640 853 infirmus.

87 874 127 925 nd
135 874 242 937 quintum
254 874 390 937 dicendum,
403 873 466 937 codd
477 874 503 924 in
511 874 603 925 mamus
614 874 660 925 iilis
672 874 698 925 in
709 873 795 937 quibus
803 886 856 938 prou

46 944 241 996 babssitertimet
250 944 496 1009 poenitenspericnium
509 944 554 995 sihi
563 944 602 995 rei
611 944 759 995 sacerdotiex
769 945 856 997 cuntes

48 1017 128 1068 sione
142 1028 212 1079 quam
221 1015 243 1066 ei
253 1014 339 1067 tuomet
352 1016 419 1067 debet
433 1028 548 1066 recurrere
559 1016 590 1067 ad
602 1014 758 1079 superiorem.
776 1016 815 1065 rei
827 1017 856 1067 ab

48 1086 144 1138 codem
159 1088 238 1150 petere
256 1084 372 1137 licentiam
390 1084 456 1136 atteri
468 1084 607 1149 conitendi3
625 1083 686 1148 pudd
702 1085 723 1135 si
741 1083 855 1135 dtendnm

50 1158 150 1208 habere
166 1168 213 1207 non
227 1155 312 1221 possit,
324 1156 386 1208 idem
403 1162 439 1207 cst
450 1155 563 1219 indicium
577 1155 639 1219 pund
651 1156 681 1207 de
698 1154 738 1205 iiio
755 1154 796 1218 qui
810 1167 857 1206 non

50 1229 133 1279 habet
145 1226 235 1291 copiam
247 1226 371 1279 sacerdotis
389 1227 468 1277 :unde
476 1225 716 1290 mapisdeoetclipure
727 1225 856 1278 lucumoni

50 1297 207 1368 confiteatur.
214 1296 262 1347 Nec
274 1296 299 1346 in
309 1298 352 1355 troc
363 1296 528 1360 transgreditur
537 1296 620 1361 aliquis
628 1300 767 1361 promptum
779 1296 856 1347 Ecule-

51 1370 120 1432 siae,
135 1368 191 1431 quia
206 1372 319 1433 precepta
329 1366 388 1431 juris
400 1367 494 1433 positivi
505 1380 551 1419 non
568 1380 595 1419 su
608 1368 735 1420 extendunt
749 1368 809 1418 nitra
819 1367 857 1419 in·

51 1439 191 1491 tentionem
203 1438 430 1503 praecipimusque
442 1442 477 1491 est
488 1440 541 1490 finis
552 1440 673 1503 prerepti3
682 1437 721 1489 iric
729 1442 806 1489 unum
818 1441 856 1489 est

53 1509 177 1570 charitas,
191 1507 314 1561 secundnm
328 1509 475 1571 Apostolum,
489 1509 509 1559 1.
521 1510 597 1567 Tim„
607 1509 628 1569 i,
643 1512 667 1557 5.
681 1508 808 1558 Necetiam
815 1507 857 1559 uii-

54 1592 108 1645 qna
117 1578 204 1643 injuria
213 1578 239 1629 nt
250 1578 376 1641 sacerdoti,
390 1578 443 1643 qnia
454 1578 622 1643 «privilegium
633 1581 732 1629 moretm
742 1578 854 1641 amittere,

55 1648 103 1716 qui
121 1648 231 1701 concessi
240 1649 284 1699 sibi
296 1648 396 1699 abutitur
408 1652 555 1713 potestate.»

93 1720 129 1771 nd
139 1722 229 1773 sextum
239 1719 372 1781 dicendum,
381 1718 475 1783 quddin
488 1720 532 1769 hoc
539 1718 600 1781 cuod
612 1720 702 1782 oportet
713 1716 807 1781 proprio
815 1728 857 1768 su-

56 1790 153 1844 cerdoti
164 1790 283 1855 confiteri,
297 1803 344 1841 non
356 1793 457 1839 motatur
471 1788 510 1839 vir
528 1788 622 1848 saints,
634 1789 674 1839 sed
693 1787 810 1839 sufflamus
827 1789 857 1839 ad

58 1864 163 1915 satutem
176 1862 214 1912 uia
226 1862 339 1913 statuitur.
351 1862 459 1911 Puccuret
470 1864 547 1911 autem
563 1860 684 1920 sacerdos,
699 1859 721 1909 si
735 1870 782 1909 non
794 1864 857 1909 essct

58 1933 141 1985 tacitis
153 1933 182 1983 ad
199 1932 340 1995 pmnendcm
355 1930 471 1982 dcundum
487 1929 554 1981 atteri
569 1923 706 1991 renitendi,
717 1927 774 1992 quia
788 1929 856 1979 inuiti

59 2008 120 2057 sunt
132 2003 189 2053 uduo
203 2002 300 2065 infirmi,
315 2000 376 2065 qndd
390 2000 467 2065 potins
479 2000 531 2052 sine
546 2000 691 2052 confessione
703 2001 856 2060 morerentur,

60 2073 136 2139 quim
146 2073 186 2123 tati
197 2071 310 2125 sacerdoti
318 2072 488 2123 conflarentur.
497 2071 562 2123 Unde
569 2069 603 2121 ilii
614 2069 655 2134 cci
663 2074 717 2121 sunt
728 2069 799 2120 nimis
810 2068 856 2119 soi-

59 2144 138 2207 liciti‚
152 2148 179 2194 ut
198 2142 350 2195 conscientiis
371 2141 511 2194 subditorum
532 2154 574 2206 per
589 2140 757 2193 mniessmncm
773 2139 855 2198 sciant,

61 2214 145 2269 multis
156 2214 262 2279 laqueum
271 2211 422 2264 damnationis
431 2212 553 2277 injiciunt,
565 2215 591 2263 et
602 2223 645 2275 per
657 2222 800 2263 conseunens
813 2210 857 2261 sibi

59 2300 131 2352 ipsus.

358 2386 517 2440 contentos
531 2388 559 2436 ti.

66 2521 158 2569 Utrum
170 2517 258 2575 ottpcte
267 2512 502 2573 messalianorum
510 2512 607 2571 proprio
615 2474 733 2561 acerdoti
741 2516 856 2571 confiteri,

216 2590 246 2623 ec
252 2576 377 2635 prtoitepio
389 2576 427 2621 oet
441 2568 555 2621 monffitu
566 2576 704 2631 copem

95 2710 132 2763 nd
143 2708 248 2773 quintum
258 2706 292 2757 sic
301 2705 439 2770 proceditur.
450 2704 545 2755 Videtur
553 2702 617 2767 qndd
630 2716 679 2755 non
688 2704 761 2767 possit
775 2702 858 2766 anquis

64 2780 133 2834 alteri
145 2777 213 2842 qutun
221 2775 313 2841 proprio
321 2775 432 2832 sacerdoti
442 2774 561 2837 confiteri,
572 2773 642 2823 etiam
654 2787 685 2825 ex
693 2772 812 2837 privilegio
821 2773 859 2823 rei

65 2850 176 2903 mmdnto
191 2845 321 2911 superioris.
336 2846 394 2905 Quia
410 2858 456 2895 nun
473 2848 550 2909 potest
562 2843 653 2908 aliquod
666 2842 810 2907 priuilegium
821 2842 858 2891 in·
969 2894 970 2897 ,

65 2919 157 2987 dulgeri
163 2918 188 2969 in
202 2916 359 2982 prejudicium
370 2914 461 2967 alterius
469 2916 508 2981 (cx
517 2915 633 2978 Gregorio,
642 2913 683 2964 lib.
690 2913 720 2975 ii,
730 2912 798 2976 epist.
807 2911 856 2977 ³8).
