1942 3284
123 171 168 220 aro
256 178 460 231 messanam,
479 179 574 224 ossan
590 181 678 232 auu,
699 183 760 219 ear.
780 183 811 220 u.

121 269 170 310 non
182 256 291 321 competit
305 255 378 307 torma
389 255 539 308 sacramenti.
549 257 597 307 Sed
611 258 691 308 torma
707 259 789 323 hujus
806 260 935 310 samameati

121 341 170 382 non
179 329 289 393 competit
302 328 386 392 pueris,
402 327 442 392 qui
455 340 502 378 non
514 333 675 392 peccaverunt
687 341 736 393 per
746 331 831 381 uisum
845 335 870 381 et
881 330 936 379 audi·
957 360 958 365 κ

123 405 180 462 turn,
191 403 218 450 ut
233 403 258 450 in
267 400 340 450 torma
353 399 498 464 exprimitur.
508 399 568 464 Ergo
579 399 616 450 eis
627 399 681 451 dari
695 414 748 452 nou
764 402 841 453 debet
853 403 900 453 noc
909 414 936 452 a

124 475 273 523 crameutum.

155 543 314 604 (corausto.
326 567 357 580 -
369 542 418 592 tioc
428 544 609 604 sacramentnm,
623 540 679 591 cium
695 542 823 593 actualem
837 543 936 594 devoto·

122 626 175 665 nem
188 614 213 664 in
232 614 371 678 suscipiente
382 613 498 677 requirat,
513 612 591 675 pueris
606 612 712 664 conferri
727 628 780 666 nou
798 616 900 678 deba.)

154 685 291 748 Respondeo
299 685 428 748 dicendum,
436 683 498 748 quod
505 685 550 734 troc
558 687 733 734 sacramentum
744 686 826 750 exigit
833 687 938 737 actuaier
959 694 961 767 p

124 755 268 806 decadonem
277 755 302 805 in
316 755 466 821 suscipiente,
475 755 536 806 sicut
549 758 573 805 et
582 755 737 805 eucharistia.
749 757 825 808 Unde
836 757 939 809 sicuten-

124 826 231 878 ctaristia
245 839 292 877 nou
306 828 374 879 debet
387 827 434 878 dari
446 827 534 892 pueris,
548 827 580 876 ita
593 839 639 877 nec
650 827 697 877 noe
707 833 903 879 sacramentum.
959 868 960 871 η

155 900 189 950 Ad
197 900 297 964 primum
313 913 367 964 ergo
376 899 507 963 dicendum,
518 897 579 963 quod
588 897 745 950 infirmitates
758 899 788 950 in
802 901 889 966 pueris
901 913 937 951 ma

124 977 180 1020 snut
189 983 218 1021 ex
228 974 324 1036 peccato
335 971 419 1021 actuali
429 973 538 1031 causatu,
550 970 610 1020 sicut
619 969 644 1018 iu
654 969 756 1020 adultis.
766 972 801 1021 Et
813 976 898 1023 contu
906 972 938 1022 ilh
960 1000 962 1067 p

123 1041 240 1107 pracciput
257 1042 399 1093 infirmitates
414 1044 458 1092 troc
473 1044 641 1092 sacramentum
663 1041 749 1106 datur,
770 1057 833 1106 que
848 1047 902 1094 sunt
913 1055 936 1094 ex

123 1119 217 1178 perram
230 1118 338 1176 causata,
352 1115 418 1178 quasi
431 1113 521 1178 peccati
530 1112 641 1176 reliquia.

156 1187 191 1236 Ad
207 1186 332 1237 secuudum
351 1184 488 1248 dicendump
501 1183 563 1248 qnod
576 1195 622 1233 nou
641 1183 708 1234 datur
723 1187 814 1235 contra
829 1186 933 1250 reliquus

127 1257 246 1320 originalis
257 1255 359 1322 peccati,
369 1255 417 1306 nisi
428 1255 554 1306 seeundum
563 1253 624 1318 qudd
637 1258 693 1304 suut
704 1267 751 1318 per
766 1257 878 1307 actualia
888 1269 935 1322 per·
961 1306 963 1331 ‚

127 1331 177 1378 cata
197 1329 364 1392 quodammodo
380 1326 520 1378 confortate.
535 1327 598 1377 Unde
616 1324 781 1390 principaliter
800 1332 887 1378 centn
904 1340 936 1377 ae·

127 1399 197 1448 tualia
206 1403 302 1463 peccata
315 1401 381 1450 datur
393 1401 435 1460 (ut
448 1411 478 1448 ex
489 1399 539 1463 ipsa
551 1397 624 1448 iorma
638 1396 730 1461 patet),
746 1409 805 1461 qnae
821 1411 872 1450 non
888 1401 935 1449 snat

126 1479 152 1518 ru
166 1469 253 1534 pueris.

315 1613 317 1618 -
425 1575 584 1628 ARTICULUS
598 1576 627 1624 V.

176 1702 261 1748 Utrrtm
271 1702 298 1746 ira
310 1677 514 1746 hucsuerumenio'
520 1703 597 1745 totarm
604 1711 690 1756 corpas
699 1700 792 1758 inungi
808 1701 900 1748 dated.

162 1829 197 1878 id
207 1828 313 1892 quintum
327 1827 361 1878 sic
376 1827 512 1890 proceditur.
523 1826 618 1877 Videtur
627 1825 723 1888 quddiu
733 1826 781 1876 troc
791 1830 932 1877 sacramento

129 1900 204 1949 totum
224 1912 306 1962 corpus
328 1897 409 1960 inungi
432 1897 521 1948 debeat.
547 1896 605 1954 Quia
626 1894 756 1946 secundum
781 1898 932 1962 Augustinus

129 1969 182 2033 (lib.
190 1971 231 2020 Vt.
242 1971 279 2019 De
289 1970 369 2026 Trio„
378 1980 430 2032 cup.
442 1967 477 2032 6),
493 1985 508 2015 u
517 1968 592 2018 anima
603 1970 652 2016 tota
662 1969 699 2018 cst
710 1967 796 2020 intoto
805 1981 930 2034 corpure.»

129 2041 174 2090 Sed
187 2039 301 2106 precipue
315 2039 381 2090 datur
393 2041 437 2091 hoc
451 2043 618 2091 sacramentnm
630 2040 659 2090 ad
674 2041 807 2090 sanandam
827 2041 931 2091 animam

128 2109 189 2172 Ergo
202 2111 229 2160 iu
245 2123 338 2176 corpore
357 2114 404 2162 toto
424 2111 492 2162 denec
504 2109 607 2162 inunctio
622 2108 681 2160 fieri.

160 2185 183 2230 2.
196 2182 320 2244 Praeterea,
329 2182 369 2232 ubi
378 2186 413 2233 est
420 2182 520 2245 morbus,
528 2180 560 2232 ihi
569 2181 642 2232 debet·
649 2179 738 2244 apponi
753 2181 882 2233 medicine.
892 2180 932 2231 &d

73 2303 79 2314 ,
130 2252 264 2318 quaudoque
284 2255 377 2305 morbus
398 2259 434 2306 est
447 2252 584 2304 universalis
598 2257 621 2303 et
633 2254 658 2302 in
675 2257 728 2303 toto
742 2267 865 2318 corpore,
879 2255 932 2304 siout

130 2325 211 2378 febris.
226 2326 284 2388 Ergo
296 2329 369 2376 totum
383 2338 465 2390 corpus
477 2325 544 2375 debet
557 2323 645 2388 inungi.

161 2401 186 2446 a.
201 2397 327 2456 Preterea‚
341 2396 366 2445 iu
383 2395 497 2460 baptismo
510 2399 583 2446 totum
598 2407 681 2460 corpus
700 2395 864 2461 immergitur.
878 2395 933 2458 argo

130 2472 155 2520 et
166 2465 206 2519 irio
218 2471 291 2519 totum
305 2467 372 2518 debet
384 2467 473 2532 inungi.

161 2541 207 2592 Sed
218 2544 296 2590 contra
315 2543 351 2590 est
364 2537 498 2592 uniuersalis
514 2537 621 2589 Ecclesiae
631 2537 690 2587 ritus
700 2575 707 2598 ,
719 2538 854 2588 secunddm
870 2549 933 2603 quen

129 2623 177 2662 uon
192 2610 311 2675 inungitur
325 2611 429 2661 inilrmus
440 2611 484 2662 hoc
503 2614 657 2672 sacramente,
674 2609 721 2658 uisi
734 2609 761 2660 iu
774 2609 934 2661 determinatis

130 2684 233 2746 partious
245 2683 353 2746 corporis.

163 2754 325 2818 (concussio.
337 2755 427 2804 -Nou
448 2757 519 2804 totum
533 2765 631 2817 corpus,
644 2753 685 2803 sed
704 2763 739 2804 ea
752 2753 876 2803 dumtaxat
888 2754 933 2802 ia-
962 2752 963 2757 ’

130 2824 192 2872 mani
201 2825 304 2888 eorporis
314 2827 390 2888 partes
402 2825 483 2887 inungi
496 2827 547 2875 oleo
560 2823 630 2887 nujus
639 2825 779 2876 sacramenti
792 2825 895 2886 debent,
908 2823 932 2872 in

129 2891 213 2954 purim
226 2899 262 2944 est
274 2895 350 2959 aliqua
364 2893 490 2958 spiritualis
498 2895 638 2946 infirmitatis
648 2895 743 2956 mdix.)
