1942 3284
270 215 301 252 ns
315 213 420 254 umrcrn
433 213 607 253 conrerrronm.
796 207 841 254 ιιι

45 288 100 340 satio
111 299 187 352 pmuae
201 289 230 340 ed
243 289 341 352 eulpam.
350 289 395 340 Sed
408 288 483 352 ulium
495 290 563 354 culpa
572 301 614 355 per
623 289 725 343 memore
737 293 837 356 conpone

45 362 169 410 exercetm.
185 358 245 421 Ergo
258 358 311 409 edm
322 361 424 422 oporteat
435 359 464 410 ad
476 358 577 410 debitam
589 373 664 424 purum
675 373 836 426 recompenso·

44 429 141 491 tonent,
153 433 182 480 ut
195 446 209 476 u
221 441 325 493 perque
341 433 421 492 percat
432 430 485 493 quis
492 465 502 493 ,
514 441 557 493 per
569 432 620 482 lieo
632 435 657 482 et
670 435 835 495 mrqueumn»

44 499 129 548 uidetur
137 499 198 562 qaod
209 511 325 564 nunqnam
336 499 410 564 possit
422 511 490 563 poeua
500 500 579 552 totulis
593 502 683 565 peceati
697 515 740 566 per
752 505 837 555 contri·

44 567 126 618 tionem
139 568 226 620 exolvi.

73 642 95 688 ιι.
105 641 240 698 Praeterea,
257 639 321 690 dolor
337 639 480 692 contritionis
493 643 530 690 est
546 641 632 691 linitus.
646 641 693 694 Sed
706 644 836 708 proaliquo

43 712 147 770 peceato,
165 709 256 760 seilicet
273 711 363 760 mortali
383 711 479 761 deletum
499 723 567 776 poeua
581 710 683 765 infinita.
695 712 755 778 Ergo
773 715 836 766 nullo

44 779 106 830 nodo
118 783 194 842 potest
211 785 339 832 esseorum
351 779 474 842 contritio,
493 783 553 845 quod
565 785 635 833 totam
647 795 739 847 poenam
751 785 834 835 deleat.

72 849 115 900 Sed
129 854 210 901 contra
228 855 281 912 est,
295 851 354 914 qudd
369 851 429 902 Deus
442 851 494 914 plus
506 851 613 902 affectum
624 853 700 905 cordis
717 860 835 919 acceptat,
945 880 946 887 ι

44 919 108 982 quam
126 920 263 972 exteriorem
277 924 361 970 actum,
377 920 422 973 Sed
436 933 479 985 per
494 920 619 972 exteriores
636 925 701 973 adua
713 923 838 982 absolvitur
945 988 946 991 Ἴ

45 990 129 1042 lomod
139 1003 209 1056 poenu
218 996 243 1042 et
255 991 330 1058 culpa.
345 992 405 1058 Ergo
417 995 443 1042 et
458 993 563 1044 similiter
575 1005 617 1056 per
633 993 711 1045 cordis
721 995 836 1059 allectum,

46 1061 81 1124 poi
90 1067 126 1112 est
136 1063 253 1114 contritio.

72 1133 202 1198 Praeterea,
214 1133 345 1198 exemplum
358 1134 429 1198 hujus
441 1135 470 1186 de
479 1135 576 1186 Latrone
587 1135 693 1196 debetur,
705 1134 837 1188 cuidiotuur

45 1206 79 1252 eet
95 1217 102 1254 ι
120 1221 135 1254 ιι
155 1203 229 1256 llodie
246 1217 335 1255 mecum
353 1203 400 1255 erle
418 1203 444 1256 iu
462 1205 585 1269 paradiso,
601 1221 616 1252 o
634 1208 728 1269 propter
744 1207 837 1258 unicum

45 1273 182 1335 penitentie
191 1278 276 1338 ectum.
286 1275 366 1324 Utrum
382 1279 459 1328 eutem
466 1280 529 1327 totus
537 1279 614 1327 matus
621 1288 663 1340 per
676 1275 836 1328 contritionem

47 1356 131 1410 semper
149 1346 257 1410 tollatur,
270 1346 300 1396 ill
312 1347 393 1404 Seni..
415 1347 470 1400 dist.
487 1350 518 1398 ιι
531 1349 572 1411 (ιιι
587 1351 613 1399 et
624 1352 640 1397 ι
651 1352 723 1410 pert,
735 1360 778 1431 (pr.
791 1351 836 1411 ιιι,

47 1419 86 1466 ιιι.
96 1417 362 1482 t),quaesitumest,uli
371 1420 415 1469 lroc
424 1419 834 1483 ipsumdepoeuiteudaquuremtur.

74 1487 458 1551 (coumus10.-Coutritiu,sive
476 1502 507 1540 ex
519 1495 583 1553 parte
595 1490 729 1554 ιιιιιιιιιιι,
742 1489 793 1542 siue
807 1503 837 1540 ex

49 1561 107 1619 perte
118 1561 203 1613 doloris
216 1559 331 1612 sensibilis
350 1561 512 1623 consideretur,
523 1565 588 1610 ιιιιιι
606 1571 658 1611 csse
667 1563 760 1624 potest,
770 1565 798 1610 ut
807 1561 837 1611 ad

49 1626 133 1689 plenam
148 1633 221 1694 culpe
237 1634 262 1681 et
277 1642 351 1694 poure
363 1631 501 1682 deletionem
516 1629 638 1691 sufficiat.)

77 1697 210 1766 despondeo
220 1701 353 1762 dicendum,
366 1701 425 1764 quod
445 1700 544 1752 intensio
555 1699 696 1752 mentumis
704 1703 782 1764 potest
800 1703 836 1750 et·

49 1769 107 1820 teudi
123 1771 252 1838 dupliciter.
270 1771 321 1823 Uno
334 1773 400 1822 modo
417 1785 447 1822 ex
459 1775 523 1834 parte
542 1769 675 1832 charitatis,
685 1784 738 1835 pum
756 1769 836 1833 displi-

50 1841 139 1892 centiam
157 1846 252 1906 causat;
264 1845 288 1892 et
301 1842 335 1894 sic
346 1842 459 1906 contingit
470 1845 557 1891 mutum
572 1840 661 1891 intendi
670 1841 803 1892 claritatem
812 1841 837 1889 in

50 1913 105 1973 autu,
119 1913 179 1976 quod
191 1913 297 1964 contritio
310 1913 363 1964 iude
376 1925 474 1976 sequens
486 1913 609 1964 merebitur
621 1921 667 1962 uon
676 1911 751 1962 solum
761 1910 835 1973 eulpa

51 1980 191 2046 amotionem,
203 1984 242 2034 sad
253 1983 321 2034 etiam
330 1983 493 2034 absolutionem
504 1983 533 2034 ιι
545 1982 609 2033 omni
621 1981 837 2046 peramoenum

50 2056 145 2114 exparte
159 2053 244 2106 doloris
255 2053 383 2114 sensibilis,
394 2067 461 2117 quem
470 2054 575 2104 voluutas
587 2053 612 2103 iu
626 2051 763 2103 contritione
772 2050 836 2100 exci-

51 2120 92 2183 tae
104 2126 127 2172 et
139 2124 192 2188 quia
208 2121 247 2177 ille
265 2123 335 2174 etiam
350 2135 418 2186 poeuu
430 2124 533 2186 quedam
547 2127 600 2184 est,
611 2126 701 2174 ιιιιιιιιι
712 2125 790 2187 potest
799 2121 836 2171 iu

51 2190 124 2255 nudi,
137 2196 197 2258 quod
210 2193 309 2244 sufficiet
322 2195 350 2244 ad
363 2194 499 2246 deletionem
516 2195 626 2258 culparet
639 2206 723 2258 poene.

79 2262 111 2312 ld
128 2265 227 2328 primum
241 2277 295 2327 ergo
308 2263 440 2328 dicendum,
457 2265 517 2328 quod
536 2264 620 2328 adnuis
632 2277 678 2315 uon
692 2266 768 2327 potest
783 2276 836 2314 esse

52 2334 120 2383 certus
136 2335 197 2400 quod
214 2333 319 2386 contritio
336 2345 377 2384 sua
388 2334 419 2384 sit
437 2333 554 2386 sufficiens
567 2335 596 2384 ad
610 2333 746 2384 deletionem
761 2345 837 2397 poeueo

52 2403 73 2449 et
84 2403 170 2468 eulpe3
179 2409 204 2455 et
211 2404 264 2455 ideo
276 2407 368 2455 tenetur
379 2403 481 2454 mndteri
490 2407 514 2453 et
525 2416 552 2473 ea
551 2403 668 2465 tislucere,
675 2403 774 2454 maxime
784 2417 835 2454 cum

51 2473 149 2526 contritio
161 2486 275 2526 veronen
287 2473 395 2534 luerit,
373 2475 419 2524 mei
428 2457 569 2537 propositum
581 2473 703 2527 medlenti
715 2473 834 2526 habuisset

51 2549 174 2606 tuomum,
192 2545 252 2609 qnod
276 2544 343 2596 dehet
362 2544 391 2593 ud
409 2545 516 2595 enectum
536 2543 636 2607 adduci,
652 2544 724 2601 etiem
743 2549 836 2608 propter

51 2619 197 2679 preceptum,
208 2616 268 2678 quud
280 2619 316 2665 est
327 2614 356 2665 de
366 2615 510 2666 confessione
523 2615 609 2669 dutum
783 2628 790 2642 ·

80 2683 244 2738 Adsecuuduur
263 2684 383 2736 dicendum
390 2684 473 2750 ,qudd
493 2684 670 2748 situtgeudium
690 2683 786 2734 interius
798 2696 835 2734 re·

53 2748 210 2808 ducatuum
222 2755 252 2806 ed
261 2755 385 2806 exteriores
394 2755 496 2820 corporis
506 2759 594 2818 prutes,
604 2755 637 2806 ite
649 2753 719 2806 etiam
727 2752 806 2805 dolor
800 2765 836 2802 rn-

53 2821 117 2874 tenor
128 2827 157 2876 ed
169 2825 281 2876 exteriora
293 2825 393 2876 membru
408 2825 529 2876 derivatur
541 2825 606 2878 Unde
614 2824 696 2877 dicitur
704 2821 835 2882 Ριοιιιι,

54 2885 127 2942 llll·
121 2929 127 2944 .
121 2909 151 2946 ·u
161 2895 257 2960 Spiritus
270 2893 342 2946 tristis
351 2893 450 2948 exsecat
461 2905 521 2949 ossa.
531 2910 547 2943 ι
