1942 3284
135 174 169 221 tt
311 183 371 220 anns
388 183 431 225 nr,
448 180 539 225 onnsr.
557 180 633 228 nxrn,
650 180 704 217 aar.
720 156 758 216 ur.

134 260 197 325 qnhd
210 262 326 310 character
337 270 384 308 non
395 257 440 319 sit,
451 256 510 306 sicut
522 255 547 305 in
562 256 665 319 sthecto
671 292 679 319 ‚
692 253 831 319 inpotentia
843 255 935 319 anima,

133 332 174 383 sed
184 330 256 393 magis
269 330 293 377 in
308 327 409 379 essentia
423 327 505 390 ipsius.

167 407 190 451 3.
205 402 330 461 Praeterea,
344 399 451 463 potentiae
469 398 553 448 animae
571 398 688 449 rationalis
708 398 878 461 distinguuntur
894 412 936 464 per

135 473 262 537 cognitiras
275 478 298 523 et
314 472 462 535 appetitivas.
473 470 519 521 Sed
530 484 577 521 non
592 476 669 535 potest
684 470 729 521 dici
741 470 801 535 qudd
820 473 937 521 character

132 545 164 594 sit
179 544 268 594 tantirin
283 543 307 593 in
320 543 422 607 potentia
433 542 561 605 cognitiva,
578 556 651 607 neque
668 542 737 593 etiam
750 542 839 593 tanthm
854 543 877 593 in
893 557 936 607 po·

133 616 205 667 tentia
218 617 356 680 appetitiva,
371 614 484 678 quianon
498 614 613 664 ordinatur
629 616 740 678 nequead
754 615 935 678 cognoscendum

133 686 235 748 tandm,
252 699 328 749 neque
350 685 378 734 ad
397 685 560 749 appetendum.
577 684 686 734 Similiter
707 686 775 735 etium
796 698 842 735 non
860 689 937 748 potest

134 757 181 808 dici
194 757 253 821 quiid
268 758 299 806 sit
314 756 339 806 in
353 760 461 820 utraque,
476 758 530 820 quia
543 756 604 807 idern
615 756 721 806 accidens
737 770 782 807 non
796 760 936 821 potestesse

134 825 159 876 in
175 829 271 878 diuersis
288 828 404 891 subjectis.
420 830 479 891 Ergo
501 827 589 878 ridetur
601 827 662 890 qudd
678 830 794 878 character
808 840 854 877 non
868 827 934 877 sitin

133 900 237 962 potentia
251 900 341 963 animae,
357 898 414 949 sicut
425 899 450 948 in
459 900 570 962 subjecto,
585 901 625 950 scd
639 900 712 961 magis
724 899 749 949 iu
763 898 872 949 essentia.

166 970 210 1021 Sed
224 975 301 1021 contra
313 975 357 1033 est,
365 971 435 1035 qutd,
450 972 509 1021 sicut
521 971 545 1019 in
558 970 677 1035 praeniissa
688 969 820 1021 definitione
831 970 867 1034 (t)
882 970 935 1020 cha-

133 1041 227 1091 metaris
242 1041 384 1103 metiretur,
403 1043 518 1091 character
532 1041 668 1103 imprimitur
681 1041 760 1091 animae
774 1040 876 1089 rationaii
893 1052 934 1089 sc-

134 1110 233 1161 cundirm
247 1112 377 1175 imaginem.
391 1112 436 1163 Sed
451 1112 526 1175 imago
548 1113 663 1163 Trinitatis
679 1113 703 1162 in
721 1112 796 1161 anima
812 1111 935 1161 attenditur

133 1183 258 1234 secundnm
272 1186 393 1248 potentias.
402 1185 461 1246 Ergo
472 1186 589 1234 character
597 1184 621 1233 in
633 1184 742 1248 potentiis
753 1184 834 1233 animae
846 1182 934 1232 existit.
959 1156 960 1209 ι

168 1255 321 1315 (donatusro.
331 1255 429 1306 -Chm
439 1258 570 1307 charactere
583 1257 736 1319 insignientur
748 1254 825 1304 lidetes
839 1254 866 1303 ad
884 1267 935 1303 sus-

134 1325 261 1391 cipiendum
276 1329 311 1377 vet
331 1327 380 1378 aliis
394 1328 526 1377 tradendum
540 1340 591 1390 quae
603 1332 655 1377 sunt
671 1328 744 1377 divini
761 1326 843 1389 cuitus,
857 1327 896 1389 qni
910 1326 935 1375 in

133 1398 221 1449 actibus
233 1399 366 1462 qnihusdam
389 1399 506 1461 consistit,
519 1413 565 1449 non
578 1400 602 1447 in
615 1399 721 1462 essentia,
738 1400 775 1449 sed
789 1400 814 1448 in
829 1397 933 1463 potentia

134 1469 216 1520 anime
232 1483 324 1520 necesse
336 1474 371 1520 est
384 1472 539 1519 characterem
557 1471 634 1531 esse.)
959 1482 960 1497 t

165 1541 299 1604 Respondeo
311 1541 439 1603 dicendum,
452 1541 521 1604 qudd,
533 1541 592 1591 sicut
605 1540 689 1591 dictum
704 1545 740 1590 est
754 1541 811 1605 (art.
822 1538 865 1601 ht,
881 1539 935 1588 oha-

134 1614 249 1662 racterest
260 1613 373 1675 qiroddam
391 1611 532 1675 signaculum
543 1626 588 1676 quo
604 1613 678 1661 anima
690 1612 812 1674 insignitur
825 1612 852 1661 ad
862 1610 935 1659 susci·

133 1681 242 1746 piendum
256 1686 293 1734 vet
312 1684 363 1734 aliis
375 1686 509 1735 trudendum
528 1698 554 1733 ea
576 1698 625 1747 quar
647 1688 700 1735 sunt
714 1682 786 1733 diuini
799 1682 881 1731 cultds.
896 1680 935 1730 lti-

134 1754 203 1804 uinns
216 1760 292 1806 antem
310 1758 383 1805 cuitus
395 1756 420 1806 in
434 1757 569 1820 quibusdam
588 1756 675 1806 actibus
689 1753 808 1817 consistit3
825 1753 853 1803 ad
870 1756 935 1802 actus
958 1820 959 1823 Ἴ

135 1828 211 1875 autern
224 1825 314 1889 proprie
326 1826 459 1876 ordinantur
470 1827 580 1889 potentia
595 1826 684 1888 animia,
695 1825 752 1875 sicut
761 1823 861 1875 essentia
870 1823 935 1875 ordi·
958 1842 959 1845 ¹

135 1900 203 1946 natur
212 1898 241 1946 ad
250 1912 308 1946 ecce.
325 1899 354 1947 Et
363 1897 415 1947 idco
429 1899 546 1947 character
559 1901 661 1960 nonest,
676 1897 735 1946 sicut
749 1897 773 1945 in
784 1895 900 1958 subjecto,
910 1895 935 1944 in

134 1968 233 2017 essentia
247 1968 337 2028 animat,
352 1969 428 2018 sedin
442 1969 493 2032 ejus
505 1968 617 2033 potentia.

165 2040 199 2089 hd
210 2040 309 2103 primum
320 2052 374 2103 crgo
386 2040 504 2089 dicendum
514 2079 519 2101 ‚
530 2040 590 2105 qndd
601 2040 729 2104 subjectum
743 2037 811 2088 alicui
823 2034 934 2087 accidenti

134 2110 264 2160 attribuitur
279 2110 405 2161 secundhm
423 2112 534 2161 rationem
551 2113 602 2177 ejus
621 2114 649 2163 ad
665 2112 725 2175 quod
743 2106 869 2174 propinqut
889 2109 935 2158 dis·

133 2180 214 2245 pouit,
229 2195 274 2231 nou
288 2185 362 2231 eutem
376 2182 502 2233 secuuddm
519 2185 630 2234 rationem
643 2183 694 2247 ejus
708 2181 735 2231 ad
756 2181 815 2244 quod
834 2178 935 2245 disponit

134 2252 220 2303 remott
233 2253 270 2303 nel
280 2253 401 2306 indirectt.
416 2258 537 2307 character
554 2261 630 2307 autem
645 2253 730 2305 directt
741 2252 831 2317 quidem
843 2257 866 2303 et
880 2265 934 2316 pro·

133 2322 220 2387 pinque
238 2324 337 2387 disponit
353 2327 452 2375 animam
471 2329 500 2377 ad
516 2342 543 2378 ca
557 2341 609 2391 quae
630 2330 682 2377 sunt
695 2324 766 2376 divini
785 2323 861 2373 cultius
878 2337 933 2375 exe·

134 2397 240 2458 quenda,
255 2399 278 2446 et
294 2397 347 2459 quia
369 2399 417 2448 hoc
435 2398 516 2449 idonee
537 2412 583 2449 non
602 2399 660 2448 hunt
674 2398 723 2447 siue
741 2396 824 2446 auritio
838 2396 931 2459 gratim

133 2466 201 2530 quia,
216 2471 241 2515 ut
255 2468 335 2518 dicitur
352 2471 435 2527 Jouu,
449 2472 495 2533 lv,
511 2488 525 2518 n
542 2484 581 2521 eos
596 2470 635 2533 qui
654 2469 747 2519 adorant
760 2469 830 2517 Deum
844 2467 870 2516 in
884 2468 931 2531 spi·

132 2536 179 2587 ritu
197 2541 220 2589 et
237 2540 332 2590 veritate
345 2542 438 2591 adorare
452 2544 557 2604 oportet3
571 2557 584 2588 n
594 2553 623 2591 cx
634 2540 782 2603 consequenti
796 2538 875 2589 diuina
888 2538 932 2589 tar-

167 2646 201 2710 (t)
214 2651 267 2702 Quor
280 2651 304 2695 in
313 2657 357 2695 art.
374 2651 474 2705 praeced.
489 2650 659 2706 assignatum,
674 2662 764 2707 argum.
775 2648 822 2695 Sed
835 2654 929 2695 contrm

132 2711 239 2757 Definitio
253 2714 403 2769 mopictrotr'a
417 2725 459 2756 seu
478 2714 654 2769 mopistroritm
668 2718 764 2757 uocatur
782 2713 811 2757 ab
834 2713 932 2758 Atherto

133 2775 228 2834 niagno,
243 2776 296 2820 dist.
306 2775 331 2831 o,
346 2781 390 2819 art.
400 2773 430 2827 43
446 2775 549 2819 sedeam
561 2775 616 2819 dicit
629 2775 706 2821 rotati·
717 2776 870 2820 auctoritatis
881 2787 932 2819 non

133 2835 340 2887 theorasticae
356 2848 403 2881 uait
425 2838 617 2895 mopirtrorttm,
631 2840 691 2897 picto
707 2840 736 2883 r'o
754 2838 854 2897 scriptia
867 2838 933 2883 onti-

137 2910 242 2958 qttorctm
252 2912 302 2945 non
315 2900 453 2945 invenitor.
