1942 3284
247 218 279 254 nn
293 216 400 255 nrrncru
417 216 635 254 marmannorum.
812 206 843 253 bb

67 288 276 356 percipientibus
292 295 446 343 characterem
468 292 559 355 largitur
579 291 693 355 gratiam,
710 304 751 355 per
774 304 843 356 quam

65 360 226 426 digntimpleant
238 376 266 414 ea
276 366 304 414 ad
313 378 365 429 quae
375 365 520 427 deputantur.
536 364 564 413 Et
572 364 623 414 ideo
633 362 756 414 characteri
766 362 842 427 magis

63 436 89 480 ce
103 435 262 485 attribuendum
279 436 407 500 subjectum
425 434 549 485 secunddm
570 434 682 486 rationem
700 438 791 484 actuum
813 434 843 485 ad

63 502 146 555 durum
173 506 258 557 cultum
281 506 461 571 pertinentium,
485 505 553 569 qu'am
580 504 704 557 secundirm
731 504 843 556 rationem

83 648 236 699 hdsecundnm
246 648 381 710 dicendum,
391 648 453 711 quod
466 648 563 698 essentia
578 649 660 699 animae
670 651 705 699 εει
716 648 844 712 subjectum

62 722 148 779 potentie
159 721 269 771 naturalis
284 734 335 784 quae
353 734 383 771 ex
393 720 513 785 principiis
528 720 634 771 essentia
650 720 762 785 procedit.
781 720 844 771 Talis

62 793 119 839 auhn
128 794 226 855 potentia
240 795 337 843 nonest
351 792 482 855 character,
500 792 540 841 sed
550 795 584 842 est
597 793 701 855 quadam
717 789 842 857 spiritualis

59 862 175 922 northal
189 864 321 914 extrinseco
335 862 469 913 adveniens.
482 864 555 924 Unde,
565 865 624 913 sicut
633 863 734 915 essentia
749 862 840 927 animae,

57 943 154 996 perquam
162 940 198 986 est
209 935 323 985 naturalis
334 934 382 984 rita
395 933 504 995 hominis,
516 934 631 999 perficitur
640 949 680 998 per
692 934 786 998 gratiam
797 946 843 998 qua

56 1002 116 1053 anina
132 1005 280 1069 spiritualiter
295 1006 369 1067 uiuit,
384 1004 416 1055 ita
434 1006 536 1069 potentia
551 1006 661 1057 naturalis
679 1007 759 1057 animae
772 1006 843 1069 perti·

57 1073 100 1123 dtnr
114 1090 150 1139 por
164 1077 310 1143 spiritualem
330 1078 457 1141 potentiam
478 1092 527 1141 quae
549 1082 584 1128 εει
604 1079 734 1141 character,
750 1078 841 1127 habitus

57 1146 102 1195 enin
119 1153 140 1199 et
152 1150 276 1213 dispositio
295 1150 412 1213 pertinent
431 1149 459 1199 ad
478 1150 603 1213 potentiam
618 1149 717 1211 animae,
733 1164 760 1201 eo
781 1148 842 1215 quhd

57 1219 167 1270 ordinantur
186 1223 214 1272 ad
230 1226 298 1272 actus
312 1236 409 1287 quorum
425 1222 532 1287 potentiae
550 1223 604 1272 sunt
618 1221 741 1286 principia.
757 1223 786 1272 Et
803 1234 841 1271 ea-

56 1289 101 1410 dffi
107 1293 186 1344 ratione
200 1307 272 1345 omne
287 1293 349 1357 quod
365 1294 394 1343 ad
410 1298 484 1344 actum
496 1293 621 1355 ordinatur,
631 1298 668 1344 est
678 1294 786 1357 potentiae
800 1293 841 1343 tri-

102 1364 155 1414 dnm.

80 1434 199 1487 intertium
214 1436 350 1499 dicendum,
366 1433 434 1497 qubd,
450 1435 508 1485 sicul
524 1435 655 1485 dictumest
673 1435 726 1499 (art.
737 1434 773 1496 ε),
788 1435 841 1484 cba-

59 1508 233 1558 nouorhnacnr
243 1510 274 1557 ad
289 1521 316 1557 ea
334 1520 385 1570 qnae
396 1512 449 1557 sunt
459 1507 531 1557 divini
546 1506 636 1571 cultds3
652 1506 691 1570 qui
704 1506 796 1570 quidem
806 1508 844 1556 est

62 1576 136 1633 predam
147 1579 201 1630 tidei
214 1578 352 1644 protestatio
368 1591 409 1640 per
424 1579 536 1629 exteriora
551 1580 626 1641 signa.
641 1578 671 1637 Et
685 1577 736 1628 ideo
750 1580 842 1641 oportet

63 1644 256 1705 hddamctersic
268 1651 292 1700 in
301 1650 417 1714 cognitiva
426 1651 530 1715 potentia
540 1650 631 1711 animae,
640 1650 665 1699 in
675 1663 720 1713 qua
731 1653 766 1700 est
773 1650 839 1701 tides.

336 1828 494 1880 nantelinus
508 1829 537 1879 tt.

151 1954 237 2001 Utrr'em
249 1954 377 1999 character
387 1953 446 1999 insit
454 1954 542 1999 anicio
551 1954 718 1999 indelebiliter.

54 2141 58 2150 Ι
76 2076 102 2125 dd
113 2079 214 2140 pnicum
237 2079 273 2128 sic
286 2077 416 2142 proceditur
425 2079 470 2144 (1).
484 2078 580 2129 Videtur
593 2078 653 2142 qrrbd
667 2080 781 2129 character
794 2093 841 2131 non

52 2145 96 2194 nsit
108 2150 184 2201 animae
202 2150 366 2201 indelebiliter.
381 2149 470 2207 Quantb
483 2149 544 2199 enirn
565 2150 655 2214 aliquod
674 2150 781 2203 accidens
803 2154 839 2202 est

53 2218 163 2285 perfectius,
170 2222 239 2273 tantb
249 2221 337 2271 tirmids
345 2221 447 2270 inhaeret.
456 2222 502 2270 Sed
512 2220 582 2284 gratia
592 2225 628 2270 est
639 2222 761 2285 perfectior
770 2223 839 2285 quim

52 2286 157 2352 dancter,
171 2294 227 2356 qnia
240 2294 363 2343 character
377 2292 493 2342 ordinatur
503 2292 532 2341 ad
545 2292 649 2356 gratiam,
665 2293 724 2343 sicut
735 2295 762 2343 ad
776 2294 840 2344 ulte-

52 2355 116 2411 thren
133 2364 210 2415 briem.
239 2363 319 2413 Gratia
340 2366 415 2414 autem
437 2364 548 2413 amittitur
568 2377 608 2427 per
628 2368 756 2429 peccatum.
780 2366 840 2431 Ergo

52 2431 108 2482 uultb
116 2438 186 2499 magis
198 2438 328 2486 character.

71 2504 94 2579 1Ξ.
105 2505 231 2570 Phalerea,
246 2520 289 2571 per
303 2508 456 2557 characterem
473 2506 555 2569 aliquis
568 2508 689 2571 deputatur
698 2506 775 2559 divino
790 2510 840 2559 cul·

53 2570 148 2634 basiem
164 2579 252 2629 dictum
268 2581 304 2628 est
319 2578 379 2643 (art.
397 2581 409 2626 l
427 2576 501 2641 eth).
516 2578 558 2628 Sed
574 2578 643 2642 aliqui
660 2578 747 2629 iacultu
761 2579 839 2628 divino

53 2639 152 2697 boumont
164 2650 193 2698 ad
208 2647 350 2699 contrarium
362 2647 445 2696 cultum
454 2661 495 2711 per
502 2647 639 2712 apostasiam
647 2647 660 2697 h
669 2648 722 2697 tide.
735 2650 795 2710 Ergo
804 2647 841 2697 ui·

54 2707 103 2762 douc
113 2717 169 2779 quhd
181 2721 241 2770 tales
255 2718 365 2768 amittant
379 2719 532 2768 characterem
542 2717 737 2769 sacramentalem.

63 2861 106 2929 Ι(1)
117 2871 147 2916 De
162 2872 199 2919 his
217 2874 291 2919 etiarn
305 2871 348 2928 lv,
362 2871 439 2923 Seni..
453 2872 506 2917 dist.
522 2872 553 2933 d,
568 2886 609 2929 qu.
627 2871 651 2933 1,
664 2878 707 2919 art,
720 2870 743 2929 3,
758 2882 839 2927 quoes-

55 2925 149 2988 turc.t;
164 2936 230 2981 etad
244 2937 330 2982 Rom..
339 2933 394 2979 lect.
408 2934 433 2994 7,
445 2936 492 2981 col.
502 2934 526 2979 8.
