1942 3284
122 255 170 306 stt
260 265 461 314 murcrnnrurr,
477 266 575 312 onmsr.
591 266 681 314 mvn,
698 266 752 304 nr.
769 263 795 302 ru

124 343 308 394 Ecclesiasticae
319 341 481 398 llr'erorcbr'oe,
492 358 506 388 a
516 345 544 391 nt
552 341 687 392 subtiliores
697 346 721 391 et
729 340 834 391 clariores
846 354 917 393 essen

124 415 164 466 tiae
183 414 275 478 replete
288 413 375 462 iudum
386 412 494 462 solarium
507 413 672 478 splendorum,
683 411 764 462 lumen
777 412 802 462 in
813 412 848 464 eis
857 426 920 478 supe·

124 485 244 537 reminens
254 486 281 535 cd
294 483 467 535 similitudinem
481 483 538 534 solis
548 484 576 533 ad
588 483 635 533 alia
646 497 742 547 corpora
753 482 882 548 invehunt3
895 485 923 535 sic

124 557 149 606 in
161 556 241 608 diuino
251 555 314 606 omni
322 567 368 606 non
383 557 418 605 est
427 555 556 605 audendum
566 554 620 604 aliis
632 555 716 606 ducem
725 555 785 619 lieri,
794 555 840 606 nisi
847 569 922 606 secun·

124 628 180 679 dbm
193 639 282 679 omnem
297 625 399 676 habitum
417 639 483 676 sunm
497 625 572 676 lectus
585 625 617 676 sit
625 625 666 676 liei
682 625 840 678 lormissimns
854 628 923 679 etlleo

123 699 283 750 similinus.»
295 697 359 747 Unde
373 696 424 746 cdrn
438 697 462 746 in
476 697 579 761 quolibet
590 697 671 748 ordine
681 697 768 760 aliquis
783 700 926 749 constituatur

124 771 171 822 dux
192 769 241 819 aliis
259 767 284 818 in
299 767 367 818 rebus
388 767 486 832 divinis3
502 767 567 832 quasi
586 772 786 831 presumptuosus
808 770 926 820 mortaliter

124 845 214 907 peccat,
222 840 262 904 qni
271 839 323 890 cim
331 839 471 890 conscientie
479 839 567 903 peccati
576 838 677 889 mortalis
685 840 714 888 ad
722 840 818 890 ordines
826 841 926 892 accedit:

123 916 149 964 et
169 912 222 961 ideo
242 910 350 960 sanctitas
368 911 420 960 vitae
442 909 565 974 requiritur
578 909 608 960 nd
622 909 726 960 ordinem
744 911 775 960 de
793 913 926 962 necessitate

124 983 247 1050 precepti,
261 983 301 1034 sed
320 995 367 1033 non
382 983 410 1034 de
424 982 561 1033 necessitate
576 981 720 1032 sacramenti.
737 983 806 1034 Unde
825 985 849 1034 si
862 985 927 1034 malm

125 1055 254 1118 ordinatur,
268 1051 416 1105 nihilominus
428 1054 531 1106 ordinem
548 1054 634 1114 babet,
649 1049 731 1102 tumim
750 1067 810 1104 cum
828 1060 926 1120 peccrto.

159 1127 195 1178 id
205 1127 305 1193 primum
315 1137 368 1188 ergo
375 1125 504 1185 dicendum,
515 1124 576 1187 quod
588 1125 647 1174 sicut
656 1137 713 1174 vera
724 1129 927 1178 sacramentamd

126 1211 180 1264 que
198 1202 304 1264 peccator
317 1197 449 1261 dispensat,
465 1197 497 1246 ita
512 1209 593 1247 rernm
604 1200 777 1246 sacramentnm
791 1197 883 1250 ordinis
896 1211 926 1248 rr·

125 1270 203 1336 cipit:
222 1273 246 1320 et
264 1269 324 1319 sicut
336 1267 427 1330 indigni
441 1266 575 1332 dispensat,
586 1266 618 1317 ita
631 1266 728 1330 indigne
743 1268 840 1334 recipit.
958 1260 960 1271 '

159 1341 193 1391 dd
207 1341 330 1391 secundum
342 1340 475 1404 dicendum,
483 1339 544 1404 qnbd
552 1339 609 1389 illud
616 1339 776 1390 ministerium
784 1346 838 1394 erat
845 1341 925 1394 tanbin

125 1412 151 1462 in
170 1413 304 1462 executione
321 1412 445 1474 corporalis
458 1411 576 1475 obsequii,
593 1411 739 1474 quodetiam
756 1413 825 1465 licite
846 1426 925 1479 percr-

125 1485 188 1533 torer
205 1481 279 1533 lacere
298 1486 404 1546 possunt.
423 1481 496 1533 secius
510 1486 587 1532 autem
606 1485 643 1533 est
663 1484 692 1533 de
712 1482 850 1537 ministerio
867 1483 925 1550 spiri
958 1496 960 1543 ὲ

122 1555 196 1620 luali,
207 1553 236 1604 ad
247 1554 307 1618 quod
321 1553 462 1619 applicantur
472 1553 570 1604 ordinati
578 1571 586 1617 3
595 1553 649 1616 qnia
660 1567 703 1618 per
711 1554 795 1618 ipsum
806 1556 926 1607 efficimtrr
958 1570 960 1577 ’

125 1625 196 1678 medii
206 1626 265 1677 inter
274 1629 345 1677 licum
358 1630 381 1678 et
391 1626 481 1691 plebem
492 1640 498 1676 ε
510 1629 534 1676 et
551 1626 603 1676 ideo
616 1625 702 1676 debent
714 1626 781 1677 bona
795 1626 923 1679 conscienb
958 1666 959 1675 ,

125 1698 200 1749 nitere
218 1699 291 1763 quoad
307 1699 385 1762 Deum,
399 1701 422 1749 et
434 1699 494 1748 bona
508 1697 568 1746 lama
581 1697 656 1760 quoad
670 1696 793 1749 nomines.
958 1686 960 1743 l

158 1772 191 1821 dd
202 1771 297 1822 tertium
307 1771 437 1832 dicendum,
448 1769 508 1834 qubd
517 1769 599 1833 aliquae
608 1768 733 1820 medicine
750 1780 809 1822 sunt
821 1787 875 1837 quur
886 1770 922 1822 eni·
958 1778 960 1826 ὲ

127 1845 185 1904 gunt
197 1843 264 1894 robur
278 1845 374 1904 nature,
388 1841 444 1892 aliis
458 1855 509 1892 cum
520 1841 623 1904 periculo
635 1842 719 1891 mortis
730 1846 924 1905 assumuntur3et
958 1871 960 1881 s

125 1911 177 1962 aliae
192 1917 258 1975 snut,
272 1926 322 1976 qnae
337 1913 447 1964 debilibus
456 1912 504 1963 dari
513 1915 609 1976 possunt
624 1925 631 1960 :
645 1911 678 1960 ila
691 1913 766 1962 etiam
780 1913 810 1964 in
824 1915 925 1978 spiritur·
958 1917 960 1936 ¹

125 1979 187 2031 libus
198 1985 300 2046 quaedum
314 1988 455 2034 sacramenta
469 1986 523 2034 sunt
536 1983 639 2033 ordinatu
651 1983 680 2033 ad
692 1983 829 2034 remedium
841 1982 924 2050 peccrb

126 2053 151 2101 et
164 2051 217 2102 talia
229 2053 384 2118 peccatoribus
395 2058 450 2105 sunt
462 2054 599 2117 exbibenda,
609 2053 670 2103 sicut
684 2053 822 2118 baptismus
831 2061 856 2107 et
863 2053 925 2120 porri

122 2123 209 2190 tentic3
223 2128 267 2177 alia
281 2126 336 2178 verb
347 2141 397 2190 quae
412 2127 574 2192 perlectionem
594 2125 675 2189 gratie
696 2127 841 2192 conterunt,
858 2126 923 2192 requi·

125 2199 180 2247 runt
191 2199 307 2250 bominem
325 2199 474 2262 pergratiam
491 2198 650 2249 confortatum.

421 2376 582 2428 ARTICULUS
597 2377 625 2426 ll.

202 2501 287 2547 Utrum
297 2504 437 2559 requiratur
446 2503 546 2548 scientia
556 2502 628 2546 totius
637 2513 712 2545 sacra
721 2501 870 2558 Scriptum.

156 2629 189 2678 dd
206 2628 331 2678 secundum
341 2629 375 2678 sic
386 2629 524 2693 proceditur.
535 2627 630 2678 Videtur
640 2627 702 2690 qubd
716 2628 852 2691 requiretur
860 2628 927 2680 scien·

121 2697 156 2746 tiu
166 2699 236 2748 totius
247 2709 315 2748 sacrae
332 2698 461 2762 Scriptnrae.
474 2699 532 2757 Quia
545 2698 583 2748 ille
597 2698 664 2748 debet
677 2698 764 2748 babere
778 2699 841 2761 legis
858 2700 928 2749 scien·

124 2766 193 2824 liam,
210 2766 221 2816 l
239 2768 306 2831 cujus
322 2780 360 2818 ore
373 2769 410 2818 lex
428 2769 558 2832 requiritur.
574 2769 619 2818 Sed
629 2768 682 2817 laici
693 2784 708 2815 a
721 2770 799 2831 legem
811 2770 927 2834 requirunt

124 2835 152 2885 de
167 2847 205 2886 ore
220 2839 360 2900 sacerdotis,
374 2855 388 2886 o
404 2845 431 2888 ut
443 2844 507 2904 patet
527 2839 648 2897 Mataei„
670 2840 700 2889 ll.
720 2841 783 2903 Ergo
801 2840 856 2904 ipse
867 2840 928 2891 debet

126 2905 198 2954 totius
207 2907 264 2968 legis
276 2909 359 2959 babere
371 2909 498 2960 scientiam.

155 2979 179 3020 2.
197 2975 319 3041 Praeterea,
335 2979 437 3037 lPetr.‚
452 2979 483 3030 lll
499 2996 506 3031 ε
519 2983 621 3032 «Parati
635 2994 729 3046 semper
744 2983 775 3032 ad
788 2981 925 3033 satisfactio
