1942 3284
163 211 196 246 DE
212 209 368 248 roenrrsntlt
385 211 512 248 sdcdrlottnt
529 213 594 256 odon
609 213 652 250 usu
668 213 762 251 VIRTUS·
816 211 862 258 603

67 289 118 334 srnnt
127 285 282 336 emendabilia
293 299 334 349 per
347 289 422 336 uolunt
432 286 534 338 hominis
547 286 691 351 cooperantis
699 289 747 339 lieo
755 289 784 338 nd
797 301 861 340 nrum

63 355 262 417 justificationem.

94 427 128 475 lid
138 426 236 476 tertium
245 425 446 490 dicendum,qndd
457 427 566 491 quelibet
576 427 648 478 uirtus
660 428 765 492 spocinlu
777 430 857 480 lonne-

65 496 114 546 liler
132 496 231 560 expellit
254 496 356 546 nubitum
377 497 427 546 vitii
447 498 563 562 oppositi,
582 498 642 549 sicut
664 499 743 550 ailredo
768 501 860 564 expellit

65 566 206 629 nigredinem
220 566 248 615 ub
264 567 342 616 eodem
356 565 468 630 subjecto.
483 568 527 618 Sed
541 567 674 631 punitentia
688 570 783 633 expellit
792 583 860 622 onnne

65 640 183 700 peccatum
193 637 307 698 ellectivd,
316 637 341 686 in
350 641 459 700 qnantum
471 640 611 700 operatorud
623 640 797 693 destructionem
806 654 859 704 pec-

63 710 115 771 cati,
125 711 197 772 prout
210 712 245 758 est
254 707 387 758 remissibile
402 721 431 758 cn
443 708 519 756 cliviun
531 709 603 771 gnatia
611 710 704 761 homine
713 715 858 776 cooperante.

61 778 121 828 Unde
139 791 189 828 non
204 777 314 842 sequitur,
325 779 386 842 qnod
399 778 430 829 sit
442 779 516 828 virtus
526 779 643 842 genuculis

363 955 521 1008 ARTICULUS
536 955 577 1005 lll.

174 1080 260 1124 Utrum
273 1081 350 1123 virtus
359 1083 501 1135 pcerrtletrticu
511 1081 543 1149 sit
551 1081 636 1136 species
642 1081 753 1136 justitio.

89 1206 125 1256 Ad
139 1203 235 1257 tertium
248 1203 281 1256 sic
292 1203 426 1268 proceditur.
437 1204 531 1255 Videtur
545 1205 607 1268 quod
623 1205 697 1256 virtus
718 1204 858 1268 pertunde

60 1291 105 1328 nou
122 1277 155 1328 sit
173 1275 262 1340 species
274 1275 378 1338 justitie.
397 1275 489 1326 lustitia
501 1275 563 1326 eniun
575 1289 623 1327 uon
634 1279 670 1327 est
685 1277 758 1328 virtus
772 1277 859 1330 thsnlo

60 1349 126 1411 gina,
144 1349 189 1398 sed
201 1346 305 1409 morulis,
317 1349 343 1396 ut
354 1346 380 1395 in
393 1347 412 1396 ll
429 1349 495 1409 purte
505 1349 570 1410 putet
584 1348 613 1409 (1
626 1351 656 1410 t,
669 1361 709 1410 qu.
724 1351 771 1410 dt,
784 1352 828 1399 nrt.
842 1351 857 1397 t

58 1424 80 1468 el
90 1423 103 1466 3
113 1419 134 1482 ).
150 1415 292 1468 Pcenitentia
306 1420 380 1468 autent
394 1416 482 1467 ridetur
500 1430 552 1468 esse
564 1416 639 1468 uirtus
651 1417 791 1480 theologica,
805 1418 858 1482 quia

59 1489 127 1540 labet
140 1489 215 1540 iteum
228 1501 270 1551 pro
282 1487 386 1551 ohJecto,
400 1485 513 1538 satisfacit
530 1487 591 1538 enirn
603 1489 670 1551 Deo,
690 1490 729 1538 rui
743 1489 812 1540 etium
821 1502 858 1540 re·

58 1560 170 1611 conciliet
187 1561 338 1623 mucorem.
352 1559 411 1622 Ergo
430 1557 521 1609 ridetur
540 1559 601 1623 quod
614 1559 750 1624 punitentia
768 1572 815 1610 non
826 1560 858 1612 sit

59 1633 152 1696 species
165 1627 269 1693 justitie.

88 1709 113 1754 Ξ.
129 1705 258 1764 Piceno
271 1699 360 1764 justitia
380 1713 432 1750 cunt
452 1701 482 1751 sit
502 1700 575 1751 virtus
594 1701 699 1764 morulis,
713 1701 818 1754 consistit
832 1703 857 1750 iu

58 1775 147 1826 medio.
161 1773 208 1823 Sed
218 1772 352 1836 poenitentiu
363 1785 408 1822 nou
420 1772 525 1822 consistit
532 1772 557 1822 iu
567 1771 644 1821 medio
648 1807 658 1833 ,
670 1771 746 1822 sedin
759 1773 856 1835 quodam

58 1857 170 1905 excessu,
181 1841 304 1893 secundinm
315 1842 371 1892 illud
383 1843 528 1902 Jerem.,v1
540 1857 547 1892 ε
559 1858 573 1889 u
587 1842 683 1891 Luctum
695 1841 808 1904 unigeniti
821 1842 857 1892 inc

57 1915 100 1966 tili
118 1917 237 1981 planctum
259 1925 369 1963 amarum.
388 1930 402 1961 n
418 1914 478 1978 Ergo
494 1912 632 1978 penitentia
650 1925 698 1964 nou
717 1915 754 1963 est
767 1911 856 1976 species

55 1987 162 2049 justitize.

89 2061 113 2107 3.
129 2057 259 2118 Preteren,
276 2054 327 2105 due
345 2058 398 2105 suut
419 2054 507 2117 species
523 2052 621 2119 justitie
643 2053 689 2114 (nt
701 2052 783 2104 dicitur
797 2053 855 2104 inv

59 2127 185 2191 Erote),
198 2126 284 2176 scilicet
304 2139 319 2173 u
333 2125 475 2175 distributiva
494 2129 519 2176 el
530 2123 698 2176 commutetiru.
716 2141 731 2172 u
747 2126 793 2176 Sed
812 2125 855 2174 suit

58 2203 141 2251 neutra
154 2197 243 2249 ridetur
255 2195 386 2260 penitentie
401 2194 520 2246 contineri.
535 2196 595 2259 Ergo
607 2194 696 2246 ridetur
709 2195 769 2258 quod
781 2195 855 2259 poeni·

58 2269 130 2320 tentia
144 2281 191 2320 nou
204 2266 235 2316 nit
249 2265 338 2330 species
349 2265 454 2328 Juslitiae.

89 2345 113 2391 t.
128 2341 254 2400 Pretereu
266 2336 397 2400 superillnd
407 2337 477 2394 dccc„
488 2337 518 2387 vl
529 2348 535 2385 :
545 2336 630 2387 dilecti
638 2335 678 2399 qui
686 2347 749 2388 nunc
760 2336 830 2400 detis,
837 2353 852 2384 u

57 2411 115 2461 dicit
127 2410 209 2460 Glossa
228 2421 235 2457 ι
253 2407 339 2457 citone
354 2407 489 2470 prudentia,
503 2420 554 2470 que
573 2406 699 2458 ostenditur
716 2406 785 2470 quim
804 2408 854 2458 hec

57 2484 150 2532 terrena
162 2480 209 2530 sint
220 2478 319 2540 misera,
335 2481 358 2528 et
371 2475 438 2540 quim
455 2477 521 2528 heau
536 2477 645 2528 coelestia.
662 2493 676 2524 s
690 2478 737 2528 Sed
751 2478 804 2528 llere
818 2481 855 2528 est

58 2557 121 2603 nctus
134 2550 285 2616 penitentie.
299 2549 359 2612 lingo
372 2547 506 2612 penitentia
518 2548 592 2611 magis
604 2552 641 2598 est
655 2547 743 2611 species
754 2548 854 2612 prudeu-

59 2621 192 2688 tice,qutn1
208 2621 312 2684 jnstitiae.

88 2695 133 2745 Sed
152 2695 231 2743 contre
245 2695 294 2752 est,
306 2693 363 2756 qnod
386 2692 525 2754 Augustinus
541 2691 595 2741 dicit
608 2690 635 2741 iu
645 2691 685 2741 lit.
704 2691 742 2740 De
753 2690 853 2741 Ponit:

58 2781 72 2813 n
90 2762 232 2816 Pceuitentic
244 2765 280 2812 est
296 2765 399 2826 anaednnr
416 2762 515 2814 dolentis
525 2762 634 2825 uindicta,
648 2775 738 2825 semper
755 2760 854 2825 puniens

56 2835 82 2884 in
93 2850 117 2886 se
131 2834 192 2898 quod
202 2831 264 2882 dolet
276 2833 426 2883 commisisse.
440 2848 454 2880 o
473 2833 517 2884 Sed
531 2832 655 2882 vindictum
670 2832 745 2882 lucere
754 2829 855 2894 pertinet

58 2908 87 2956 ud
97 2903 225 2971 justitiern3
240 2903 297 2954 nude
308 2904 392 2954 l’nllins
407 2905 432 2954 in
442 2917 482 2954 suu
493 2906 560 2953 ittet.
575 2904 632 2966 (lit.
643 2904 664 2953 ll
683 2904 717 2951 De
730 2903 823 2950 invent.
833 2900 854 2963 l,
