1942 3284
34 193 35 202 ,
258 162 290 197 nn
305 160 385 199 crusti
401 160 621 199 secumcoepit.
811 152 842 199 69

67 234 129 285 tetre
139 249 178 300 per
187 248 237 299 ees,
248 237 307 286 sicut
319 250 360 301 per
367 237 471 299 quedem
480 236 640 288 iustmmenta.
656 238 687 287 ut
700 236 751 289 ideo
769 236 841 289 eidec-

66 309 92 356 tu
104 309 241 371 consequitur
255 309 280 358 in
294 308 471 372 suscipientibus
484 313 639 369 sepimenta,
656 323 704 359 nnn
717 310 844 360 secundini

64 378 216 430 riuiitudiuem
235 379 407 443 ministrorum,
427 382 466 430 sed
494 380 617 430 secunddm
640 379 843 444 configurationem

62 450 83 499 rd
93 451 208 503 din'stum.

83 524 111 571 td
119 525 239 573 secuudum
249 524 379 586 dicendum,
388 523 450 587 qudd
458 537 500 588 per
506 523 638 574 charitatem
649 524 749 575 membra
756 525 844 575 Christi

59 594 151 643 unimtur
164 608 205 644 sne
223 595 308 658 capiti.
325 599 351 644 ut
369 596 398 645 ab
411 608 439 645 ee
458 596 527 645 vitam
546 594 672 659 recipiant,
687 596 754 659 quia,
769 600 795 646 ut
809 595 845 647 di·

60 664 130 715 citurl.
142 668 226 723 tnnc„
237 667 283 726 lli,
297 667 359 730 equi
370 680 417 717 nnn
426 666 510 730 diligit,
527 670 604 717 manet
614 667 638 715 in
648 670 730 717 rnnrte.
740 683 755 714 r>
766 668 845 717 Potest

62 740 121 786 arten
140 739 222 801 aliquis
242 738 332 803 operari
345 751 387 802 per
402 738 578 787 instrumentum
593 750 672 787 carens
690 736 738 787 rita
752 742 776 788 et
789 738 803 788 i
818 750 845 789 se

59 816 184 874 separatum,
196 810 308 874 quuntdm
319 811 347 860 ad
361 810 461 874 corperis
475 809 599 869 unionem,
615 810 736 861 dummodo
747 809 778 859 sit
790 822 845 860 ceu·

55 879 143 942 iunctum
156 897 197 947 per
206 884 329 947 quamdam
340 883 476 945 motionem3
490 882 557 932 aliter
566 881 628 931 eninr
641 885 747 947 operatur
760 881 845 931 artifex

57 965 89 1014 per
102 966 207 1014 manum,
225 956 249 1003 et
262 954 330 1003 aiiter
344 967 386 1018 per
403 952 510 1004 securim.
529 953 567 1003 Sic
584 952 653 1016 igitur
669 952 773 1003 Christus
787 965 844 1016 epe·

56 1024 309 1088 ntnrinsacrameutis,
321 1028 346 1075 et
356 1036 397 1089 per
416 1026 502 1088 bonos,
518 1028 627 1089 tanquam
640 1038 681 1089 per
697 1024 798 1075 membra
808 1023 845 1073 ri-

56 1096 132 1159 ruta,
146 1103 169 1147 et
181 1111 222 1160 per
237 1098 327 1158 maios,
342 1100 450 1159 tauquam
463 1110 506 1159 per
516 1095 676 1147 iustrumenta.

80 1168 210 1219 intertium
223 1169 355 1229 dicendum,
368 1168 432 1233 quid
444 1167 530 1231 atiquid
541 1170 577 1217 est
591 1167 692 1218 debitum
701 1177 753 1219 esse
767 1168 793 1216 iu
806 1178 844 1217 sa·

56 1245 156 1291 currente
168 1240 290 1305 dupliciter
303 1256 310 1289 ι
325 1253 372 1290 une
386 1240 464 1301 mede,
477 1240 537 1289 sient
551 1238 650 1289 existens
665 1240 693 1289 de
706 1239 844 1289 necessitate

56 1311 192 1372 eminenti,
208 1312 270 1375 quod
285 1312 378 1373 quidem
396 1311 416 1360 si
432 1310 504 1370 desit,
519 1324 566 1361 nan
579 1310 695 1373 perficitur
716 1322 848 1359 sacramen·

55 1383 108 1441 tun,
116 1383 175 1432 sicut
187 1382 208 1433 si
219 1382 281 1433 desit
289 1382 368 1433 dehita
378 1383 450 1431 torma
463 1382 500 1432 rel
511 1381 589 1433 debita
603 1382 707 1431 materia.
717 1380 767 1430 Alie
778 1380 846 1431 mode

58 1456 88 1499 est
100 1454 181 1518 aliquid
194 1455 300 1505 debitum
317 1468 368 1505 esse
382 1455 406 1504 in
425 1458 568 1504 sacramento
585 1452 709 1505 secundini
726 1453 847 1517 quamdam

60 1520 181 1589 damiam,
194 1530 219 1575 et
230 1527 277 1577 trec
290 1526 359 1577 medo
371 1524 474 1576 detritum
488 1529 523 1575 est
536 1529 562 1575 ut
578 1524 675 1575 ministri
692 1525 847 1575 sacramente·

61 1603 101 1641 Mt
109 1595 147 1646 int
157 1597 223 1648 beni.

336 1704 499 1755 nstitutus
513 1704 552 1753 Vi,

124 1830 212 1875 verim
230 1830 293 1875 meti
306 1831 472 1875 ministrantes
493 1832 645 1875 sacramenta
664 1830 765 1885 peccent.

78 1955 108 2004 id
115 1961 205 2006 sextum
215 1955 250 2006 sic
259 1956 389 2020 proceditur
397 1956 441 2019 tt).
451 1956 547 2006 Videtur
555 1955 616 2020 qudd
627 1955 680 2006 muli
692 1955 847 2007 ministrantes

53 2031 200 2090 crumenis,
216 2040 264 2076 unu
283 2028 388 2089 peccent.
403 2027 541 2077 sicutenim
556 2026 696 2077 ministratur
706 2028 753 2077 Dec
771 2028 795 2077 in
809 2040 847 2078 sa·

51 2098 175 2159 mmeritis,
190 2100 225 2148 ita
238 2111 280 2162 per
289 2110 358 2161 opera
369 2097 493 2148 ciarimtis.
508 2098 573 2149 Unde
586 2098 669 2149 dicitur
683 2098 767 2153 Heba,
783 2098 845 2149 uit:

53 2165 227 2219 «Roeeieeutiae
242 2174 267 2219 et
286 2168 450 2219 mmmuuieuis
464 2169 535 2219 notite
551 2169 667 2232 obliuisci,
682 2168 766 2219 talibus
784 2169 847 2220 enim

50 2234 122 2289 hestiis
131 2242 279 2304 premeretur
288 2240 378 2289 deus.»
392 2240 436 2290 Sed
451 2240 506 2290 mali
519 2254 565 2291 nen
574 2245 670 2305 peccant
684 2240 704 2291 si
716 2240 847 2291 ministrent

50 2306 89 2359 tien
101 2313 125 2361 iu
138 2313 250 2376 operibus
266 2310 392 2374 charitatis,
403 2313 458 2375 quin
469 2313 517 2361 iurd
527 2314 570 2363 hcc
581 2316 616 2363 est
625 2313 660 2363 eis
672 2313 845 2373 consulendum,

50 2383 237 2433 acmuddmittud
247 2382 360 2441 Dnn.,1V
372 2399 378 2431 :
390 2400 403 2431 u
415 2383 539 2435 Consilium
551 2398 626 2435 meum
636 2384 782 2447 implerent,
794 2396 847 2447 pec·

51 2458 94 2501 crta
105 2460 145 2504 tna
159 2452 319 2515 eleemosynis
334 2452 428 2505 redime.
446 2456 533 2519 »Ergo
549 2455 639 2506 ridetur
654 2455 714 2521 qudd
730 2454 784 2505 rnaii
801 2466 849 2504 nen

50 2530 139 2582 toeoent
154 2527 304 2575 sacramenta
321 2524 475 2577 ministrando.

76 2598 99 2643 t.
112 2600 247 2657 preterca,
266 2593 399 2660 quicumque
425 2598 580 2649 communicat
603 2598 672 2649 alicui
693 2598 717 2648 in
735 2601 847 2662 peccato,

77 2755 109 2818 ii)
122 2761 158 2805 lte
174 2759 215 2805 iuis
227 2756 303 2801 etiam
314 2757 356 2813 tv,
367 2758 444 2809 sent„
457 2760 509 2808 dist.
529 2760 553 2818 5,
568 2774 608 2818 qu.
623 2762 651 2821 2,
664 2766 709 2807 ert.
726 2762 757 2821 2,
770 2772 850 2817 ques-

53 2819 115 2868 thuc.
125 2822 157 2874 ἐς
174 2826 202 2867 et
215 2820 278 2863 dist.
290 2815 327 2874 ii,
337 2831 376 2874 qu.
386 2822 413 2881 1,
427 2829 471 2869 nrt.
483 2820 613 2884 231ctdist.
624 2824 664 2883 at,
678 2836 718 2880 qu.
731 2823 754 2881 1,
769 2828 814 2867 art.
823 2822 849 2878 i,

54 2886 183 2935 minuc.
194 2882 228 2939 1,
244 2885 271 2925 et
284 2883 326 2923 att.
336 2880 358 2939 θ,
373 2886 508 2940 questiunc.
521 2886 533 2931 1
546 2892 570 2932 et
579 2886 603 2932 ⁵.
