1942 3284
124 150 171 197 ‘tta
264 158 468 207 surrnnmruu,
482 158 573 203 onmsr.
591 158 669 205 xruu,
682 157 739 193 aar.
758 158 786 193 11.

120 236 165 285 troc
180 234 241 298 qudd
254 234 337 299 aliquid
350 237 473 297 operentur
490 234 623 297 adipsum:
637 236 661 283 et
677 232 710 281 sic
724 234 876 283 sacramenta
890 245 931 281 re·

120 305 176 356 teris
194 305 252 369 legis
270 304 426 368 operationem
444 305 486 355 Dei
511 303 688 367 significabant;
705 302 768 353 uude
787 306 814 353 et
829 303 930 353 mundus

120 375 207 426 veteris
215 376 272 439 legis
283 377 418 427 ostendebat
426 376 525 439 tantbm,
535 379 558 427 et
567 374 624 425 nihil
632 374 781 439 operabatur.
792 374 847 425 llio
857 374 927 434 modo,

120 451 148 498 nt
164 448 293 511 significent
304 454 453 512 presentem,
467 452 491 497 et
510 447 568 499 nibil
581 447 610 497 ad
624 460 675 499 eam
689 449 841 511 operentnr;
858 450 882 496 et
901 446 929 495 sic

121 518 214 583 qnidam
229 518 320 582 dicunt,
332 518 393 583 qnbd
405 521 545 568 sacramenta
558 530 623 569 novae
635 517 695 581 legis
709 516 850 581 significent
865 518 929 567 colla

122 588 209 639 tionem
223 591 315 653 gratiae,
328 603 397 653 qnam
411 590 470 640 Dens
489 590 513 639 iu
527 590 578 653 ipsa
591 592 788 639 sacramentorum
813 588 930 639 collatione

123 660 175 721 dat,
190 659 239 710 sine
254 662 298 711 boc
311 661 370 724 qudd
384 662 408 709 in
420 662 567 711 sacramentis
581 660 611 711 sit
624 660 700 723 aliqua
710 658 787 709 virtus
797 660 931 723 operansad

122 732 227 796 gratiam.
238 732 267 782 Et
280 732 405 782 secundnm
413 735 473 782 banc
482 732 621 796 opinionem,
633 731 702 781 etiam
713 733 825 793 potestas
840 731 931 781 clarium

124 805 186 853 esset
195 802 285 852 tantbm
302 804 423 854 ostendens
436 803 535 853 divinam
549 801 704 867 operationem
724 800 750 851 iu
765 800 847 865 culpae
861 800 930 849 remis

124 871 203 936 mone,
217 875 242 923 iu
259 874 309 941 ipsa
322 874 457 925 sacramenti
475 874 595 924 collatione
608 874 701 923 tactam.
715 872 800 922 Tertio
813 872 899 933 modo,
911 873 931 919 ut

124 944 256 1008 significent
269 948 370 997 divinam
384 948 540 1012 operationem
554 946 580 995 ad
600 944 762 996 remissionem
781 944 863 1008 culpat
876 956 929 1009 pror·

125 1020 224 1079 sentem,
235 1022 258 1071 et
271 1020 297 1069 ad
309 1019 383 1082 ipsam
392 1016 477 1081 aliquid
485 1016 649 1083 dispositir'eet
658 1016 877 1065 instrumentaliter
884 1026 928 1079 ope

124 1092 219 1152 rentnr3
231 1094 254 1140 et
264 1090 297 1140 sic
311 1088 434 1140 secundbm
444 1088 512 1139 aliam
523 1086 653 1152 opinionem
664 1100 716 1150 quae
727 1086 866 1137 sustinetur
879 1099 929 1135 oon·

74 1204 91 1218 ,
125 1160 227 1224 muniris,
236 1165 376 1211 sacramenta
389 1174 455 1211 novae
466 1159 523 1225 legis
537 1158 723 1210 emundationem
737 1160 872 1209 ostendunt
879 1158 929 1207 diri·

125 1232 190 1281 nitbs
208 1232 294 1282 factam
307 1248 314 1282 a
329 1234 354 1281 et
366 1234 411 1282 hoc
427 1232 493 1281 modo
511 1230 580 1281 etiam
596 1229 702 1280 sacerdos
721 1230 781 1282 nori
795 1228 930 1281 Testamenti

127 1299 228 1352 ostendit
241 1303 357 1352 absolutos
369 1302 382 1352 a
392 1302 469 1366 culpa,
482 1302 536 1365 quia
549 1299 753 1365 proportionaliter
766 1305 866 1364 oportet
877 1299 930 1361 loqui

126 1372 155 1422 de
170 1374 318 1424 sacramentis
331 1375 397 1424 etde
410 1376 524 1437 potestate
540 1372 705 1422 ministrorum.
721 1373 774 1422 Nee
792 1372 875 1423 obstat
884 1371 930 1435 quin

127 1444 203 1495 clares
217 1444 322 1496 Ecclesia
341 1444 369 1495 ad
386 1444 544 1495 remissionem
558 1442 630 1508 culpae
645 1442 787 1507 disponant,
799 1444 858 1507 quia
874 1444 931 1506 culpa

124 1515 173 1580 jam
185 1522 220 1568 est
232 1517 328 1568 remissa
343 1534 349 1568 :
363 1517 423 1568 sicut
434 1530 476 1567 nec
486 1516 546 1581 qudd
560 1516 687 1581 baptismus
699 1516 815 1581 disponat
829 1515 930 1581 quentin

124 1588 150 1639 in
165 1602 189 1639 se
203 1592 253 1652 est,
263 1588 287 1638 in
301 1602 328 1640 eo
342 1590 381 1653 qni
393 1588 441 1651 jam
462 1587 614 1637 sanctificatus
627 1588 673 1637 est.

159 1662 193 1711 bd
212 1661 337 1711 secundum
355 1660 493 1720 dicendum,
508 1658 570 1722 qudd
583 1671 657 1722 neque
673 1660 854 1709 sacramentum
872 1656 930 1722 puni

126 1733 215 1795 tentiae,
231 1746 305 1795 neque
320 1733 486 1781 sacramentum
501 1728 622 1792 baptismi,
638 1728 758 1791 operando
776 1730 895 1793 pertingit
906 1728 930 1777 di-

127 1803 190 1854 rectb
204 1804 233 1853 ad
243 1803 348 1866 gratiam,
364 1815 406 1852 nee
419 1802 447 1852 ad
460 1802 534 1865 eulpae
543 1798 715 1862 remissionem,
730 1801 773 1849 sed
790 1798 929 1865 dispositive.

159 1876 223 1925 Unde
232 1876 301 1923 etiam
314 1878 378 1939 patet
388 1872 506 1936 responsio
521 1872 548 1922 ad
563 1872 663 1921 tertium.

161 1945 216 1994 blla
229 1945 328 1995 rationes
341 1946 466 1994 ostendunt
479 1943 540 2007 qudd
550 1943 578 1993 ad
587 1940 750 1992 remissionem
765 1942 847 2007 culpan
858 1938 930 1993 directi

127 2014 224 2064 clarium
240 2016 342 2076 potestas
356 2028 403 2065 non
416 2019 537 2079 operetur,
552 2014 611 2079 quod
625 2012 807 2063 concedendum
822 2018 870 2065 est.

423 2190 582 2243 nbrtcbttts
594 2192 623 2240 ll.

137 2290 143 2300 ⁴
154 2318 241 2361 Utrum
250 2316 360 2361 sacerdos
369 2315 442 2372 possit
450 2315 572 2359 remittere
579 2316 703 2371 peccatum
714 2314 799 2370 quood
808 2326 911 2371 mmor.

161 2443 195 2492 td
214 2443 337 2492 secundnm
354 2442 388 2492 sic
404 2440 543 2505 proceditur.
559 2440 655 2490 Videtur
674 2438 734 2501 qudd
761 2442 876 2493 sacerdos
894 2454 931 2491 uon

127 2513 202 2579 possit
208 2514 322 2563 remittere
332 2518 449 2578 peceatum
457 2513 532 2577 quoad
542 2524 645 2577 poenam.
657 2512 756 2560 Pecealo
766 2512 834 2562 enim
845 2515 932 2565 debclm

126 2600 198 2649 poena
210 2589 293 2636 aterna
309 2588 332 2634 et
344 2584 485 2649 temporalis.
500 2584 542 2634 Sed
556 2585 629 2633 adbuc
643 2587 694 2647 post
706 2582 883 2635 absolutionem
899 2598 932 2635 sa-

127 2656 226 2707 cerdotis
240 2658 316 2706 manet
332 2656 446 2717 paenitens
458 2656 571 2718 obligatus
585 2656 613 2704 ad
632 2666 724 2717 poenam
738 2656 897 2717 temporalem
912 2656 931 2703 in

126 2725 273 2788 purgatorio,
285 2725 324 2774 rel
343 2725 368 2774 in
381 2728 425 2776 troc
443 2726 528 2776 mundo
541 2725 678 2776 taciendam.
694 2724 756 2789 Ergo
771 2738 822 2777 non
841 2726 930 2777 dimittit

126 2794 207 2859 atquo
218 2798 284 2847 modo
295 2810 396 2860 paenam.

161 2870 184 2917 Ξ.
200 2867 325 2931 Praeterea,
340 2869 444 2920 sacerdos
455 2881 503 2927 ¹non
517 2870 592 2933 potest
609 2866 762 2933 prejudicare
782 2867 882 2933 justitiae
896 2867 929 2917 di-
