1942 3284
150 171 183 220 62
327 183 387 221 nans
403 184 445 234 rrr,
464 179 559 226 consa.
576 183 646 234 nxrr,
663 184 718 221 anu.
736 180 779 222 ur.>

148 258 269 322 Apostolus
289 259 343 308 dicit
357 260 375 308 l.
391 258 426 308 od
445 259 569 317 corinth„
590 259 644 309 xl:
664 276 679 307 «
691 261 778 310 Cetera
802 274 854 311 cum
869 274 947 313 renuo

147 329 279 394 disponam.
291 345 305 376 u
349 359 351 364 -

182 401 217 450 ad
235 401 359 450 secuudum
376 401 514 464 dicendum,
527 401 589 466 quod
610 415 647 452 res
668 403 786 455 sensibiles
806 405 949 468 aptitudinem

150 472 272 537 quamdam
286 473 371 522 habent
385 474 412 522 ad
430 473 604 536 significandum
617 474 748 538 spirituales
762 475 856 527 eiectus
875 490 904 528 ex
915 477 948 528 sui

148 547 246 608 natura;
259 544 299 594 sed
314 544 359 594 ista
372 545 476 609 aptitudo
491 546 653 597 determinatur
666 547 695 596 ad
706 547 827 610 specialem
839 548 947 612 signifiea-

152 616 239 666 tiouem
248 629 279 666 ex
288 610 437 668 institutione¹
446 617 531 667 diviua.
542 619 572 667 Et
579 619 624 669 lroc
637 619 742 682 estquod
754 619 820 682 liugo
831 622 859 672 de
868 621 945 671 Sancto

152 687 245 738 Victore
258 687 311 738 dicit
327 687 376 752 (lic.
392 690 412 739 l.
425 689 463 738 De
475 690 649 748 sacramentis,
664 693 729 754 parte
739 692 779 754 Ill,
791 704 843 754 cap.
853 692 949 757 1),un

155 775 171 807 a
185 762 350 810 sacramentum
371 773 400 810 ex
416 759 562 812 institutione
575 761 696 824 siguificat.
712 778 725 808 u
739 763 859 824 Praeelegit
880 768 949 814 mmor

153 829 213 880 Deus
228 831 336 893 quasdam
347 845 384 882 res
399 833 449 882 aliis
463 833 493 882 ad
515 832 693 896 significationes
711 834 901 890 sacramentales,
910 846 951 884 nou

155 901 208 964 quia
229 903 257 952 ad
271 915 310 954 eae
320 905 466 955 contrahatur
480 905 532 968 eius
548 904 643 955 effectus
658 905 702 970 (1),
720 905 761 956 sed
774 907 802 954 ut
822 905 853 955 sit
872 919 951 957 conre-

158 973 257 1024 uientior
269 973 412 1038 significatio.

188 1047 222 1097 ad
235 1046 329 1096 tertium
345 1047 480 1110 dicendum,
495 1048 556 1112 quod
572 1048 674 1112 Apostoli
687 1051 711 1099 ot
725 1061 803 1099 eorum
817 1060 952 1100 successores

157 1117 300 1169 suntrioarii
311 1118 368 1180 liei,
380 1117 489 1183 quantum
503 1119 530 1168 ad
544 1120 647 1184 regimen
660 1119 767 1173 Ecclesia
781 1121 952 1184 coustitutepcr

157 1187 226 1240 fidem
243 1192 267 1240 et
280 1189 333 1240 fidei
354 1195 503 1240 sacramenta.
520 1191 598 1253 Unde,
614 1191 672 1241 siout
687 1204 734 1240 non
751 1191 806 1240 licet
824 1191 858 1240 eis
872 1190 952 1242 eonsti-

156 1262 222 1311 tuere
235 1260 301 1310 aliam
314 1261 454 1325 Ecclesiam,
472 1260 504 1311 ita
521 1274 568 1312 non
580 1262 636 1312 licet
646 1263 680 1312 eis
692 1261 780 1312 tradere
795 1261 952 1323 almutium,

157 1345 232 1396 neque
245 1331 366 1384 instituere
378 1331 421 1382 alia
436 1337 593 1397 sacramenta3
606 1334 645 1384 sed
658 1347 698 1398 per
707 1336 850 1383 sacramenta
864 1347 918 1398 que
928 1334 952 1382 de

158 1405 230 1456 latere
246 1403 332 1454 Christi
345 1404 468 1466 pendentis
481 1405 506 1454 io
521 1417 587 1455 crure
600 1406 724 1468 duxeruut,
732 1405 815 1455 dicitur
827 1418 882 1458 esse
895 1404 952 1458 lain·

158 1479 210 1527 cata
225 1475 325 1527 Ecclesia
335 1476 427 1526 Christi.

450 1592 612 1644 inuectus
627 1594 669 1644 lli.

165 1719 252 1764 Utetur
263 1719 378 1774 Christos,
391 1717 521 1762 secundum
528 1717 591 1775 putat
604 1717 680 1771 tomo,
690 1715 802 1761 habuerit
812 1719 952 1773 postestates

252 1781 366 1838 operandt
378 1779 520 1825 interiorem
533 1781 641 1836 effectum
655 1782 871 1826 sacromectomm.

191 1908 226 1958 td
239 1905 332 1958 tertium
345 1906 378 1956 sio
395 1905 526 1970 proceditur
541 1903 587 1970 (a).
603 1904 699 1955 Videtur
712 1904 773 1970 qudd
791 1905 912 1971 cunnus,
929 1917 952 1956 ac

159 1977 259 2030 modium
272 1977 333 2042 quod
346 1978 428 2040 homo,
441 1977 547 2027 habuerit
560 1980 696 2040 potestatem
707 1977 820 2041 operandi
829 1977 952 2030 interioren

160 2051 266 2102 ellectum
291 2051 494 2100 sacramentorum.
514 2049 576 2098 llicit
595 2049 657 2100 euim
679 2049 781 2100 loannes
800 2047 952 2112 Baptista,ul

160 2121 257 2172 hahetur
269 2123 352 2178 loon„
366 2121 376 2170 l
390 2134 424 2188 :u
438 2121 482 2180 Qui
495 2133 532 2170 me
545 2120 609 2171 misit
617 2119 732 2185 baptizare
741 2120 766 2170 in
776 2133 844 2184 aqua,
853 2119 895 2172 ille
908 2119 952 2170 niu

160 2192 218 2244 dixit
231 2207 237 2240 ε
253 2191 327 2256 Super
339 2204 406 2254 ouem
417 2190 502 2242 rideris
516 2190 629 2256 Spiritum
639 2191 815 2242 descendentem
829 2193 854 2241 et
867 2189 952 2242 manen«

156 2267 204 2315 tem
221 2276 289 2328 super
304 2277 371 2327 eum,
385 2262 423 2314 iric
433 2268 469 2314 est
484 2263 525 2328 qui
537 2263 675 2328 baptizatio
691 2261 779 2326 Spiritu
790 2266 883 2313 sancto.
895 2279 909 2311 u
919 2257 952 2311 Sel

157 2335 272 2402 baptizare
297 2335 322 2386 iu
343 2335 430 2401 Spiritu
455 2321 603 2397 sauclo‚'est
627 2333 724 2385 interitus
744 2333 838 2396 gratiam
862 2333 952 2400 Spiritu

157 2408 231 2460 saneti
244 2408 357 2459 conterre.
372 2407 471 2472 Spiritus
482 2412 575 2458 sanctos
588 2409 664 2456 autem
676 2405 794 2456 descendit
807 2417 878 2470 super
886 2405 952 2458 Chris

157 2483 206 2532 tum
217 2481 243 2530 in
258 2483 369 2545 quantum
382 2480 468 2544 homo,
478 2492 525 2530 nou
538 2479 563 2529 iu
583 2481 693 2542 quantum
705 2478 779 2540 Deus,
793 2477 847 2542 quia
864 2478 900 2528 sic
913 2478 952 2541 ips

192 2589 225 2654 (l)
239 2593 267 2638 In
282 2591 420 2648 quibusdam
444 2586 591 2646 exemplariis
609 2585 647 2634 hic
663 2587 762 2634 habetur
779 2586 898 2646 effaetum
913 2597 952 2645 qua

159 2655 245 2716 lectio,
259 2655 365 2712 quamvis
383 2665 430 2698 uon
449 2650 602 2696 communiter
624 2649 739 2708 admissa,
760 2651 889 2696 concordat
911 2661 952 2697 eun

160 2723 310 2777 argumento,
328 2716 351 2760 in
365 2726 412 2773 quo
425 2713 524 2760 dicitur:
540 2715 589 2762 Nee
599 2717 672 2773 potest
683 2712 736 2758 dieo·
751 2712 816 2772 perid
830 2713 898 2759 Deua
910 2712 952 2772 poi

158 2779 262 2828 laedam
272 2777 499 2838 etpotpteotr'oottoa
511 2775 646 2835 delectetur,
660 2781 682 2822 et
693 2788 745 2822 noo
757 2777 826 2822 otilo.

190 2851 224 2916 (ἢ)
238 2856 271 2900 llo
281 2852 317 2898 lrls
326 2851 397 2897 etiam
410 2849 453 2912 1v,
462 2848 542 2901 Senot..
553 2848 608 2896 dial.
618 2846 643 2909 5,
656 2859 697 2905 qu.
708 2846 733 2908 t,
748 2851 791 2896 art.
804 2846 831 2903 ¹3
845 2850 872 2894 ot
881 2843 951 2906 qod

67 2969 70 2976 ,
159 2923 206 2966 art.
215 2916 240 2979 Ξ,
255 2914 396 2974 quaestione.
406 2910 431 2960 1.
