1942 3284
142 217 189 265 tis
284 224 490 275 semimarem,
506 226 600 272 const.
617 226 671 277 xix,
688 226 742 264 aar.
760 226 797 263 in.

174 303 209 354 td
225 304 348 353 secundnm
373 302 510 363 dicendum,
529 300 591 365 quod
610 301 682 353 clavis
700 300 737 351 iila
754 314 828 365 quam
843 299 943 351 Christis

143 374 232 456 haonit,
245 377 351 425 moneret
364 372 543 436 sacramentalis,
561 374 602 425 sed
615 372 783 426 sacramentalis
797 373 878 424 clavis
890 370 946 436 prin·

142 460 237 510 ciprum.

433 550 595 602 ARTICULUS
611 552 652 601 ΠΙ.

297 676 384 720 Utrum
393 676 440 720 soli
448 676 581 721 sacerdotes
589 676 668 721 claves
678 676 793 721 tratrem.

174 800 310 851 idtcrtinm
324 801 358 851 sic
366 800 506 866 proceditur.
521 800 618 851 Videtur
628 801 688 865 qued
700 815 745 853 non
759 802 811 853 soli
824 802 944 855 sacerdote·

142 874 218 924 clares
234 873 343 924 habeant.
357 873 416 923 nint
429 874 493 923 enim
508 873 609 925 Isidorus
622 872 672 941 (t),
686 873 747 938 qnod
761 890 779 922 (ι
790 874 889 927 ostiarii
899 875 945 924 inte·

143 947 215 997 bonos
233 951 258 997 et
268 946 340 997 maios
353 946 438 996 habent
453 945 585 1010 judicium,
597 944 679 1009 dignos
695 944 834 1010 recipiunt,
850 948 942 1010 indigni

143 1016 259 1081 rejiciunt.
274 1034 289 1066 n
299 1018 344 1069 Sed
356 1020 407 1070 haec
420 1021 455 1069 est
469 1018 571 1069 definitio
583 1018 698 1081 clavium,
712 1021 739 1067 ut
753 1030 786 1068 ex
796 1019 874 1071 dictis
887 1020 942 1084 patet

143 1089 205 1151 Ergo
215 1100 262 1139 non
271 1088 344 1139 solnm
359 1088 504 1151 sacerdotes,
520 1088 561 1139 sed
578 1088 647 1137 etiam
660 1087 748 1138 ostiarii
760 1088 848 1140 claves
863 1090 942 1139 nahmi

176 1165 201 1210 2.
213 1162 334 1222 Praeterea,
345 1159 421 1211 claves
431 1158 583 1211 sacerdotibus
593 1160 683 1218 dantur,
696 1159 749 1209 dum
763 1173 813 1223 per
826 1162 943 1211 medeam
962 1202 963 1227 ζ

144 1235 278 1297 potestatem
295 1230 404 1282 divinitis
417 1230 542 1295 accipiunt.
561 1231 606 1282 Sed
615 1244 681 1295 reges
692 1230 761 1281 eiiam
773 1232 942 1295 potestatemn
962 1240 963 1265 t

143 1302 255 1368 poputum
268 1302 359 1352 fidetem
372 1301 591 1363 divinissimos,
607 1305 630 1352 et
643 1316 684 1365 per
701 1302 846 1355 unctionem
861 1300 944 1355 sancti

143 1377 232 1423 cantur.
248 1374 307 1436 Ergo
317 1386 364 1423 non
377 1374 420 1425 soti
434 1375 563 1425 sacerdotes
573 1374 659 1425 habent
669 1372 756 1425 claves.

175 1448 199 1493 a.
214 1445 343 1508 Praeterea,
358 1446 510 1496 sacerdotium
524 1448 560 1495 est
581 1446 636 1495 ordo
651 1444 692 1495 nni
710 1444 830 1509 singulari
849 1458 941 1511 persone

143 1515 293 1567 conveniens.
308 1517 355 1567 Sed
376 1517 461 1567 clarem
480 1517 602 1581 anquando
620 1517 711 1567 videtur
726 1518 822 1569 habere
843 1522 893 1569 tota
911 1529 945 1567 aas
963 1534 964 1537 ¹

143 1588 303 1651 congregatio,
325 1588 377 1652 quia
397 1590 501 1653 quedam
521 1590 621 1654 capitula
639 1588 943 1642 excommunicationenin

142 1660 203 1714 ferre
211 1663 316 1724 possunt,
328 1660 388 1724 qnod
399 1662 427 1710 ad
444 1664 581 1725 potestatem
591 1660 690 1711 clarium
702 1660 821 1724 pertinet.
837 1663 898 1727 Ergo
910 1674 942 1711 err

144 1732 188 1784 soti
204 1733 334 1783 sacerdotes
348 1732 436 1782 clavem
448 1733 544 1783 habent.

177 1806 201 1854 t.
216 1805 339 1865 meteres,
352 1803 434 1853 mulier
444 1815 494 1852 non
504 1806 540 1854 est
551 1802 696 1853 sacerdotalis
708 1800 801 1853 ordinis
817 1804 943 1869 susceptiva.
964 1842 965 1857 i

144 1874 199 1939 quia
213 1875 235 1926 ei
249 1874 273 1924 in
287 1874 396 1925 Ecclesiis
415 1873 496 1924 docere
510 1887 557 1926 non
574 1873 699 1937 competit,
714 1874 851 1926 secundnm
865 1878 945 1941 spots

144 1947 207 2010 inm,
222 1948 241 1996 1.
254 1948 324 2003 Cor„
340 1947 400 1996 XIV.
415 1944 554 2009 sodalique
567 1944 673 1995 mutieres
685 1942 798 1995 videntur
813 1948 902 1998 habere
912 1946 945 1997 de

144 2029 212 2078 vem,
227 2017 287 2068 sicut
300 2016 423 2067 abbatisse
443 2030 495 2080 que
511 2018 597 2067 habent
612 2014 756 2079 spirituatem
771 2016 946 2081 potestatenia

144 2088 256 2137 subditas.
274 2087 333 2151 Ergo
347 2100 394 2138 non
405 2087 479 2139 solnm
491 2089 621 2139 sacerdotes
633 2087 720 2137 hahent
734 2086 832 2139 clares.

176 2160 223 2210 Sed
242 2165 320 2210 contra
339 2164 390 2222 est,
410 2161 470 2223 quod
497 2159 643 2221 Ambrosius,
662 2157 704 2207 tib.
726 2158 765 2208 De
784 2162 944 2217 Poenr'terrttc,

144 2243 197 2294 cap.
208 2234 233 2294 Ξ,
242 2231 313 2282 dicit:
325 2233 396 2281 «Hoc
403 2231 442 2295 jus
458 2230 565 2297 (scilicet
574 2229 660 2294 ligandi
671 2233 695 2280 et
708 2230 838 2297 solvendi)
854 2234 910 2286 solis
919 2246 945 2283 sa·
964 2242 965 2251 ¹

143 2302 274 2353 cerdotibus
288 2307 324 2354 est
337 2316 479 2354 concessum.
492 2320 506 2352 o

176 2377 303 2436 preterea,
320 2388 362 2439 per
376 2378 514 2439 potestatem
533 2373 632 2425 clarium
648 2372 749 2424 efficitur
764 2374 858 2439 aliquis
868 2376 943 2428 medie·

143 2446 204 2496 inter
222 2446 330 2512 poputum
344 2449 368 2495 et
380 2446 461 2495 Deum.
476 2445 523 2495 Sed
536 2446 581 2495 hoc
604 2443 691 2495 tantan
711 2446 879 2499 sacerdotibus
900 2460 946 2497 eon

134 2517 265 2582 ·petit,qni
278 2516 504 2568 «constituunturin
513 2516 550 2567 his
560 2529 611 2581 qne
623 2517 713 2566 suntad
725 2516 810 2581 Deum,
822 2524 851 2569 nt
861 2520 946 2571 oderant

145 2591 204 2641 dona
217 2594 241 2641 et
256 2589 368 2640 sacrificia
389 2589 562 2653 propeccatis,
577 2604 591 2635 o
607 2592 633 2637 nt
651 2587 739 2637 dieitur
751 2588 845 2647 neor..
857 2590 887 2640 V.
903 2592 945 2651 Fre<

142 2661 188 2713 soti
204 2662 335 2711 sacerdotes
353 2660 430 2710 claves
443 2660 542 2710 habent,

178 2732 378 2796 (Concnmio—
391 2730 469 2782 Clanis
490 2731 605 2790 ordinis,
622 2744 673 2797 qne
696 2730 834 2784 immediate
855 2741 949 2785 reinero

179 2884 212 2944 (1)
225 2888 276 2933 tib.
295 2887 353 2944 Vll,
376 2885 652 2946 Etomotoo.,cep.12;
672 2888 707 2935 De
732 2888 826 2936 lieeter.
850 2890 965 2951 officiis,¹

141 2957 196 3004 cap.
212 2948 252 3006 ts,
265 2948 342 3006 quoad
352 2961 458 2997 sensum.

519 3066 534 3101 ἱ
586 3102 589 3107 ,
