1942 3284
121 159 166 206 530
291 162 350 198 PARS
365 163 404 208 lli,
421 161 512 206 QUAEST·
529 160 640 205 fflXVll,
655 162 709 200 ffl-
727 161 763 199 tlt.

125 238 180 287 ritm
189 236 271 288 inlusio
282 235 372 298 gratiae3
383 235 423 284 sed
432 234 461 285 ad
473 235 595 285 tollendam
606 235 717 286 maculam
726 235 824 287 venialis
833 237 917 300 pensati
952 234 953 287 ζ

125 307 244 373 requiritur
261 304 342 367 aliquis
359 311 426 356 antus
442 307 568 370 procedens
585 318 615 356 ex
635 306 721 370 gratia,
735 319 778 371 per
795 319 867 370 quam
884 320 916 356 re

124 383 226 452 mouetur
239 379 366 430 inordinata
376 377 475 430 adhesio
489 379 576 434 adrem
587 379 745 443 temporalem.

419 555 574 606 nuutctlttts
586 555 626 606 iti.

127 681 211 727 uirum
224 680 329 725 mutatio
347 684 443 736 mesula
459 681 618 724 remittuntur
632 682 844 735 peruspenteuese
854 694 918 740 uque

313 743 448 796 benedictn,
460 745 483 785 et
491 746 577 786 eoetera
586 741 731 797 animodi.

153 869 187 919 sd
206 869 296 919 tertium
316 869 349 918 sie
367 867 504 932 proceditur.
521 865 615 918 Videtur
627 867 688 932 qudd
704 867 805 920 venialia
827 873 919 934 poenula

123 952 170 989 non
183 939 327 990 remittantur
339 952 381 1003 per
396 938 549 1002 aspersionem
561 942 626 1001 aquia
638 938 763 990 benedictae
769 976 779 1002 ,
793 945 818 991 et
831 941 918 1004 episse-

122 1009 197 1072 puiem
211 1010 422 1061 benedictionem-et
431 1009 473 1058 alia
483 1010 621 1072 hujusmodi.
637 1012 733 1061 Peccata
744 1010 808 1062 enim
822 1010 919 1062 uenmtia

123 1093 170 1130 non
182 1083 328 1132 remittuntur
340 1079 389 1130 sine
401 1079 554 1143 poeniteutia,
568 1085 595 1130 ut
605 1079 689 1130 dimum
703 1086 739 1132 est
752 1085 811 1142 (art
824 1084 864 1145 l).
876 1083 919 1133 set

74 1166 78 1172 ’
124 1151 259 1214 paenitentia
276 1164 318 1214 per
332 1163 356 1200 se
376 1151 460 1200 suflicit
476 1151 504 1200 ad
520 1151 679 1202 remissionem
695 1152 820 1202 venialium
841 1166 919 1217 peset-

123 1226 208 1272 torum.
226 1223 284 1284 Ergo
302 1220 345 1270 ista
360 1221 416 1270 nihil
433 1225 553 1283 operantur
566 1223 595 1271 ad
609 1221 740 1285 hujusmodi
752 1223 917 1274 remissionem.

155 1297 177 1341 ι.
191 1293 310 1350 Praeterea,
320 1292 434 1355 quodlibet
445 1291 540 1341 istomm
550 1292 653 1342 eamdem
662 1293 797 1344 relationem
810 1294 883 1344 habet
891 1293 918 1342 ad

122 1375 193 1411 unum
210 1355 326 1425 peceatum
342 1360 446 1424 veniale,
461 1365 485 1411 et
507 1363 536 1412 ad
555 1362 640 1413 omnia.
661 1363 686 1413 Si
701 1375 756 1426 ergo
769 1377 811 1428 per
827 1363 917 1428 aliquod

123 1431 217 1482 istorum
237 1431 357 1482 remittitur
375 1431 465 1494 aliquod
481 1436 599 1494 pecemum
617 1433 708 1484 veniale
719 1434 844 1498 ,sequitur
858 1433 916 1498 quod

122 1502 171 1564 pari
190 1502 278 1553 ratione
291 1503 436 1552 remittantur
455 1503 544 1566 omuia;
556 1509 580 1554 et
597 1504 629 1553 ita
645 1518 686 1568 per
699 1518 768 1554 uuam
784 1505 914 1555 tunsionem

121 1572 237 1636 pectoris,
251 1573 287 1624 uel
304 1587 345 1638 per
358 1586 424 1623 uuam
444 1574 598 1638 aspersionem
615 1588 679 1638 aque
698 1575 822 1626 benedictae
837 1575 916 1625 redde·

123 1647 184 1694 retur
198 1644 285 1695 homo'
279 1645 387 1694 immunis
397 1645 424 1695 ab
433 1644 539 1696 omnibus
548 1645 649 1709 peccatis
663 1645 800 1707 venialibus,
809 1643 904 1709 quod
882 1659 915 1694 m·

122 1715 368 1766 deturinoouueniens.

154 1791 176 1837 e.
206 1788 326 1848 Praeterea,
346 1791 438 1850 peccata
459 1785 557 1838 venialia
577 1785 686 1837 inducunt
709 1791 798 1838 reatum
821 1787 913 1852 alicujus

120 1869 209 1920 poenae,
224 1857 278 1907 licet
293 1857 440 1920 temporalis3
454 1855 612 1908 diciturenim
625 1858 635 1907 l
650 1857 720 1915 Gor„
735 1859 782 1919 tlt,
795 1859 824 1910 de
834 1871 863 1909 eo
874 1858 912 1921 qui

120 1927 283 1990 superaedificat
295 1925 390 1988 lignum,
406 1926 494 1977 imnum
507 1930 530 1976 et
542 1926 658 1990 stipulam,
672 1927 734 1991 qudd
749 1945 765 1975 ιι
774 1931 851 1980 salum
861 1929 910 1988 erit,

121 1997 155 2046 sie
164 2001 240 2048 tamen
253 1996 318 2059 quasi
330 2010 372 2059 per
384 1998 470 2061 iguem.
482 2014 497 2045 o
507 1998 551 2048 Sed
561 1998 708 2062 hujusmodi,
719 2011 759 2062 per
771 2013 822 2063 qua
835 1998 911 2050 dicitur

120 2072 238 2130 peccatum
252 2067 342 2117 veniale
359 2067 457 2130 dimitti,
471 2069 512 2118 uel
525 2069 625 2132 nullam,
639 2070 677 2120 uel
690 2069 809 2121 minimam
825 2083 909 2135 pnnstn
954 2076 955 2123 t

119 2137 144 2185 in
161 2150 186 2186 se
206 2137 298 2188 habent.
317 2139 376 2201 Ergo
390 2152 436 2190 uon
446 2139 700 2204 sufficiuntadplenam
709 2142 867 2194 remissionem
873 2153 908 2190 ue·

119 2206 212 2256 nulium
225 2211 379 2270 peccatorum.

150 2278 196 2328 Sed
208 2283 286 2328 eontra
296 2282 347 2341 est,
362 2280 421 2343 quod
443 2280 583 2344 Augustinus
595 2279 650 2330 dicit
662 2281 686 2330 in
700 2279 743 2331 lib.
759 2281 797 2331 De
809 2282 906 2339 Parte,

118 2347 179 2412 qudd
192 2363 206 2395 ιι
217 2361 257 2411 pro
276 2349 365 2400 levibns
378 2351 475 2413 peccatis
492 2355 583 2414 pectora
598 2355 674 2401 nostra
689 2351 816 2413 tundimus,
830 2350 907 2402 estid

119 2432 190 2469 mus
207 2418 299 2470 dimitte
321 2420 388 2471 nobis
410 2421 486 2472 debita
507 2426 610 2472 nostra:
623 2424 678 2471 oet
698 2421 731 2471 ita
751 2423 840 2474 ridetur
854 2423 906 2486 quel

117 2489 192 2541 tunsio
211 2491 310 2553 pectoris
330 2495 352 2542 et
369 2491 441 2542 oratio
463 2491 579 2542 dominica
595 2495 688 2542 causent
706 2494 905 2545 remissionemve

118 2561 214 2611 nialium
227 2565 384 2625 peccatorum
394 2567 417 2611 et
428 2552 506 2612 eadem
517 2563 573 2614 ratio
586 2562 736 2614 videturesse
751 2565 780 2615 de
794 2565 853 2616 uiis.

152 2633 346 2696 (Connuusro-
316 2631 413 2682 -Cdm
426 2631 454 2680 ad
468 2633 556 2694 peceati
569 2632 666 2683 uenmlis
679 2633 838 2686 remissionem
850 2631 906 2685 suli-

120 2702 166 2754 eiat
184 2706 248 2752 aetus
265 2701 346 2764 aliquis
360 2702 517 2752 detestationis
530 2703 626 2766 peceati,
643 2703 682 2753 uel
692 2708 769 2756 motus
783 2703 906 2758 reuemnu'e

119 2775 143 2822 iu
155 2776 240 2835 iteum„
255 2773 400 2840 manifestum
412 2777 448 2822 est
465 2775 567 2836 generali
579 2774 738 2836 confessione,
749 2777 847 2840 modain
859 2780 905 2826 tur·

17 2887 18 2914 ι
119 2846 187 2910 slope
207 2851 230 2896 et
248 2845 348 2896 oratioue
365 2844 621 2909 Domiuioa‚qoatenurs
632 2859 683 2896 eum
701 2847 851 2900 detestatione
862 2859 906 2911 pot·
