1942 3284
153 171 184 206 nn
197 169 237 206 nus
252 167 307 214 οῦκ
321 167 382 206 suun
395 168 493 208 nullm
506 167 664 208 summme
677 169 782 208 cuorus.
821 165 869 212 875

69 250 98 297 ut
110 247 171 310 petet
181 245 282 301 dorem„
292 245 312 295 l.
321 245 365 294 Sed
379 244 428 308 ipse
440 244 520 296 hahuit
532 243 703 308 possessionem
717 248 865 314 hereditatis,
961 294 962 299 ,

67 322 96 370 ut
113 317 290 382 patelierent„
306 317 397 366 llllllll.
412 317 471 380 lingo
491 315 569 367 clerici
581 319 678 380 possunt
693 317 778 370 trabere
794 323 865 384 petri-

69 388 175 440 mouielio
188 387 254 438 boue.

100 462 220 519 pretereo,
230 457 251 508 si
263 459 308 508 hoc
320 470 366 508 non
375 460 479 523 possent,
490 469 537 508 non
545 456 662 508 uideretur
671 461 726 510 tunc
738 461 867 514 differentia

65 534 129 583 inter
139 530 257 594 religiosos
271 533 294 580 et
306 530 400 580 clericos
415 533 547 582 seculares.

103 599 385 665 (Concipere-Clerici
399 613 507 650 coronam
520 597 685 662 suscipientes,
701 600 753 650 eum
766 613 806 664 per
814 615 866 653 eam

69 671 147 724 divino
157 671 226 721 cultui
238 672 381 734 deputentur,
392 671 429 720 cui
440 683 488 722 nou
498 675 610 735 repugnat
621 684 697 722 rerum
706 672 866 736 temporalium

67 743 201 808 possessio,
220 754 336 806 nunquam
351 741 488 806 patrimonio
506 745 529 791 et
547 740 600 792 eliis
615 743 780 807 temporalibus
798 743 864 794 bouis

67 813 197 866 renuntiare
206 813 297 864 deletu.
310 813 319 876 )

101 885 235 948 despondeo
255 884 390 944 dicendum,
404 883 465 948 quod
480 883 556 934 clerici
573 883 598 932 in
618 885 663 934 hoc
677 884 739 948 quiid
757 899 879 938 coronam*

69 955 193 1020 accipiunt,
207 968 253 1006 non
263 954 394 1006 renuntient
406 955 543 1018 patrimonio
554 967 597 1005 nec
604 954 656 1005 aliis
667 955 735 1006 rebus
745 959 865 1021 temporo-

67 1025 135 1088 libus,
146 1026 199 1089 quia
209 1030 348 1076 terrenorum
358 1025 471 1090 possessio
482 1039 529 1076 nou
538 1025 687 1075 contrarietur
696 1025 774 1076 divino
782 1027 867 1090 cultui„

67 1097 97 1147 ed
116 1109 182 1160 quem
206 1096 284 1148 clerici
303 1097 453 1160 deputentur,
469 1097 510 1146 sed
529 1096 601 1144 nimiu
618 1108 697 1146 eorum
717 1096 862 1161 sollicitudo;

64 1167 134 1234 quie,
149 1173 174 1218 ut
188 1169 243 1219 dicit
259 1168 378 1232 Gregorius
387 1169 437 1232 (lib.
448 1167 476 1217 ll.
493 1167 596 1226 Morou,
611 1180 664 1232 cap.
675 1169 726 1232 17),
741 1184 756 1216 o
765 1169 863 1220 allectus

64 1241 89 1290 in
105 1238 197 1290 crimine
211 1243 261 1304 est,
277 1253 324 1292 uon
335 1253 451 1291 sensus.»

96 1311 130 1360 lld
143 1311 240 1374 primum
255 1324 309 1375 ergo
320 1311 458 1373 dicendum,
469 1310 530 1374 qudd
542 1311 650 1362 Dominus
665 1311 800 1374 dedignatur
810 1325 863 1376 pars

63 1380 116 1434 fieri
127 1385 154 1430 ut
169 1394 196 1432 en
211 1395 276 1446 equo
292 1395 343 1432 curo
354 1381 405 1432 aliis
418 1381 539 1445 diligatur,
554 1381 586 1431 ito
603 1382 690 1432 sedicet
704 1382 764 1446 quod
780 1383 864 1447 aliquis

62 1457 135 1518 ponet
152 1452 221 1503 finem
235 1453 337 1503 suumin
352 1454 398 1504 lieo
413 1457 436 1503 et
449 1452 474 1502 in
485 1453 552 1504 relius
566 1453 662 1517 mundi3
677 1467 723 1504 non
736 1457 813 1504 temen
826 1455 865 1506 de·

63 1523 171 1586 dignetur
181 1537 233 1588 pars
248 1523 296 1574 lieri
309 1536 388 1574 eorum
403 1524 443 1586 qui
453 1536 490 1574 res
504 1522 584 1573 mundi
596 1523 630 1573 ita
639 1525 771 1588 possident,
782 1528 809 1574 ut
820 1538 862 1589 per

62 1607 105 1645 eus
123 1594 138 1644 i
154 1596 215 1645 cultu
228 1593 305 1645 divino
324 1607 370 1644 nou
384 1596 537 1644 retrahentur.

95 1665 129 1715 ld
139 1667 263 1716 secundum
273 1665 405 1728 dicendum,
418 1665 480 1728 qudd
493 1666 581 1716 Leuitae
594 1665 620 1715 in
631 1665 705 1716 ueteri
716 1666 863 1718 Testamenlo

60 1736 179 1788 habebant
188 1739 224 1800 jus
232 1737 257 1786 in
266 1735 396 1788 hereditate
406 1735 601 1801 paterna(l);sed
610 1737 661 1788 ideo
670 1749 716 1787 non
725 1740 862 1801 acceperunt

60 1811 152 1872 partem
167 1822 219 1858 cunr
230 1807 281 1857 aliis
288 1807 400 1869 tribubus,
411 1807 464 1871 quia
475 1811 540 1858 erant
551 1819 592 1871 per
601 1820 679 1858 omnes
690 1807 763 1856 trihus
774 1807 862 1871 dispcr-

59 1878 149 1942 gendl3
165 1880 224 1943 quod
237 1878 286 1928 fieri
299 1891 345 1928 non
364 1880 488 1942 potuisset,
506 1878 527 1929 si
540 1891 609 1928 unum
622 1879 795 1929 determinatam
809 1891 865 1943 por·

57 1953 107 2000 tem
120 1953 186 2000 terreo
204 1949 359 2014 accepissent,
377 1949 436 1999 sieut
452 1949 502 2000 alie
516 1950 597 2000 tubus.

92 2021 126 2072 dd
138 2021 230 2071 tertium
245 2021 374 2083 dicendum,
385 2020 445 2086 qudd
455 2020 474 2071 si
483 2021 530 2072 sint
543 2021 672 2084 indigentes
684 2019 761 2072 clerici
774 2021 803 2071 ad
821 2034 862 2072 sa-

57 2103 112 2142 cros
131 2091 223 2141 ordines
239 2091 353 2154 promoti,
370 2092 497 2155 Episcopus
515 2093 556 2156 qui
577 2106 618 2143 eos
631 2091 760 2155 promovit,
772 2096 862 2144 tenetur

56 2163 94 2214 eis
107 2161 244 2225 prouidere3
260 2161 315 2212 aliis
328 2176 374 2213 non
393 2166 482 2214 tenetur
498 2177 505 2212 z
520 2163 563 2226 ipsi
581 2167 658 2213 autem
671 2177 701 2213 ex
713 2163 793 2213 ordine
807 2177 860 2214 sus·

56 2236 127 2296 cepto
145 2235 253 2284 tenentur
266 2233 375 2284 Ecclesiae
394 2233 532 2284 ministrare.
546 2235 646 2284 Verbum
662 2237 739 2284 autern
758 2235 861 2298 lingonis

54 2303 196 2368 intelligitur
211 2305 239 2354 de
252 2303 298 2354 illis
311 2303 351 2368 qui
367 2317 413 2356 nun
426 2305 513 2356 hubent
527 2305 586 2355 undo
600 2306 765 2355 sustententur.

51 2459 220 2521 pellectitcmr
235 2471 290 2504 cum
309 2459 363 2504 istis
383 2457 495 2516 portibus
515 2459 635 2505 Domitios
649 2471 711 2518 poro
730 2459 784 2516 ejus
802 2459 861 2516 ficri

52 2535 109 2568 seon
121 2521 278 2579 diguuditur.
616 2565 620 2575 ⁸

89 2589 127 2654 (1)
143 2593 230 2647 Lecti„
242 2595 313 2654 XXV,
328 2591 373 2648 33;
388 2594 432 2640 111.
443 2593 513 2652 lico„
528 2594 562 2651 X,
577 2593 623 2650 26;
638 2593 691 2640 Act.
706 2591 799 2650 Apost,
814 2593 859 2650 IV,

51 2657 86 2702 37
