1942 3284
82 168 156 205 nn
195 166 475 216 manum.
510 169 555 206 ιιι
589 168 687 208 noc
718 167 928 210 samu.
961 167 1322 209 Anemurium.
1424 161 1505 209 831

0 256 33 293 n
63 243 169 294 alio
183 283 200 307 ,
238 244 341 296 ideo
371 257 458 296 nec
488 244 634 296 forma
665 245 767 309 ipsa
805 245 872 297 sic
916 246 1124 298 existens
1164 250 1314 312 potest
1349 246 1398 297 in
1428 249 1517 297 alin

37 317 296 376 Quantum
324 320 477 368 autem
501 318 557 369 ad
582 318 851 381 secundum,
878 318 1116 370 dicendum
1145 323 1217 371 est
1245 318 1371 383 quod
1393 317 1513 369 indi*

0 387 192 440 ationis
219 390 491 455 principium
510 393 580 441 est
613 390 843 453 quantitas
864 390 1132 442 dimensiva.
1163 392 1228 442 Ex
1260 392 1352 443 boc
1393 393 1513 442 enim

0 460 58 509 id
105 465 194 511 est
217 464 376 511 natum
405 474 510 513 esse
536 460 585 511 in
606 474 698 511 uuo
728 461 843 525 solo,
866 462 989 526 quod
1016 461 1127 512 illud
1149 465 1219 513 est
1243 461 1293 512 in
1317 476 1366 513 se
1394 462 1513 513 incli-

0 545 59 592 n,
81 535 143 582 et
165 532 367 584 divisum
396 535 453 584 ab
471 534 680 585 omnibus
704 535 836 597 aliis3
860 533 1023 585 divisio
1046 538 1194 585 autem
1224 534 1390 586 accidit
1409 537 1517 587 sub-

0 604 77 655 5ae
103 606 296 656 ratione
322 606 618 671 quantitatiS,
639 610 691 657 ut
712 606 876 657 dicitur
893 606 943 657 in
968 607 1006 656 l.
1034 607 1232 671 Physic.
1259 609 1391 667 (text.
1417 609 1513 669 15).

0 678 85 728 leo
123 677 236 743 ipsa
262 679 493 741 quantitas
520 678 777 730 dimensiva
798 682 867 729 est
888 678 1114 741 quoddam
1130 677 1517 731 'individuationis

0 750 189 813 :ipium
215 751 267 800 in
301 749 565 814 hujusmodi
592 750 769 810 formis,
806 750 857 802 in
879 754 1098 814 quantum
1125 749 1302 800 seilicet
1324 751 1517 805 diveraffl

2 836 49 873 ae
94 836 331 885 numero,
367 827 473 873 sunt
509 822 557 871 in
589 821 779 873 diversis
822 821 1026 886 partibus
1053 822 1272 874 materiae.
1302 823 1432 874 Unde
1473 833 1517 873 ετ.

16 895 282 958 quantitas
308 894 563 945 dimensiva
583 895 832 946 secundum
854 907 905 945 se
925 893 1063 945 habet
1082 894 1323 957 quam-dam
1341 895 1517 947 indit-i-

0 966 198 1030 ionem;
217 966 282 1016 ita
303 966 424 1030 quod
442 980 685 1031 possumus
708 966 948 1029 imaginari
964 965 1120 1029 plures
1139 965 1284 1017 lineas
1311 966 1517 1031 ejusdem

0 1037 74 1088 iei
96 1076 113 1102 ,
162 1038 426 1089 differentes
467 1038 719 1102 positione,
765 1051 867 1101 quae
910 1036 1032 1087 cadit
1070 1036 1118 1086 in
1162 1037 1336 1088 ratione
1376 1037 1517 1103 hujus

0 1108 214 1173 ititatis3
243 1108 455 1160 convenit
480 1108 603 1160 enim
628 1107 929 1172 dimensioni,
952 1107 1074 1172 quod
1105 1108 1166 1159 sit
1187 1110 1420 1173 quantitas
1434 1124 1517 1174 pu-

2 1194 125 1231 nem
155 1182 346 1231 habens.
388 1182 447 1231 Et
473 1181 577 1232 ideo
619 1180 778 1244 potius
811 1180 1045 1244 quantitas
1081 1179 1330 1231 dimensiva
1365 1187 1517 1248 potest

27 1254 301 1318 subjectum
328 1252 517 1303 aliorum
544 1252 843 1304 accidentium
859 1289 873 1314 ,
901 1252 1038 1317 quam
1063 1251 1088 1302 e
1119 1266 1357 1305 converso.

2 1324 34 1373 d
74 1324 281 1390 primum
305 1337 412 1388 ergo
450 1324 716 1385 dicendum,
745 1324 867 1388 quod
898 1323 1108 1375 accidens
1134 1338 1217 1390 per
1239 1338 1289 1377 se
1317 1338 1412 1377 non
1441 1340 1517 1389 pu-

30 1408 143 1447 esse
172 1396 645 1460 subjectumalterius
681 1395 925 1447 accidentis
943 1434 957 1457 ‚
991 1397 1097 1459 quia
1124 1410 1206 1460 per
1233 1410 1283 1447 se
1311 1410 1404 1448 non
1430 1401 1517 1449 esi.=

0 1468 181 1518 undum
218 1466 327 1517 vero
354 1465 475 1530 quod
505 1470 578 1517 est
606 1466 656 1517 in
686 1467 796 1529 alio,
822 1481 959 1517 unum
993 1466 1204 1518 accidens
1234 1468 1397 1518 dicitur
1418 1482 1521 1521 essu

0 1538 175 1601 jectum
207 1538 391 1589 alterius
407 1576 421 1600 ,
456 1538 505 1589 in
540 1542 756 1602 quantum
800 1542 954 1589 unum·
978 1538 1185 1589 accidens
1220 1538 1441 1602 recipitur
1473 1541 1517 1589 in

0 1610 143 1674 iecto‚
160 1610 248 1661 alio
264 1610 513 1675 mediante,
536 1611 655 1663 sicut
674 1610 937 1674 superficies
952 1610 1120 1660 dicitur
1134 1623 1244 1661 esse
1264 1610 1470 1674 subjectu
1481 1629 1521 1661 ιιι

0 1682 103 1733 πίε.
126 1681 257 1733 Unde
290 1682 468 1745 quando
493 1682 719 1732 accidenti
758 1682 889 1731 datur
912 1680 1130 1731 divinitus
1155 1684 1208 1731 ut
1241 1694 1324 1745 per
1351 1695 1402 1732 se
1429 1685 1489 1731 sit
1505 1721 1517 1741 ,

0 1757 68 1805 est
98 1754 234 1804 etiam
258 1767 340 1819 per
366 1767 417 1804 se
441 1753 625 1805 alterius
644 1752 893 1803 accidentis
918 1751 1174 1813 subjectum
1204 1765 1326 1803 esse.

0 1828 49 1878 id
78 1828 327 1878 secundum
356 1826 611 1890 dicendum,
645 1825 766 1890 quod
786 1825 873 1875 alia
899 1821 1155 1875 accidentia
1182 1824 1316 1875 etiam
1354 1838 1521 1877 secun-

0 1914 25 1949 n
55 1898 179 1963 quod
206 1901 337 1949 erant
354 1897 405 1948 in
426 1897 678 1950 substantia
698 1898 850 1963 panis,
874 1895 1276 1947 individuabantur
1295 1897 1525 1949 medianis,-¹

0 1972 175 2021 imitate
207 1969 460 2021 dimensiva
478 2008 492 2032 ,
514 1969 636 2019 sicut
668 1969 838 2019 dictum
865 1972 952 2020 est.
975 1969 1034 2018 Et
1068 1968 1170 2019 ideo
1199 1968 1350 2032 potius
1382 1983 1521 2031 quan-

0 2046 49 2091 te
96 2042 353 2093 dimensiva
388 2045 463 2092 est
503 2041 761 2105 subjectum
802 2041 995 2091 aliorum
1033 2039 1334 2091 accidentium
1369 2041 1521 2091 rema*

0 2114 128 2165 itium
157 2116 207 2163 in
232 2116 320 2165 boc
340 2117 642 2176 sacramento,
664 2112 799 2177 quam
828 2111 854 2164 ὲ
876 2125 1116 2164 converso.

0 2187 56 2236 id
78 2187 265 2237 tertium
289 2186 555 2246 dicendum,
590 2185 711 2249 quod
739 2199 919 2235 rarum
943 2188 992 2236 et
1027 2184 1243 2234 densum
1265 2188 1372 2235 sunt
1398 2197 1521 2248 qnal-

0 2270 30 2305 n
78 2257 319 2322 qualitates
354 2259 685 2320 consequentes
724 2268 937 2319 corpora,
968 2269 1026 2306 ex
1066 2257 1154 2306 hoc
1193 2256 1314 2319 quod
1356 2256 1529 2305 nahem

0 2328 117 2377 ilium
154 2328 231 2378 vel
253 2342 412 2392 parum
444 2328 501 2378 de
528 2327 715 2378 materia
740 2328 825 2377 sub
844 2326 1218 2387 dimensionibus,
1249 2326 1370 2376 sicut
1390 2326 1525 2377 etiam

0 2398 81 2449 mia
106 2399 196 2449 alia
237 2399 491 2449 accidentia
517 2403 854 2463 consequuntur
886 2411 946 2448 ex
970 2397 1212 2462 principiis
1243 2397 1521 2449 substantia.

14 2469 116 2521 ideo
142 2471 263 2526 sicut
290 2471 523 2522 subtracta
543 2469 811 2533 substantia,
835 2469 993 2521 divina
1011 2470 1181 2520 virtute
1204 2473 1529 2519 conservantur·

0 2554 19 2590 a
44 2541 324 2606 accidentia3
348 2542 412 2594 ita
449 2543 677 2593 subtracta
712 2541 926 2604 materia,
952 2540 1106 2592 divina
1145 2540 1314 2591 virtute
1347 2553 1529 2601 conssr-

0 2615 96 2665 ntur
128 2614 373 2679 qualitates
421 2614 654 2665 materiam
694 2617 1058 2677 consequentes,
1095 2612 1211 2663 sicut
1257 2624 1441 2661 rarum
1485 2617 1526 2661 et

0 2699 151 2736 nsum.

0 2756 59 2805 Ad
99 2759 314 2819 quartum
356 2756 625 2820 dicendum,
655 2758 775 2821 quod
812 2754 1044 2821 quantitas
1083 2752 1403 2805 mathematica
1438 2765 1533 2802 nun

0 2828 147 2878 strahit
175 2827 204 2879 a
226 2826 419 2879 materia
454 2827 756 2894 intelligibili,
784 2830 866 2879 sed
891 2828 919 2878 a
942 2826 1130 2877 materia
1149 2823 1372 2884 sensibili,
1392 2827 1444 2874 ut
1465 2825 1533 2873 di-

0 2898 409 2966 urv11.Metap!1.
438 2901 567 2964 (text.
598 2900 701 2965 35).
719 2900 890 2952 Dicitur
914 2903 1068 2950 autem
1095 2895 1286 2947 materia
1305 2894 1531 2948 sensibilis
