1942 3284
94 131 141 178 262
275 141 334 178 num
349 140 391 189 m,
405 139 496 184 onnsn
512 137 594 186 uxum,
608 137 663 176 nnn.
679 139 714 178 rr.

92 215 174 280 panis,
194 229 241 266 non
253 213 363 264 variantia
378 214 430 278 ejus
446 213 558 278 speciem.
572 213 615 264 Sed
633 213 657 264 in
673 212 770 264 materia
789 210 892 277 nuptant

92 284 157 334 nulla
171 285 275 336 discretio
290 283 410 334 adhibetur
422 283 482 335 circa
493 283 643 334 differentiam
656 284 810 336 accidentium
819 295 890 347 aqum,
950 295 951 298 ’

92 355 150 418 puta
160 355 180 405 si
191 355 221 404 sit
237 355 294 404 salsa
308 354 345 404 vel
354 354 440 418 dulcis,
451 354 523 405 calida
537 354 574 405 rel
586 354 675 418 frigida.
691 357 749 418 Ergo
759 355 785 406 in
794 357 840 404 hoo
853 366 890 404 sa·

93 430 208 476 cremento
221 425 296 489 aliqua
310 424 414 476 discretio
430 425 532 476 adhiberi
546 439 592 476 non
601 426 681 490 debet,
696 425 772 477 utrium
783 426 851 490 panis
864 424 891 475 sit

94 509 187 560 azymus
200 497 238 546 uel
256 496 416 546 fermentatus.

124 567 167 616 Sed
190 569 268 616 eontra
290 568 341 628 est,
356 567 417 630 quid
430 568 532 628 Extra,
551 569 584 620 de
603 568 720 620 celebrat.
742 569 892 625 Missurum,

95 652 146 707 cap.
172 640 300 699 Litteras,
315 639 408 703 punitur
429 640 533 692 sacerdos
551 640 591 704 qui
615 654 703 706 «pane
721 639 893 692 fermentatae!

94 712 181 775 scypho
194 710 269 773 ligneo
283 710 405 761 missarum
419 711 529 763 solemnia
542 713 656 764 celebrare
670 713 851 778 presumpsit.»

127 782 292 844 (Coumnsro.
303 810 335 822 -
345 783 453 842 Quamvis
468 783 551 834 conici
569 784 642 850 possit
655 783 800 835 eucharistie
818 795 892 835 sacra-

94 857 198 904 mentum
221 853 290 904 etiam
311 855 336 906 in
354 855 491 906 fermentato
516 854 730 920 pane,secuuli1m
749 856 893 920 quarumdam

94 923 241 975 ecclesiarum
260 926 464 990 consuetudinem,
479 926 655 978 convenientiis
669 931 749 978 tamen
766 931 804 977 est
823 928 849 976 ut
867 936 893 976 ex

93 1008 153 1062 pane
169 996 302 1047 conficiatur
321 1011 416 1063 azymo,
428 1002 477 1049 tum
495 1003 587 1062 propter
605 998 693 1048 Christi
711 997 893 1060 institutionem,

93 1071 143 1117 tum
161 1067 231 1117 etiam
244 1069 273 1118 ad
283 1068 384 1119 fidelium
397 1069 551 1121 sinceritatem
562 1069 762 1133 significandam.)

125 1139 262 1202 Respondeo
283 1141 418 1205 dicendum,
436 1140 497 1206 quod
517 1141 576 1192 circa
598 1142 714 1192 materiam
730 1142 802 1206 hujus
819 1155 893 1192 sacra·

92 1211 166 1262 menti
181 1211 227 1261 duo
240 1217 336 1275 possunt
348 1213 484 1264 considerari
496 1251 504 1278 ‚
518 1213 607 1265 scilieet
619 1213 674 1277 quid
685 1213 715 1264 sit
732 1213 893 1276 necessarium,
951 1205 952 1232 ¹

94 1285 120 1334 et
138 1284 192 1347 quid
204 1285 353 1336 conveniens.
368 1285 528 1338 Necessarium
542 1286 633 1350 quidem
646 1290 682 1338 est
695 1290 721 1336 ut
735 1287 766 1337 sit
780 1286 847 1350 panis
855 1285 892 1337 tri·

93 1354 180 1417 tioeus,
195 1355 255 1405 sicut
268 1356 354 1405 dictum
365 1360 401 1406 est
416 1357 479 1422 (art.
491 1362 504 1406 3
515 1357 534 1422 ),
549 1358 598 1408 sine
612 1371 657 1422 quo
671 1371 717 1408 non
726 1358 843 1422 perficitur
861 1369 893 1408 se-

94 1430 246 1476 cramentum.
258 1427 309 1475 Non
328 1430 363 1476 est
378 1431 453 1478 autem
471 1429 499 1478 de
516 1427 652 1480 necessitate
667 1429 820 1490 sacramenti,
835 1427 891 1492 quil

93 1496 124 1548 sit
137 1510 232 1562 azymus
244 1497 281 1548 vel
291 1497 453 1562 fermentatus,
463 1499 518 1562 quia
533 1499 557 1550 in
572 1512 708 1564 unoquoque
717 1501 803 1550 contici
813 1501 891 1565 potest.

93 1569 239 1620 conveniens
258 1573 334 1621 autem
355 1574 406 1633 est,
427 1574 453 1621 ut
476 1571 632 1636 unusquisque
660 1574 735 1624 secret
754 1572 826 1622 ritum
847 1582 889 1622 sua

94 1713 191 1763 diversa
209 1712 360 1763 Ecclesiarum
375 1715 567 1777 consuetudinem
583 1713 637 1763 dicit
654 1713 717 1763 euim
734 1713 761 1763 li.
777 1713 893 1778 Gregorius

91 1639 201 1694 Ecclesia
213 1641 239 1691 in
254 1642 390 1694 sacramenti
408 1642 570 1694 celebratione.
593 1643 666 1706 Super
680 1643 724 1694 hon
746 1648 824 1694 autem
846 1644 894 1694 sunt

92 1782 120 1833 in
138 1785 253 1848 liepistro
267 1783 301 1848 (1)
319 1801 328 1835 .·
349 1802 363 1833 a
377 1786 479 1837 nomana
497 1785 597 1836 Ecclesia
617 1784 682 1836 otiert
703 1797 796 1850 azymos
811 1799 892 1850 panes,

93 1860 215 1919 propterea
228 1856 289 1918 quod
305 1857 414 1908 Dominus
427 1858 477 1908 une
490 1859 536 1907 ulla
554 1856 716 1908 commixtione
730 1857 835 1922 suscepit
849 1870 893 1908 cnr·
952 1885 953 1920 r

92 1938 163 1988 nem;
181 1926 222 1976 sel
235 1927 318 1977 Graecae
330 1927 440 1978 Ecclesia
451 1928 550 1979 offerunt
563 1928 734 1990 fermentatum,
743 1942 786 1994 pro
796 1942 825 1980 eo
837 1927 893 1993 quil
952 1955 953 1958 ¹

92 1996 194 2048 Verbum
206 1998 283 2048 Patris
295 1999 401 2048 indutum
416 2012 452 2050 est
465 2014 542 2062 earne,
561 2001 620 2052 siout
634 2000 772 2051 fermentum
788 2001 893 2052 miscetur

93 2067 183 2119 lerina.
198 2086 212 2117 u
226 2070 302 2129 Unde,
318 2069 377 2120 sicut
388 2075 468 2134 peccat
479 2073 599 2137 presbyter
615 2072 640 2122 in
653 2071 750 2124 ecclesia
764 2073 893 2124 Latinorum

93 2139 213 2191 celebrans
227 2141 255 2191 de
270 2154 330 2206 pane
343 2141 494 2204 fermentato,
508 2143 541 2192 ita
554 2145 657 2207 peccaret
673 2143 792 2208 presbyter
809 2154 892 2207 gratus

93 2209 120 2260 in
139 2211 234 2262 ecclesia
254 2213 383 2263 Graecorum
399 2214 515 2264 celebrans
533 2215 561 2264 de
581 2226 639 2278 pane
655 2226 751 2279 azymo,
767 2215 835 2279 quasi
846 2227 893 2278 per·

92 2283 187 2332 uertens
206 2283 307 2334 eeclesiae
326 2297 374 2334 snae
389 2283 467 2334 ritum.
483 2286 513 2335 lit
531 2288 608 2335 tamen
628 2285 769 2336 consuetudo
789 2286 818 2336 de
837 2296 893 2352 pane

93 2361 174 2416 azymo
185 2352 311 2404 celebrandi
324 2354 478 2406 rationabilior
488 2358 532 2406 est.
548 2353 624 2406 Primo
640 2355 731 2419 quidem
740 2395 749 2421 ,
759 2360 852 2422 propter
861 2355 894 2405 in·

93 2422 234 2476 stitutionem
248 2425 348 2490 Christi,
360 2427 400 2490 qui
416 2429 460 2477 hoc
476 2430 643 2478 sacramentum
659 2426 757 2478 instituit
773 2428 893 2494 primitie

93 2505 223 2558 azymorum
242 2498 284 2558 (ut
296 2497 393 2547 habetur
411 2499 517 2557 Marti„
535 2497 620 2560 xxvi,
638 2501 661 2549 et
683 2499 774 2555 Marc„
792 2499 860 2567 xli,
872 2500 894 2550 et

91 2565 166 2624 lac..
182 2567 264 2632 Xllll),
275 2581 320 2632 qua
330 2567 367 2619 die
377 2568 436 2618 nihil
447 2568 605 2620 fermentatum
615 2567 641 2618 in
650 2569 753 2620 domibus
766 2570 892 2622 tudaeomm

93 2648 146 2688 osse
160 2638 272 2702 debebat,
286 2643 312 2689 ut
329 2640 427 2691 natatur
445 2640 542 2699 Emori„
560 2641 612 2691 Xll.
628 2639 748 2705 meandi,
762 2641 816 2706 quia
829 2640 891 2707 panis

93 2829 96 2833 .
127 2789 159 2854 (1)
174 2793 236 2839 niun
251 2807 314 2840 nunc
331 2795 378 2841 tale
398 2796 423 2841 in
440 2797 551 2854 llepirtro
575 2798 702 2852 occureritr
720 2797 762 2843 seri
783 2794 891 2855 imprimat

93 2854 170 2914 colligi
180 2863 259 2913 potent
271 2871 299 2905 ex
314 2859 451 2905 Innocentio
463 2861 508 2920 Ill,
520 2860 554 2908 De
567 2861 692 2924 mysteriis
703 2859 795 2917 iliram,
810 2863 853 2922 lv,
865 2857 888 2908 l.
