1942 3284
92 165 137 214 bit
263 173 322 212 eras
335 175 375 220 ιιι,
388 173 481 218 ceusu.
495 174 599 224 curvi,
611 175 666 211 arr.
678 175 718 212 ιι.

95 261 141 298 uon
161 246 278 312 morieris3
295 250 451 299 verumtamen
470 247 530 297 lilius
551 247 591 312 qui
610 252 678 299 natue
694 249 800 314 esttibi,
814 257 880 303 moda

95 316 214 380 morietur3
230 334 244 365 n
263 317 323 382 qnod
339 317 383 367 luit
405 317 430 366 iu
455 330 547 380 peccam
570 318 721 382 praecedentis
740 322 840 386 pecori,
854 327 878 373 ut

94 387 177 438 ibidem
193 387 283 440 dicitur.
301 388 360 452 Ergo
372 386 465 439 remisi
478 388 564 452 culpl,
577 392 680 439 remanet
698 394 775 441 reatus
789 391 879 457 alicujm
944 402 945 411 ¹

94 465 178 522 penne.

126 529 457 594 (Conclusio-Quanquam
466 539 507 592 per
517 527 626 579 virtutem
635 531 779 593 penitentia
790 533 882 590 muniret

93 599 180 650 bomini
194 599 272 664 culpi,
287 611 355 664 poeua
369 611 459 662 quoque
475 602 563 649 uterne
579 599 720 666 remittatur;
738 604 835 669 abcujus
849 609 882 654 ta·

93 683 147 720 rnen
160 671 289 734 temporalis
303 684 375 735 omne
393 674 468 720 reatus
483 682 601 720 remanere
616 672 721 736 potest.)

123 741 258 804 despondeo
269 740 403 802 dicendum,
413 740 473 803 quod
483 740 558 800 tsicnt
567 741 592 790 iu
603 743 692 806 linum.
706 744 810 795 habitum
817 745 877 810 esti,
945 756 946 767 ¹

92 811 116 860 in
127 815 221 875 peccam
230 811 317 862 mortali
329 816 382 862 sunt
390 811 433 861 duo
443 826 449 860 ι
461 810 548 862 scilicet
559 812 648 863 eversio
660 815 689 864 nb
703 815 880 867 incommutabili

93 882 165 944 bono,
185 885 209 932 et
229 881 346 933 conversio
364 882 392 932 ad
412 881 570 932 commutabile
589 883 674 933 bonurn
693 885 830 936 inordinata.
849 888 880 937 lix

93 957 156 1016 parte
169 964 223 1016 ergo
233 951 357 1006 aversionis
369 952 397 1002 ab
409 951 589 1002 incommutabili
598 953 668 1014 bono,
676 957 822 1020 consequitur
831 971 880 1022 pec·
892 961 899 975 '

92 1028 168 1074 catum
187 1024 281 1074 mortale
298 1027 374 1074 reatus
386 1035 459 1087 prere
474 1027 580 1086 celerum
590 1027 616 1073 ut
628 1025 669 1087 qni
683 1030 762 1076 eontra
776 1032 879 1078 etenum

80 1093 176 1144 bouum
192 1093 311 1158 peccavit,
328 1093 354 1144 in
371 1097 480 1144 aeleruum
491 1092 606 1156 puniatur.
620 1094 655 1144 iix
667 1099 731 1159 parte
750 1097 818 1148 eliam
831 1110 882 1147 con·

93 1163 205 1215 versionis
218 1165 246 1214 ad
260 1164 346 1215 bouum
358 1163 526 1226 commutabile,
539 1163 563 1212 ιιι
576 1169 683 1226 quantum
700 1169 736 1215 cst
747 1166 879 1229 inordinata,

93 1234 236 1298 consequitur
243 1238 360 1298 peccatum
369 1233 462 1301 mortale
471 1237 547 1283 reatus
556 1233 654 1298 alicujus
666 1248 749 1299 poeum,
756 1236 810 1300 quia
819 1236 881 1287 iucr-

94 1303 177 1355 dinatio
194 1305 267 1368 culpe
280 1317 326 1355 nou
336 1304 448 1355 reducitur
462 1304 491 1354 nd
509 1303 611 1354 ordinem
626 1304 719 1370 iustitiae
728 1307 774 1357 nisi
784 1319 825 1370 per
836 1321 880 1371 pe·

93 1387 158 1435 nam3
167 1375 254 1439 justum
270 1377 304 1426 cst
313 1374 375 1425 enim
385 1378 410 1424 ut
421 1373 461 1438 qui
472 1373 585 1424 voluntati
594 1388 642 1425 sue
650 1376 701 1438 plus
713 1376 810 1428 indulsit
816 1378 879 1441 quim

92 1443 182 1507 debuit,
201 1448 281 1496 contre
297 1444 436 1496 volunlatem
449 1457 516 1494 suum
532 1443 618 1507 aliquid
634 1445 747 1509 patiatur,
767 1447 801 1498 sic
823 1446 880 1498 criu

70 1575 73 1582 .
92 1515 136 1565 erit
148 1515 272 1577 equalitas.
286 1516 349 1566 Unde
362 1517 447 1579 Apoc..
466 1515 547 1575 lllllll,
561 1514 663 1566 dicitur:
680 1532 695 1563 a
705 1518 820 1576 Quantum
832 1517 877 1579 dc·

91 1585 189 1636 rtdcevit
200 1597 225 1636 sc
238 1589 261 1636 el
275 1585 298 1638 in
310 1585 397 1636 deliciis
410 1585 468 1645 iuil,
485 1588 575 1635 tautum
592 1586 643 1637 date
657 1585 692 1637 illi
708 1590 847 1638 momentum
859 1591 880 1636 ct

91 1657 210 1707 luctum»
224 1657 282 1716 Quia
298 1661 374 1708 tamen
389 1655 505 1706 conversio
523 1657 552 1706 ad
566 1655 652 1707 bouum
669 1656 830 1708 commutabile
847 1662 880 1708 est

92 1727 168 1788 inita,
182 1740 228 1778 nou
244 1727 313 1778 babet
328 1740 357 1776 er
373 1731 436 1790 purte
450 1731 566 1790 peccatum
578 1725 639 1789 qubd
653 1727 799 1778 debeaturei
816 1739 878 1791 prem

92 1801 188 1860 eterna3
200 1799 260 1849 uude
277 1799 296 1848 si
314 1797 344 1848 sit
361 1797 491 1848 inordinata
507 1795 626 1848 conversio
641 1798 670 1847 ad
685 1796 771 1847 bouum
784 1810 878 1848 mmmc-
949 1806 950 1811 ’

91 1868 158 1918 labile
169 1868 217 1918 siue
230 1867 347 1918 aversione
360 1867 372 1918 i
387 1869 432 1918 ileo
439 1903 448 1930 ‚
461 1865 522 1918 sicut
536 1869 570 1917 est
583 1866 610 1916 in
628 1867 728 1930 peccads
743 1866 876 1924 venialibus.

91 1951 139 1988 nou
160 1939 252 1988 debetur
269 1942 363 2001 peccato
376 1949 443 2001 prena
463 1942 562 2000 aetem,
578 1937 617 1987 scd
634 1937 777 2001 wmporalis.
791 1938 878 1998 Quando

91 2009 159 2071 igitur
173 2020 214 2071 per
232 2009 326 2070 gratiam
345 2007 558 2070 remittituromne,
575 2007 661 2058 tollitur
674 2009 764 2059 aversio
777 2007 878 2059 enimet

91 2080 150 2140 beo,
162 2078 303 2142 inquantum
314 2091 355 2141 per
367 2078 462 2142 gratiam
473 2078 549 2128 anima
565 2078 611 2128 lieo
620 2078 783 2142 coniungitur:
794 2080 878 2130 undeet

92 2161 133 2210 uer
153 2161 295 2212 consequens
311 2148 377 2199 simul
400 2149 487 2198 tollitur
504 2153 579 2199 reatum
597 2161 671 2212 poene
687 2154 787 2212 actoruae,
804 2148 877 2215 notesl

91 2223 166 2269 tamm
180 2231 295 2269 remanere
311 2224 387 2270 reatus
399 2218 494 2277 alicujus
510 2232 584 2282 preme
595 2217 735 2282 temporalis.

123 2290 156 2338 bd
173 2289 270 2353 pomum
280 2302 334 2353 ergo
344 2291 478 2352 dicendum,
488 2289 549 2353 qnod
561 2289 628 2352 culpa
644 2289 748 2340 mortalis
759 2294 878 2352 rubumque

90 2360 173 2424 babet,
185 2361 356 2411 etaversiouem
370 2359 384 2410 a
396 2361 452 2423 Deo,
465 2364 489 2410 et
501 2361 672 2411 couversionem
684 2361 714 2410 ad
722 2360 808 2412 ιοιιιιιιι
821 2371 879 2410 crea-

92 2431 149 2479 lum.
169 2431 215 2480 sed
232 2430 309 2494 (sicul
327 2431 352 2481 in
367 2431 388 2480 ll
400 2437 460 2493 part.
475 2430 579 2480 habitum
596 2430 652 2494 esti
661 2430 751 2482 evermo
762 2430 778 2481 i
790 2431 835 2481 ileo
846 2433 878 2482 est

92 2498 124 2548 ibi
135 2499 194 2550 sicut
206 2500 312 2562 dormale,
326 2501 443 2552 conversio
457 2504 533 2550 auum
549 2501 577 2550 ad
593 2501 678 2550 bonum
694 2505 795 2551 creatum
807 2499 878 2552 estibi

93 2569 153 2620 sicut
164 2570 295 2634 materiale3
310 2577 395 2622 remoto
411 2576 485 2620 auteur
499 2570 587 2620 formali
599 2571 763 2634 cujuscumque
777 2572 826 2631 rei,
839 2570 879 2620 tol·

93 2640 146 2691 lilur
158 2643 261 2706 species,
273 2642 330 2692 sicut
343 2647 429 2693 remoto
438 2641 562 2691 rationali
570 2641 657 2691 tollitur
665 2641 754 2706 spoues
765 2643 873 2692 bumana:

93 2715 117 2762 et
131 2711 181 2763 ideo
194 2725 223 2764 ex
240 2715 283 2764 boc
293 2711 343 2778 ipso
361 2713 442 2763 dicitur
461 2712 527 2776 culpa
540 2712 641 2762 mortalis
651 2712 753 2775 remitti,
768 2711 827 2776 qubd
839 2723 877 2775 ner

94 2785 188 2844 gratiam
200 2783 285 2834 tollitur
298 2785 387 2835 av‘ersio
400 2785 482 2835 mentis
493 2784 506 2834 b
519 2784 565 2834 ileo
581 2783 647 2833 simul
660 2796 714 2833 cum
731 2788 795 2834 reatu
808 2795 876 2848 poce

94 2856 196 2917 mternm;
212 2859 311 2906 temneret
334 2861 411 2905 tamen
431 2854 485 2904 illud
510 2853 570 2917 quod
589 2858 624 2904 est
642 2854 775 2916 materiale,
794 2853 876 2904 scilicet
