1942 3284
400 130 480 167 innox.
796 121 842 172 880

22 209 174 254 Auricuuus
187 203 225 252 iv.
236 204 316 249 Utrum
325 203 424 248 Christus
437 206 566 260 potestatem
583 216 644 248 suam
659 217 726 260 quam
742 205 784 250 isa·

216 267 266 314 buit
275 268 298 311 iu
309 267 458 322 sacramentis,
466 267 562 322 potuerit
570 267 678 311 ministris
686 279 786 312 commu·

216 331 297 374 nicarc.
813 334 842 375 tt

191 392 218 437 V.
229 392 308 437 Utrum
319 405 358 450 per
373 394 441 436 maios
457 393 571 436 ministros
585 394 719 437 sacramenta
728 404 784 436 cou-

216 455 270 498 terri
283 455 375 512 possint.
813 457 840 499 ti

189 514 228 560 vl.
245 516 326 561 Utrum
341 517 393 560 maii
409 516 561 560 ministrantes
578 517 712 560 sacramenta
728 527 785 572 pcc-

220 581 277 623 cant.
813 580 842 623 tt

102 678 105 683 .
191 641 238 685 vii.
248 641 327 686 Utrum
336 640 408 695 angeli
415 641 499 696 possint
508 645 642 684 sacramento
650 640 783 685 ministrare.
810 642 838 685 Ἠ

191 701 340 748 vitulinum
351 703 443 746 intentio
454 703 551 746 ministri
561 705 687 758 requiratur
698 703 726 746 au
735 714 785 759 per-

218 766 337 810 fectionem
354 766 493 810 sacramenti.
812 767 840 810 ’13

190 827 230 872 lX.
241 827 321 872 Utrum
331 827 385 872 fldes
396 828 491 872 ministri
502 827 531 871 sit
544 827 572 872 sic
580 829 706 872 necessitate
715 839 785 872 sacra-

218 891 296 935 menti.
567 930 569 933 .
812 891 840 933 76

190 953 219 998 X.
234 953 314 998 Utrum
328 953 421 998 intentio
438 956 496 996 recta
512 953 609 998 ministri
619 953 745 1008 requiratur
755 953 783 997 su

215 1015 373 1072 pcrtccticuem
385 1017 523 1060 sacramenti.
809 1017 838 1060 tt

336 1139 465 1192 QUAESTIO
476 1139 544 1184 LXV.

62 1236 102 1281 De
112 1245 211 1280 numero
220 1237 437 1287 sacromeutomm,
447 1235 475 1277 iu
483 1236 588 1290 quotuor
598 1233 712 1277 articulos
721 1232 807 1277 dictam

35 1329 170 1375 laurentus
185 1327 202 1371 1.
218 1327 297 1372 Utrum
306 1325 400 1370 debeant
408 1337 455 1370 esse
464 1329 548 1382 septem
564 1330 698 1370 sacramenta
707 1324 783 1370 Ecsto-

214 1390 260 1434 sio.
808 1391 832 1434 8t

108 1476 137 1486 -
153 1467 155 1474 ·
189 1452 217 1497 11.
232 1452 311 1500 Utrum
327 1457 461 1496 sacramenta
479 1453 636 1496 convenienter
651 1453 783 1498 ordinentur

215 1513 336 1558 secuudum
350 1515 440 1558 modum
450 1514 589 1570 predictum.
809 1516 837 1558 tt

107 1599 136 1612 -
183 1577 222 1625 111.
230 1577 310 1622 Utrum
328 1579 488 1621 sacramentum
502 1576 638 1620 eucharistie
652 1575 681 1619 sit
691 1576 779 1631 potissi·

217 1650 278 1682 mum
289 1639 497 1682 iutcrsacrumeuta.
811 1640 838 1681 88

107 1723 134 1734 -
187 1699 225 1746 iv.
235 1699 315 1745 Utrum
329 1701 402 1744 omnia
416 1706 551 1744 sacramenta
561 1700 641 1744 sinite
655 1700 783 1744 necessitate

213 1763 296 1808 salutis.
808 1763 832 1804 tt

174 1910 401 1964 mactmus
417 1911 467 1960 DE
483 1911 694 1962 nemauso,

326 2037 456 2090 QUAESTlO
473 2037 548 2082 var.

66 2134 102 2180 De
109 2130 321 2190 pertimuissent
335 2133 510 2174 sacromentum
521 2130 638 2185 baptismi,
648 2131 674 2174 in
683 2130 804 2176 duodecim

327 2193 441 2238 articulos
456 2193 541 2238 divisa.

40 2294 166 2339 Auricuaus
181 2289 201 2334 1.
216 2287 296 2332 Utrum
306 2285 427 2341 baptismus
437 2285 465 2328 sit
476 2286 524 2339 ipsa
533 2285 624 2329 ablutio.
806 2290 834 2331 ut

108 2375 134 2386 -
186 2349 303 2396 ll.Utrum
311 2347 433 2402 baptismus
443 2348 633 2392 fueritinstitutus
642 2352 691 2405 post
699 2347 781 2392 Christi

214 2411 349 2468 passionem.
808 2411 836 2452 tit

108 2497 135 2509 -
187 2474 224 2520 iil.
234 2472 314 2518 Utrum
321 2483 379 2528 aqua
388 2473 415 2516 sit
431 2472 520 2528 propria
536 2472 627 2515 materia
636 2472 748 2527 baptismi.
809 2472 837 2513 ⁹8

94 2559 136 2592 ,-·
186 2533 833 2590 lV.Utrumadi)sptismumrequiraturaquasimplcs.t0t

109 2622 137 2634 -
187 2599 217 2647 V.
230 2600 309 2645 Utrum
328 2600 374 2644 hoer
386 2599 415 2642 sit
427 2597 558 2642 couveniens
573 2598 643 2641 torma
661 2594 783 2648 baptismi:

211 2663 263 2720 Epo
277 2667 300 2706 te
309 2661 402 2718 baptizo
411 2661 438 2704 in
448 2660 637 2715 nominePatris,
648 2661 671 2702 et
680 2657 749 2712 titii,
760 2659 784 2701 et

212 2723 317 2782 Spiritus
326 2724 411 2768 sancti.
797 2719 837 2762 tor

105 2807 135 2822 -
188 2785 315 2892 wmffirum
328 2787 352 2832 iu
368 2785 457 2830 nominc
467 2785 549 2830 Christi
560 2785 628 2840 possit
642 2781 689 2826 dori
701 2780 783 2838 baptis·
797 2844 839 2888 ,ω

683 2935 726 2985 25*
