1942 3284
193 186 227 223 n!
241 181 496 222 ammonitionis
512 182 678 231 mmmm,
694 182 748 220 BTC.
827 172 873 221 789

98 263 267 329 (commemo.
275 287 307 299 -
319 257 557 311 &excommunicatio
565 257 650 323 injuste
664 258 710 308 lata
721 258 752 308 sit
765 270 795 309 ex
806 262 872 323 paru

54 331 301 392 excommunicantis,
314 330 400 381 seilicet
413 330 449 380 vei
462 343 493 381 ex
506 328 540 379 im
552 333 591 380 aut
604 328 708 390 exodio,
722 328 872 380 nihilominus

58 405 181 457 effectum
200 402 306 465 sorutm3
321 405 346 453 at
367 401 387 451 si
404 415 433 451 ex
448 404 514 465 nauto
530 400 784 463 excommunicationis,
802 400 833 451 ita
846 405 873 451 nt

57 488 135 529 error
148 474 186 525 ille
198 474 287 524 initam
301 472 370 523 iaciat
383 472 533 535 senteutiam,
550 472 626 523 nuilus
638 475 674 522 est
690 472 812 538 effectus.)

99 544 240 610 Respondeo
261 542 400 608 dicendam,
420 543 480 605 quod
500 542 704 594 excommunicatio
726 548 802 609 potest
826 544 872 595 dici

58 616 159 681 injusta
170 614 300 679 dupliciter.
309 615 361 665 Uno
370 615 446 677 modo,
457 627 487 665 ex
495 618 559 677 perte
569 615 802 677 excommunicantis,
813 616 873 667 sicut

60 686 124 739 cutm
138 700 167 739 ex
177 687 230 738 odio
240 687 279 738 vel
290 687 324 737 ira
335 687 418 751 aliquis
427 686 625 749 excommunicat,
638 690 661 737 et
674 690 729 738 tnnc
742 686 875 739 excommun-¹

57 758 158 811 nicetio
180 758 328 809 nihilomiuus
348 759 418 808 nabet
435 756 542 807 effectum
564 770 644 820 snum,
658 759 762 824 quamuis
781 759 819 810 ille
835 757 875 821 qui

64 829 272 891 excommunicat,
287 833 379 893 peccet,
394 830 449 892 quia
465 829 510 880 iste
521 828 584 893 juste
602 829 701 895 patitur,
718 831 823 894 quamuis
834 829 874 881 iiie

61 899 160 965 injuste
174 901 251 951 iaciat.
261 900 311 951 alio
324 901 400 964 mono,
415 914 443 951 ex
454 904 520 964 parte
533 900 607 964 ipsius
619 900 872 965 excommnuicationis,

64 972 110 1023 vei
120 971 173 1035 quia
181 985 252 1023 eausa
260 972 502 1023 excommunicationis
516 976 551 1023 est
564 970 674 1031 indebita,
684 973 722 1022 ael
733 974 786 1037 quia
802 973 874 1024 fertur

66 1044 188 1095 autentis
196 1043 256 1108 juris
266 1043 347 1095 ordine
357 1044 522 1108 omwrmissm
535 1046 559 1093 et
567 1046 623 1093 tunc
638 1042 658 1092 si
669 1042 699 1093 sit
711 1042 765 1093 talis
773 1056 835 1095 error
845 1056 875 1094 ex

65 1118 139 1181 parte
152 1116 288 1179 sententiae,
301 1115 342 1180 qni
353 1116 490 1167 sententiam
501 1114 587 1165 nuliam
596 1127 647 1165 esse
655 1113 738 1176 iaciat,
748 1126 795 1165 non
806 1113 877 1165 habet

69 1187 198 1250 effectum,
215 1187 330 1251 quianon
346 1190 382 1239 est
396 1186 612 1237 excommunicatio.
627 1185 650 1236 si
664 1187 739 1236 numm
752 1186 804 1235 talis
815 1196 878 1237 emor

65 1270 123 1310 non
136 1258 239 1309 annullet
249 1259 400 1323 sententiam,
414 1259 484 1309 habet
496 1257 602 1309 effectum
616 1270 701 1320 sunm;
716 1261 740 1307 et
753 1256 822 1307 debet
837 1270 879 1308 ex-

72 1330 258 1382 communicatos
273 1330 391 1382 humiliter
403 1330 496 1382 obedire
511 1330 553 1396 (et
566 1330 609 1381 erit
624 1329 645 1380 ei
658 1328 839 1397 admonitum),
854 1332 879 1381 et

69 1400 114 1453 uel
132 1400 296 1454 absolutionem
314 1405 394 1467 petere
406 1402 434 1453 ab
443 1402 671 1463 excommunicante,
683 1400 721 1453 vei
733 1401 762 1452 ad
776 1401 877 1467 superio·

70 1485 126 1525 rem
135 1472 236 1536 jndicem
251 1486 374 1525 recurrere.
387 1474 412 1524 Si
420 1479 498 1525 numm
512 1475 677 1536 contemneret,
691 1486 719 1524 co
728 1471 779 1537 ipso
793 1478 878 1525 morta-

72 1543 130 1596 liter
137 1547 250 1609 peccaret.
260 1544 378 1609 Contingit
385 1549 461 1596 autem
471 1547 608 1610 quandoque
616 1544 676 1607 quod
688 1546 719 1595 sit
727 1545 879 1597 debitncausn

74 1630 105 1669 ex
113 1620 178 1682 parte
192 1616 484 1681 excommunicantis‚qnn
494 1630 540 1667 non
548 1619 583 1667 cst
591 1616 666 1667 debita
676 1629 705 1668 ex
714 1620 778 1682 parte
790 1628 880 1669 excom·

73 1688 200 1749 munienti,
215 1688 274 1739 sicut
286 1688 338 1740 ciam
352 1688 435 1752 niquis
445 1702 487 1753 pro
501 1688 559 1739 falso
572 1687 667 1738 crimine
680 1686 705 1737 in
722 1686 807 1751 jndicio
821 1699 880 1751 pro·

75 1761 133 1812 hato
145 1760 364 1823 excommunicatum
380 1763 403 1811 et
413 1763 469 1811 tunc
487 1760 508 1810 si
519 1758 637 1809 humiliter
652 1758 765 1819 sustinet,
781 1756 879 1809 humili-

74 1831 135 1883 tatis
147 1831 254 1881 meritum
264 1834 423 1896 recompensat
434 1829 676 1882 excommunicationis
686 1829 801 1881 damnum.

112 1902 147 1954 Ad
163 1902 262 1966 primum
274 1916 329 1966 ergo
347 1903 483 1964 dicendum,
498 1900 559 1967 quod
579 1900 683 1965 quamvis
702 1902 771 1952 homo
785 1901 881 1965 gratiana

78 1974 123 2027 Dei
135 1973 220 2037 iniuste
233 1973 337 2025 amittere
350 1988 396 2026 uon
406 1974 490 2040 possit,
505 1977 581 2040 potest
592 1976 669 2024 tamen
679 1973 783 2023 amittere
795 1971 833 2023 ilia
844 1970 881 2024 iu·

75 2044 143 2111 juste
156 2058 207 2109 qna
220 2058 249 2096 ex
264 2050 328 2110 parte
345 2051 423 2098 nostra
440 2050 510 2110 sunt,
526 2058 576 2109 quae
590 2045 618 2095 ad
638 2044 733 2108 gratiam
751 2044 792 2095 Dei
806 2043 884 2108 dispo·

78 2120 157 2179 nnnt,
168 2118 227 2167 sicut
237 2121 313 2182 patet,
328 2119 348 2168 si
358 2120 503 2169 subtrahetur
513 2117 583 2167 elicui
597 2114 705 2168 doctrine
715 2117 810 2166 verbnm
824 2116 884 2180 quod

79 2189 105 2241 ei
118 2188 225 2252 debetur,
238 2192 261 2240 et
273 2191 319 2241 hoc
331 2190 398 2240 modo
412 2188 619 2240 excommunicatio
633 2188 729 2251 gratiam
743 2187 783 2239 Dei
796 2188 884 2239 subtra-

80 2264 138 2313 hero
151 2260 246 2325 dicitur,
261 2264 286 2310 ui
299 2273 329 2311 ex
341 2261 456 2326 predictis
465 2264 537 2325 patet.

72 2369 76 2376 .
116 2332 152 2383 id
165 2333 290 2382 secundum
306 2332 442 2393 dicendum,
457 2331 518 2394 quod
535 2330 688 2395 Hieronymus
702 2329 801 2394 loquitur
814 2341 885 2393 quan·

83 2405 135 2457 tum
154 2403 182 2453 ad
202 2404 305 2467 cuipam,
321 2407 344 2453 et
364 2416 411 2453 non
429 2400 539 2467 ouantium
556 2401 583 2451 ad
605 2414 701 2465 poenas3
716 2414 767 2465 quae
791 2402 887 2465 possunt

83 2476 154 2529 etiam
168 2474 254 2539 injuste
267 2474 342 2539 infligi
353 2474 366 2525 i
378 2473 505 2525 rectoribus
518 2474 677 2524 Ecclesia-um.
