<?xml version="1.0" encoding="UTF-8"?>
<!DOCTYPE html PUBLIC "-//W3C//DTD XHTML 1.0 Transitional//EN"
    "http://www.w3.org/TR/xhtml1/DTD/xhtml1-transitional.dtd">
<html xmlns="http://www.w3.org/1999/xhtml" xml:lang="en" lang="en">
 <head>
  <title>
</title>
<meta http-equiv="Content-Type" content="text/html;charset=utf-8" />
  <meta name='ocr-system' content='tesseract 3.04.00' />
  <meta name='ocr-capabilities' content='ocr_page ocr_carea ocr_par ocr_line ocrx_word'/>
</head>
<body>
  <div class='ocr_page' id='page_1' title='image "./summatheologica01nicogoog_0577.png"; bbox 0 0 1942 3284; ppageno 0'>
   <div class='ocr_carea' id='block_1_1' title="bbox 193 204 833 267">
    <p class='ocr_par' dir='ltr' id='par_1_1' title="bbox 193 204 833 267">
     <span class='ocr_line' id='line_1_1' title="bbox 193 204 833 267; baseline 0.013 -24"><span class='ocrx_word' id='word_1_1' title='bbox 193 206 223 243; x_wconf 72' lang='grc' dir='ltr'><strong>ΒΕ</strong></span> <span class='ocrx_word' id='word_1_2' title='bbox 238 204 354 243; x_wconf 68' lang='lat' dir='ltr'><strong>intretis</strong></span> <span class='ocrx_word' id='word_1_3' title='bbox 369 205 528 244; x_wconf 65' lang='lat' dir='ltr'><strong>metumtot</strong></span> <span class='ocrx_word' id='word_1_4' title='bbox 537 207 569 267; x_wconf 46' lang='lat' dir='ltr'><strong>&#39;tbi</strong></span> <span class='ocrx_word' id='word_1_5' title='bbox 586 207 701 245; x_wconf 61' lang='lat' dir='ltr'><strong>mutant.</strong></span> <span class='ocrx_word' id='word_1_6' title='bbox 792 210 833 255; x_wconf 73' lang='grc'><strong>57)</strong></span> 
     </span>
    </p>
   </div>
   <div class='ocr_carea' id='block_1_2' title="bbox 54 279 862 557">
    <p class='ocr_par' dir='ltr' id='par_1_2' title="bbox 54 279 862 557">
     <span class='ocr_line' id='line_1_2' title="bbox 56 279 862 348; baseline 0.002 -17"><span class='ocrx_word' id='word_1_7' title='bbox 56 280 165 343; x_wconf 77' lang='grc' dir='ltr'><strong>ωιιιιιιο,</strong></span> <span class='ocrx_word' id='word_1_8' title='bbox 181 293 233 345; x_wconf 76' lang='lat' dir='ltr'><strong>qun</strong></span> <span class='ocrx_word' id='word_1_9' title='bbox 246 282 288 331; x_wconf 90' lang='lat' dir='ltr'><strong>boe</strong></span> <span class='ocrx_word' id='word_1_10' title='bbox 306 279 432 343; x_wconf 76' lang='lat' dir='ltr'><strong>umidus,</strong></span> <span class='ocrx_word' id='word_1_11' title='bbox 444 280 552 345; x_wconf 80' lang='lat' dir='ltr'><strong>importat</strong></span> <span class='ocrx_word' id='word_1_12' title='bbox 563 281 660 348; x_wconf 78' lang='lat' dir='ltr'><strong>aliquam</strong></span> <span class='ocrx_word' id='word_1_13' title='bbox 680 282 838 335; x_wconf 72' lang='lat' dir='ltr'><strong>rectitudinem</strong></span> <span class='ocrx_word' id='word_1_14' title='bbox 858 319 862 333; x_wconf 75' lang='grc'><em>,</em></span> 
     </span>
     <span class='ocr_line' id='line_1_3' title="bbox 56 351 840 418; baseline 0.006 -18"><span class='ocrx_word' id='word_1_15' title='bbox 56 352 172 403; x_wconf 86' lang='lat' dir='ltr'><strong>uoluntatis</strong></span> <span class='ocrx_word' id='word_1_16' title='bbox 189 356 235 401; x_wconf 83' lang='lat' dir='ltr'><strong>:et</strong></span> <span class='ocrx_word' id='word_1_17' title='bbox 249 353 341 415; x_wconf 86' lang='lat' dir='ltr'><strong>propter</strong></span> <span class='ocrx_word' id='word_1_18' title='bbox 353 351 397 401; x_wconf 88' lang='lat' dir='ltr'><strong>bec</strong></span> <span class='ocrx_word' id='word_1_19' title='bbox 417 356 454 401; x_wconf 90' lang='lat' dir='ltr'><strong>est</strong></span> <span class='ocrx_word' id='word_1_20' title='bbox 469 358 533 407; x_wconf 82' lang='lat' dir='ltr'><strong>nctus</strong></span> <span class='ocrx_word' id='word_1_21' title='bbox 553 352 643 405; x_wconf 86' lang='lat' dir='ltr'><strong>uirtutis</strong></span> <span class='ocrx_word' id='word_1_22' title='bbox 658 353 733 418; x_wconf 80' lang='lat' dir='ltr'><strong>illius,</strong></span> <span class='ocrx_word' id='word_1_23' title='bbox 752 355 840 407; x_wconf 87' lang='lat' dir='ltr'><strong>scilieet</strong></span> 
     </span>
     <span class='ocr_line' id='line_1_4' title="bbox 55 421 840 488; baseline 0.001 -16"><span class='ocrx_word' id='word_1_24' title='bbox 55 421 115 487; x_wconf 76' lang='lat' dir='ltr'><strong>erius</strong></span> <span class='ocrx_word' id='word_1_25' title='bbox 127 427 163 475; x_wconf 86' lang='lat' dir='ltr'><strong>est</strong></span> <span class='ocrx_word' id='word_1_26' title='bbox 179 425 295 486; x_wconf 75' lang='lat' dir='ltr'><strong>peccatum</strong></span> <span class='ocrx_word' id='word_1_27' title='bbox 309 421 447 484; x_wconf 82' lang='lat' dir='ltr'><strong>preteritum</strong></span> <span class='ocrx_word' id='word_1_28' title='bbox 457 423 563 473; x_wconf 84' lang='lat' dir='ltr'><strong>detestari</strong></span> <span class='ocrx_word' id='word_1_29' title='bbox 575 423 740 488; x_wconf 71' lang='lat' dir='ltr'><strong>erubescerem,</strong></span> <span class='ocrx_word' id='word_1_30' title='bbox 753 424 840 477; x_wconf 84' lang='lat' dir='ltr'><strong>scilicet</strong></span> 
     </span>
     <span class='ocr_line' id='line_1_5' title="bbox 54 491 838 557; baseline 0.005 -16"><span class='ocrx_word' id='word_1_31' title='bbox 54 491 206 555; x_wconf 75' lang='lat' dir='ltr'><strong>penitentie,</strong></span> <span class='ocrx_word' id='word_1_32' title='bbox 224 494 249 541; x_wconf 88' lang='lat' dir='ltr'><strong>ut</strong></span> <span class='ocrx_word' id='word_1_33' title='bbox 263 493 326 554; x_wconf 88' lang='lat' dir='ltr'><strong>patet</strong></span> <span class='ocrx_word' id='word_1_34' title='bbox 337 502 367 539; x_wconf 85' lang='lat' dir='ltr'><strong>ex</strong></span> <span class='ocrx_word' id='word_1_35' title='bbox 379 491 417 541; x_wconf 88' lang='lat' dir='ltr'><strong>bis</strong></span> <span class='ocrx_word' id='word_1_36' title='bbox 432 492 518 555; x_wconf 83' lang='lat' dir='ltr'><strong>quein</strong></span> <span class='ocrx_word' id='word_1_37' title='bbox 529 492 597 544; x_wconf 81' lang='lat' dir='ltr'><strong>Seni.</strong></span> <span class='ocrx_word' id='word_1_38' title='bbox 611 494 649 557; x_wconf 86' lang='lat' dir='ltr'><strong>lli,</strong></span> <span class='ocrx_word' id='word_1_39' title='bbox 668 494 721 547; x_wconf 88' lang='lat' dir='ltr'><strong>dist.</strong></span> <span class='ocrx_word' id='word_1_40' title='bbox 734 498 764 547; x_wconf 86' lang='grc' dir='ltr'><strong>ιι</strong></span> <span class='ocrx_word' id='word_1_41' title='bbox 777 502 801 547; x_wconf 84' lang='lat' dir='ltr'><strong>ct</strong></span> <span class='ocrx_word' id='word_1_42' title='bbox 812 498 838 547; x_wconf 91' lang='grc' dir='ltr'><strong>ιιι</strong></span> 
     </span>
    </p>
   </div>
   <div class='ocr_carea' id='block_1_3' title="bbox 54 564 801 626">
    <p class='ocr_par' dir='ltr' id='par_1_3' title="bbox 54 564 801 626">
     <span class='ocr_line' id='line_1_6' title="bbox 54 564 801 626; baseline -0.008 -15"><span class='ocrx_word' id='word_1_43' title='bbox 54 566 125 625; x_wconf 87' lang='lat' dir='ltr'><strong>parte,</strong></span> <span class='ocrx_word' id='word_1_44' title='bbox 136 576 175 626; x_wconf 91' lang='lat' dir='ltr'><strong>qn.</strong></span> <span class='ocrx_word' id='word_1_45' title='bbox 198 564 238 612; x_wconf 83' lang='lat' dir='ltr'><strong>st.</strong></span> <span class='ocrx_word' id='word_1_46' title='bbox 796 596 801 605; x_wconf 89' lang='lat'>.</span> 
     </span>
    </p>
   </div>
   <div class='ocr_carea' id='block_1_4' title="bbox 82 632 927 699">
    <p class='ocr_par' dir='ltr' id='par_1_4' title="bbox 82 632 927 699">
     <span class='ocr_line' id='line_1_7' title="bbox 82 632 927 699; baseline 0 -14"><span class='ocrx_word' id='word_1_47' title='bbox 82 635 114 687; x_wconf 77' lang='lat' dir='ltr'><strong>td</strong></span> <span class='ocrx_word' id='word_1_48' title='bbox 122 633 223 699; x_wconf 86' lang='lat' dir='ltr'><strong>primum</strong></span> <span class='ocrx_word' id='word_1_49' title='bbox 236 645 289 697; x_wconf 80' lang='lat' dir='ltr'><strong>crgo</strong></span> <span class='ocrx_word' id='word_1_50' title='bbox 299 632 417 683; x_wconf 87' lang='lat' dir='ltr'><strong>dicendum</strong></span> <span class='ocrx_word' id='word_1_51' title='bbox 427 670 434 692; x_wconf 92' lang='lat'>,</span> <span class='ocrx_word' id='word_1_52' title='bbox 446 633 507 695; x_wconf 84' lang='lat' dir='ltr'><strong>quod</strong></span> <span class='ocrx_word' id='word_1_53' title='bbox 520 634 544 683; x_wconf 89' lang='lat' dir='ltr'><strong>in</strong></span> <span class='ocrx_word' id='word_1_54' title='bbox 557 632 689 687; x_wconf 77' lang='lat' dir='ltr'>contritione</span> <span class='ocrx_word' id='word_1_55' title='bbox 707 639 743 687; x_wconf 88' lang='lat' dir='ltr'><strong>est</strong></span> <span class='ocrx_word' id='word_1_56' title='bbox 756 636 839 699; x_wconf 77' lang='lat' dir='ltr'><strong>duplex</strong></span> <span class='ocrx_word' id='word_1_57' title='bbox 920 676 927 695; x_wconf 83' lang='grc'>,</span> 
     </span>
    </p>
   </div>
   <div class='ocr_carea' id='block_1_5' title="bbox 43 702 938 2042">
    <p class='ocr_par' dir='ltr' id='par_1_5' title="bbox 44 702 938 1760">
     <span class='ocr_line' id='line_1_8' title="bbox 52 702 838 767; baseline -0.003 -10"><span class='ocrx_word' id='word_1_58' title='bbox 52 705 111 757; x_wconf 84' lang='lat' dir='ltr'><strong>dolor</strong></span> <span class='ocrx_word' id='word_1_59' title='bbox 123 705 152 756; x_wconf 83' lang='lat' dir='ltr'><strong>do</strong></span> <span class='ocrx_word' id='word_1_60' title='bbox 165 706 268 767; x_wconf 76' lang='lat' dir='ltr'><strong>peccato</strong></span> <span class='ocrx_word' id='word_1_61' title='bbox 288 702 351 753; x_wconf 83' lang='lat' dir='ltr'><strong>Unus</strong></span> <span class='ocrx_word' id='word_1_62' title='bbox 363 702 387 751; x_wconf 89' lang='lat' dir='ltr'><strong>in</strong></span> <span class='ocrx_word' id='word_1_63' title='bbox 401 707 464 767; x_wconf 86' lang='lat' dir='ltr'><strong>purte</strong></span> <span class='ocrx_word' id='word_1_64' title='bbox 479 704 598 763; x_wconf 80' lang='lat' dir='ltr'><strong>sensitiva,</strong></span> <span class='ocrx_word' id='word_1_65' title='bbox 610 704 649 766; x_wconf 80' lang='lat' dir='ltr'><strong>uui</strong></span> <span class='ocrx_word' id='word_1_66' title='bbox 660 705 800 767; x_wconf 80' lang='lat' dir='ltr'><strong>passioust:</strong></span> <span class='ocrx_word' id='word_1_67' title='bbox 815 715 838 757; x_wconf 83' lang='lat' dir='ltr'><strong>uc</strong></span> 
     </span>
     <span class='ocr_line' id='line_1_9' title="bbox 51 773 837 837; baseline 0.001 -11"><span class='ocrx_word' id='word_1_68' title='bbox 51 775 86 826; x_wconf 90' lang='lat' dir='ltr'><strong>bic</strong></span> <span class='ocrx_word' id='word_1_69' title='bbox 97 788 145 828; x_wconf 89' lang='lat' dir='ltr'><strong>non</strong></span> <span class='ocrx_word' id='word_1_70' title='bbox 156 778 195 825; x_wconf 87' lang='lat' dir='ltr'><strong>est</strong></span> <span class='ocrx_word' id='word_1_71' title='bbox 203 773 354 825; x_wconf 77' lang='lat' dir='ltr'><strong>essentialiter</strong></span> <span class='ocrx_word' id='word_1_72' title='bbox 364 773 477 837; x_wconf 76' lang='lat' dir='ltr'><strong>counitio,</strong></span> <span class='ocrx_word' id='word_1_73' title='bbox 494 780 560 837; x_wconf 90' lang='lat' dir='ltr'><strong>prout</strong></span> <span class='ocrx_word' id='word_1_74' title='bbox 572 780 608 825; x_wconf 88' lang='lat' dir='ltr'><strong>est</strong></span> <span class='ocrx_word' id='word_1_75' title='bbox 617 780 681 825; x_wconf 88' lang='lat' dir='ltr'><strong>actus</strong></span> <span class='ocrx_word' id='word_1_76' title='bbox 690 776 788 837; x_wconf 86' lang='lat' dir='ltr'><strong>uirtutis,</strong></span> <span class='ocrx_word' id='word_1_77' title='bbox 799 779 837 828; x_wconf 85' lang='lat' dir='ltr'><strong>sed</strong></span> 
     </span>
     <span class='ocr_line' id='line_1_10' title="bbox 52 843 837 910; baseline 0 -15"><span class='ocrx_word' id='word_1_78' title='bbox 52 847 118 910; x_wconf 71' lang='lat' dir='ltr'><strong>magis</strong></span> <span class='ocrx_word' id='word_1_79' title='bbox 130 844 228 897; x_wconf 76' lang='lat' dir='ltr'><strong>effeetus</strong></span> <span class='ocrx_word' id='word_1_80' title='bbox 239 844 297 908; x_wconf 78' lang='lat' dir='ltr'><strong>eius.</strong></span> <span class='ocrx_word' id='word_1_81' title='bbox 315 843 448 895; x_wconf 83' lang='lat' dir='ltr'><strong>sicutenim</strong></span> <span class='ocrx_word' id='word_1_82' title='bbox 457 843 600 908; x_wconf 73' lang='lat' dir='ltr'><strong>poenitentioe</strong></span> <span class='ocrx_word' id='word_1_83' title='bbox 609 844 699 896; x_wconf 80' lang='lat' dir='ltr'><strong>obtutis</strong></span> <span class='ocrx_word' id='word_1_84' title='bbox 706 846 837 899; x_wconf 83' lang='lat' dir='ltr'><strong>exteriorem</strong></span> 
     </span>
     <span class='ocr_line' id='line_1_11' title="bbox 50 915 838 979; baseline 0 -12"><span class='ocrx_word' id='word_1_85' title='bbox 50 929 135 979; x_wconf 78' lang='lat' dir='ltr'><strong>punam</strong></span> <span class='ocrx_word' id='word_1_86' title='bbox 152 916 244 979; x_wconf 74' lang='lat' dir='ltr'><strong>corpori</strong></span> <span class='ocrx_word' id='word_1_87' title='bbox 255 915 338 979; x_wconf 70' lang='lat' dir='ltr'><strong>intigit</strong></span> <span class='ocrx_word' id='word_1_88' title='bbox 353 915 387 965; x_wconf 76' lang='lat' dir='ltr'><strong>ad</strong></span> <span class='ocrx_word' id='word_1_89' title='bbox 398 916 614 979; x_wconf 77' lang='lat' dir='ltr'><strong>recompensandam</strong></span> <span class='ocrx_word' id='word_1_90' title='bbox 627 915 736 967; x_wconf 79' lang='lat' dir='ltr'><strong>obtensum</strong></span> <span class='ocrx_word' id='word_1_91' title='bbox 750 930 802 979; x_wconf 78' lang='lat' dir='ltr'><strong>uem</strong></span> <span class='ocrx_word' id='word_1_92' title='bbox 814 918 838 967; x_wconf 88' lang='lat' dir='ltr'><strong>irr</strong></span> 
     </span>
     <span class='ocr_line' id='line_1_12' title="bbox 50 985 838 1065; baseline 0 -26"><span class='ocrx_word' id='word_1_93' title='bbox 50 986 115 1039; x_wconf 80' lang='lat' dir='ltr'><strong>deum</strong></span> <span class='ocrx_word' id='word_1_94' title='bbox 127 987 251 1065; x_wconf 77' lang='lat' dir='ltr'><strong>oomrpissu</strong></span> <span class='ocrx_word' id='word_1_95' title='bbox 263 990 298 1037; x_wconf 88' lang='lat' dir='ltr'><strong>est</strong></span> <span class='ocrx_word' id='word_1_96' title='bbox 307 985 382 1037; x_wconf 81' lang='lat' dir='ltr'><strong>oliuo</strong></span> <span class='ocrx_word' id='word_1_97' title='bbox 393 986 557 1047; x_wconf 87' lang='lat' dir='ltr'><strong>membrorum,</strong></span> <span class='ocrx_word' id='word_1_98' title='bbox 570 985 603 1036; x_wconf 89' lang='lat' dir='ltr'><strong>ita</strong></span> <span class='ocrx_word' id='word_1_99' title='bbox 615 986 684 1036; x_wconf 89' lang='lat' dir='ltr'><strong>etiam</strong></span> <span class='ocrx_word' id='word_1_100' title='bbox 695 990 718 1035; x_wconf 89' lang='lat' dir='ltr'><strong>et</strong></span> <span class='ocrx_word' id='word_1_101' title='bbox 726 986 771 1050; x_wconf 88' lang='lat' dir='ltr'><strong>ipsi</strong></span> <span class='ocrx_word' id='word_1_102' title='bbox 784 1001 838 1039; x_wconf 83' lang='lat' dir='ltr'><strong>con·</strong></span> 
     </span>
     <span class='ocr_line' id='line_1_13' title="bbox 51 1055 836 1121; baseline 0.006 -17"><span class='ocrx_word' id='word_1_103' title='bbox 51 1058 174 1121; x_wconf 87' lang='lat' dir='ltr'><strong>cupiscibili</strong></span> <span class='ocrx_word' id='word_1_104' title='bbox 184 1070 274 1121; x_wconf 74' lang='lat' dir='ltr'><strong>poenam</strong></span> <span class='ocrx_word' id='word_1_105' title='bbox 288 1056 355 1107; x_wconf 86' lang='lat' dir='ltr'><strong>inicrt</strong></span> <span class='ocrx_word' id='word_1_106' title='bbox 373 1056 454 1107; x_wconf 90' lang='lat' dir='ltr'><strong>doloris</strong></span> <span class='ocrx_word' id='word_1_107' title='bbox 471 1055 587 1121; x_wconf 76' lang='lat' dir='ltr'><strong>predicti,</strong></span> <span class='ocrx_word' id='word_1_108' title='bbox 597 1056 651 1120; x_wconf 84' lang='lat' dir='ltr'><strong>quia</strong></span> <span class='ocrx_word' id='word_1_109' title='bbox 661 1058 730 1107; x_wconf 89' lang='lat' dir='ltr'><strong>etiam</strong></span> <span class='ocrx_word' id='word_1_110' title='bbox 744 1058 793 1121; x_wconf 91' lang='lat' dir='ltr'><strong>ipsa</strong></span> <span class='ocrx_word' id='word_1_111' title='bbox 809 1063 836 1111; x_wconf 75' lang='lat' dir='ltr'><strong>art</strong></span> 
     </span>
     <span class='ocr_line' id='line_1_14' title="bbox 49 1127 838 1191; baseline -0.001 -13"><span class='ocrx_word' id='word_1_112' title='bbox 49 1134 135 1191; x_wconf 80' lang='lat' dir='ltr'><strong>pensata</strong></span> <span class='ocrx_word' id='word_1_113' title='bbox 153 1128 330 1191; x_wconf 80' lang='lat' dir='ltr'><strong>cooperabatur3</strong></span> <span class='ocrx_word' id='word_1_114' title='bbox 344 1129 384 1177; x_wconf 88' lang='lat' dir='ltr'><strong>sed</strong></span> <span class='ocrx_word' id='word_1_115' title='bbox 404 1131 480 1178; x_wconf 67' lang='lat' dir='ltr'><strong>umen</strong></span> <span class='ocrx_word' id='word_1_116' title='bbox 501 1127 538 1177; x_wconf 91' lang='lat' dir='ltr'><strong>bic</strong></span> <span class='ocrx_word' id='word_1_117' title='bbox 551 1128 614 1179; x_wconf 88' lang='lat' dir='ltr'><strong>dolor</strong></span> <span class='ocrx_word' id='word_1_118' title='bbox 631 1132 709 1191; x_wconf 88' lang='lat' dir='ltr'><strong>potest</strong></span> <span class='ocrx_word' id='word_1_119' title='bbox 727 1127 838 1190; x_wconf 78' lang='lat' dir='ltr'><strong>pertinere</strong></span> 
     </span>
     <span class='ocr_line' id='line_1_15' title="bbox 49 1197 837 1263; baseline -0.001 -13"><span class='ocrx_word' id='word_1_120' title='bbox 49 1201 74 1250; x_wconf 79' lang='lat' dir='ltr'><strong>od</strong></span> <span class='ocrx_word' id='word_1_121' title='bbox 84 1199 249 1253; x_wconf 80' lang='lat' dir='ltr'><strong>contritionem</strong></span> <span class='ocrx_word' id='word_1_122' title='bbox 260 1199 286 1250; x_wconf 91' lang='lat' dir='ltr'><strong>in</strong></span> <span class='ocrx_word' id='word_1_123' title='bbox 298 1202 406 1261; x_wconf 81' lang='lat' dir='ltr'><strong>quantum</strong></span> <span class='ocrx_word' id='word_1_124' title='bbox 419 1203 455 1249; x_wconf 89' lang='lat' dir='ltr'><strong>est</strong></span> <span class='ocrx_word' id='word_1_125' title='bbox 466 1211 520 1262; x_wconf 87' lang='lat' dir='ltr'><strong>pars</strong></span> <span class='ocrx_word' id='word_1_126' title='bbox 533 1199 682 1259; x_wconf 78' lang='lat' dir='ltr'><strong>sacramenti,</strong></span> <span class='ocrx_word' id='word_1_127' title='bbox 693 1197 747 1263; x_wconf 83' lang='lat' dir='ltr'><strong>qnia</strong></span> <span class='ocrx_word' id='word_1_128' title='bbox 764 1212 837 1249; x_wconf 88' lang='lat' dir='ltr'><strong>sacra-</strong></span> 
     </span>
     <span class='ocr_line' id='line_1_16' title="bbox 49 1268 838 1329; baseline -0.003 -6"><span class='ocrx_word' id='word_1_129' title='bbox 49 1276 121 1323; x_wconf 84' lang='lat' dir='ltr'><strong>nenta</strong></span> <span class='ocrx_word' id='word_1_130' title='bbox 140 1283 188 1322; x_wconf 84' lang='lat' dir='ltr'><strong>nou</strong></span> <span class='ocrx_word' id='word_1_131' title='bbox 203 1269 276 1321; x_wconf 89' lang='lat' dir='ltr'><strong>solnm</strong></span> <span class='ocrx_word' id='word_1_132' title='bbox 285 1269 310 1319; x_wconf 90' lang='lat' dir='ltr'><strong>in</strong></span> <span class='ocrx_word' id='word_1_133' title='bbox 328 1268 471 1319; x_wconf 89' lang='lat' dir='ltr'><strong>interioribus</strong></span> <span class='ocrx_word' id='word_1_134' title='bbox 480 1270 578 1329; x_wconf 87' lang='lat' dir='ltr'><strong>actibus,</strong></span> <span class='ocrx_word' id='word_1_135' title='bbox 591 1272 631 1323; x_wconf 88' lang='lat' dir='ltr'><strong>sed</strong></span> <span class='ocrx_word' id='word_1_136' title='bbox 644 1270 712 1321; x_wconf 87' lang='lat' dir='ltr'><strong>etiam</strong></span> <span class='ocrx_word' id='word_1_137' title='bbox 726 1270 750 1320; x_wconf 89' lang='lat' dir='ltr'><strong>in</strong></span> <span class='ocrx_word' id='word_1_138' title='bbox 760 1275 838 1321; x_wconf 77' lang='grc' dir='ltr'><strong>ειιει-</strong></span> 
     </span>
     <span class='ocr_line' id='line_1_17' title="bbox 48 1339 838 1395; baseline -0.003 -2"><span class='ocrx_word' id='word_1_139' title='bbox 48 1341 131 1395; x_wconf 86' lang='lat' dir='ltr'><strong>ioribus</strong></span> <span class='ocrx_word' id='word_1_140' title='bbox 153 1346 178 1392; x_wconf 89' lang='lat' dir='ltr'><strong>et</strong></span> <span class='ocrx_word' id='word_1_141' title='bbox 189 1341 215 1393; x_wconf 90' lang='lat' dir='ltr'><strong>in</strong></span> <span class='ocrx_word' id='word_1_142' title='bbox 236 1340 303 1391; x_wconf 85' lang='lat' dir='ltr'><strong>rebus</strong></span> <span class='ocrx_word' id='word_1_143' title='bbox 319 1339 465 1391; x_wconf 81' lang='lat' dir='ltr'><strong>sensibilibus</strong></span> <span class='ocrx_word' id='word_1_144' title='bbox 482 1344 535 1392; x_wconf 91' lang='lat' dir='ltr'><strong>nata</strong></span> <span class='ocrx_word' id='word_1_145' title='bbox 551 1348 604 1393; x_wconf 91' lang='lat' dir='ltr'><strong>sunt</strong></span> <span class='ocrx_word' id='word_1_146' title='bbox 617 1354 676 1394; x_wconf 89' lang='lat' dir='ltr'><strong>esse.</strong></span> <span class='ocrx_word' id='word_1_147' title='bbox 696 1341 759 1394; x_wconf 81' lang='lat' dir='ltr'><strong>ttius</strong></span> <span class='ocrx_word' id='word_1_148' title='bbox 774 1343 838 1395; x_wconf 88' lang='lat' dir='ltr'><strong>dolor</strong></span> 
     </span>
     <span class='ocr_line' id='line_1_18' title="bbox 48 1410 838 1478; baseline 0.004 -14"><span class='ocrx_word' id='word_1_149' title='bbox 48 1418 80 1464; x_wconf 89' lang='lat' dir='ltr'><strong>est</strong></span> <span class='ocrx_word' id='word_1_150' title='bbox 93 1414 121 1465; x_wconf 82' lang='lat' dir='ltr'><strong>in</strong></span> <span class='ocrx_word' id='word_1_151' title='bbox 144 1413 276 1474; x_wconf 80' lang='lat' dir='ltr'><strong>uoluntate,</strong></span> <span class='ocrx_word' id='word_1_152' title='bbox 286 1411 326 1475; x_wconf 78' lang='lat' dir='ltr'><strong>oni</strong></span> <span class='ocrx_word' id='word_1_153' title='bbox 336 1410 395 1462; x_wconf 86' lang='lat' dir='ltr'><strong>nibil</strong></span> <span class='ocrx_word' id='word_1_154' title='bbox 407 1411 470 1463; x_wconf 89' lang='lat' dir='ltr'><strong>aliud</strong></span> <span class='ocrx_word' id='word_1_155' title='bbox 489 1417 539 1473; x_wconf 83' lang='lat' dir='ltr'><strong>est,</strong></span> <span class='ocrx_word' id='word_1_156' title='bbox 553 1425 619 1475; x_wconf 85' lang='lat' dir='ltr'><strong>quam</strong></span> <span class='ocrx_word' id='word_1_157' title='bbox 632 1412 778 1478; x_wconf 83' lang='lat' dir='ltr'><strong>displicentia</strong></span> <span class='ocrx_word' id='word_1_158' title='bbox 790 1414 838 1467; x_wconf 87' lang='lat' dir='ltr'><strong>uli-</strong></span> 
     </span>
     <span class='ocr_line' id='line_1_19' title="bbox 47 1481 838 1550; baseline -0.003 -15"><span class='ocrx_word' id='word_1_159' title='bbox 47 1487 108 1550; x_wconf 83' lang='lat' dir='ltr'><strong>urius</strong></span> <span class='ocrx_word' id='word_1_160' title='bbox 121 1484 188 1546; x_wconf 81' lang='lat' dir='ltr'><strong>mali,</strong></span> <span class='ocrx_word' id='word_1_161' title='bbox 197 1481 322 1535; x_wconf 77' lang='lat' dir='ltr'><strong>secundnm</strong></span> <span class='ocrx_word' id='word_1_162' title='bbox 330 1482 392 1545; x_wconf 84' lang='lat' dir='ltr'><strong>quod</strong></span> <span class='ocrx_word' id='word_1_163' title='bbox 402 1482 496 1533; x_wconf 82' lang='lat' dir='ltr'><strong>edoctus</strong></span> <span class='ocrx_word' id='word_1_164' title='bbox 509 1484 631 1535; x_wconf 82' lang='lat' dir='ltr'><strong>uoluntatis</strong></span> <span class='ocrx_word' id='word_1_165' title='bbox 639 1484 784 1537; x_wconf 85' lang='lat' dir='ltr'><strong>nominentur</strong></span> <span class='ocrx_word' id='word_1_166' title='bbox 798 1498 838 1547; x_wconf 87' lang='lat' dir='ltr'><strong>por</strong></span> 
     </span>
     <span class='ocr_line' id='line_1_20' title="bbox 49 1552 835 1619; baseline -0.001 -13"><span class='ocrx_word' id='word_1_167' title='bbox 49 1557 138 1612; x_wconf 86' lang='lat' dir='ltr'><strong>nomina</strong></span> <span class='ocrx_word' id='word_1_168' title='bbox 151 1554 285 1619; x_wconf 74' lang='lat' dir='ltr'><strong>passionum</strong></span> <span class='ocrx_word' id='word_1_169' title='bbox 293 1590 303 1617; x_wconf 93' lang='lat'>‚</span> <span class='ocrx_word' id='word_1_170' title='bbox 312 1554 374 1604; x_wconf 87' lang='lat' dir='ltr'><strong>utin</strong></span> <span class='ocrx_word' id='word_1_171' title='bbox 388 1552 418 1603; x_wconf 93' lang='lat' dir='ltr'><strong>lll</strong></span> <span class='ocrx_word' id='word_1_172' title='bbox 434 1554 487 1615; x_wconf 86' lang='lat' dir='ltr'><strong>tib,</strong></span> <span class='ocrx_word' id='word_1_173' title='bbox 501 1554 597 1605; x_wconf 75' lang='lat' dir='ltr'><strong>distet</strong></span> <span class='ocrx_word' id='word_1_174' title='bbox 610 1556 663 1618; x_wconf 83' lang='lat' dir='ltr'><strong>(qu.</strong></span> <span class='ocrx_word' id='word_1_175' title='bbox 678 1558 724 1617; x_wconf 77' lang='lat' dir='ltr'><strong>nt,</strong></span> <span class='ocrx_word' id='word_1_176' title='bbox 740 1559 782 1605; x_wconf 89' lang='lat' dir='ltr'><strong>art.</strong></span> <span class='ocrx_word' id='word_1_177' title='bbox 796 1555 835 1618; x_wconf 78' lang='lat'><strong>5),</strong></span> 
     </span>
     <span class='ocr_line' id='line_1_21' title="bbox 48 1623 838 1688; baseline -0.005 -9"><span class='ocrx_word' id='word_1_178' title='bbox 48 1625 131 1679; x_wconf 86' lang='lat' dir='ltr'><strong>dictum</strong></span> <span class='ocrx_word' id='word_1_179' title='bbox 146 1629 183 1677; x_wconf 88' lang='lat' dir='ltr'><strong>est</strong></span> <span class='ocrx_word' id='word_1_180' title='bbox 197 1640 204 1675; x_wconf 74' lang='grc' dir='ltr'><strong>ι</strong></span> <span class='ocrx_word' id='word_1_181' title='bbox 219 1628 245 1677; x_wconf 88' lang='lat' dir='ltr'><strong>et</strong></span> <span class='ocrx_word' id='word_1_182' title='bbox 264 1624 298 1675; x_wconf 91' lang='lat' dir='ltr'><strong>sic</strong></span> <span class='ocrx_word' id='word_1_183' title='bbox 315 1624 420 1675; x_wconf 85' lang='lat' dir='ltr'><strong>mutritio</strong></span> <span class='ocrx_word' id='word_1_184' title='bbox 432 1628 467 1675; x_wconf 80' lang='lat' dir='ltr'><strong>ml</strong></span> <span class='ocrx_word' id='word_1_185' title='bbox 482 1624 546 1676; x_wconf 88' lang='lat' dir='ltr'><strong>dolor</strong></span> <span class='ocrx_word' id='word_1_186' title='bbox 561 1623 750 1688; x_wconf 78' lang='lat' dir='ltr'><strong>percussorium,</strong></span> <span class='ocrx_word' id='word_1_187' title='bbox 767 1629 791 1675; x_wconf 89' lang='lat' dir='ltr'><strong>et</strong></span> <span class='ocrx_word' id='word_1_188' title='bbox 802 1632 838 1677; x_wconf 87' lang='lat' dir='ltr'><strong>est</strong></span> 
     </span>
     <span class='ocr_line' id='line_1_22' title="bbox 44 1694 938 1760; baseline 0.001 -15"><span class='ocrx_word' id='word_1_189' title='bbox 44 1701 108 1748; x_wconf 86' lang='lat' dir='ltr'><strong>actos</strong></span> <span class='ocrx_word' id='word_1_190' title='bbox 121 1695 214 1748; x_wconf 80' lang='lat' dir='ltr'><strong>uirtutis</strong></span> <span class='ocrx_word' id='word_1_191' title='bbox 226 1694 373 1760; x_wconf 78' lang='lat' dir='ltr'><strong>penitentias.</strong></span> <span class='ocrx_word' id='word_1_192' title='bbox 937 1724 938 1727; x_wconf 60' lang='lat'><em>=</em></span> 
     </span>
    </p>

    <p class='ocr_par' dir='ltr' id='par_1_6' title="bbox 43 1764 938 2042">
     <span class='ocr_line' id='line_1_23' title="bbox 74 1764 938 1831; baseline -0.003 -11"><span class='ocrx_word' id='word_1_193' title='bbox 74 1770 109 1820; x_wconf 81' lang='lat' dir='ltr'><strong>td</strong></span> <span class='ocrx_word' id='word_1_194' title='bbox 133 1767 257 1819; x_wconf 87' lang='lat' dir='ltr'><strong>secundum</strong></span> <span class='ocrx_word' id='word_1_195' title='bbox 280 1766 413 1828; x_wconf 84' lang='lat' dir='ltr'><strong>dicendum,</strong></span> <span class='ocrx_word' id='word_1_196' title='bbox 426 1766 489 1831; x_wconf 84' lang='lat' dir='ltr'><strong>qubrt</strong></span> <span class='ocrx_word' id='word_1_197' title='bbox 502 1764 585 1817; x_wconf 89' lang='lat' dir='ltr'><strong>attritio</strong></span> <span class='ocrx_word' id='word_1_198' title='bbox 603 1764 662 1817; x_wconf 86' lang='lat' dir='ltr'><strong>dicit</strong></span> <span class='ocrx_word' id='word_1_199' title='bbox 677 1767 794 1817; x_wconf 86' lang='lat' dir='ltr'><strong>accessbm</strong></span> <span class='ocrx_word' id='word_1_200' title='bbox 809 1768 836 1817; x_wconf 90' lang='lat' dir='ltr'><strong>ad</strong></span> <span class='ocrx_word' id='word_1_201' title='bbox 937 1818 938 1823; x_wconf 8' lang='grc' dir='ltr'>χ</span> 
     </span>
     <span class='ocr_line' id='line_1_24' title="bbox 45 1836 836 1902; baseline -0.003 -13"><span class='ocrx_word' id='word_1_202' title='bbox 45 1840 168 1902; x_wconf 83' lang='lat' dir='ltr'><strong>perlectam</strong></span> <span class='ocrx_word' id='word_1_203' title='bbox 181 1837 347 1889; x_wconf 78' lang='lat' dir='ltr'><strong>contritionem.</strong></span> <span class='ocrx_word' id='word_1_204' title='bbox 362 1837 427 1889; x_wconf 88' lang='lat' dir='ltr'><strong>Unde</strong></span> <span class='ocrx_word' id='word_1_205' title='bbox 437 1838 462 1888; x_wconf 91' lang='lat' dir='ltr'><strong>in</strong></span> <span class='ocrx_word' id='word_1_206' title='bbox 473 1836 627 1901; x_wconf 80' lang='lat' dir='ltr'><strong>corporalibus</strong></span> <span class='ocrx_word' id='word_1_207' title='bbox 636 1836 741 1887; x_wconf 85' lang='lat' dir='ltr'><strong>dicuntur</strong></span> <span class='ocrx_word' id='word_1_208' title='bbox 750 1836 836 1900; x_wconf 80' lang='lat' dir='ltr'><strong>attrita,</strong></span> 
     </span>
     <span class='ocr_line' id='line_1_25' title="bbox 43 1904 837 1973; baseline -0.003 -14"><span class='ocrx_word' id='word_1_209' title='bbox 43 1922 94 1973; x_wconf 74' lang='lat' dir='ltr'><strong>que</strong></span> <span class='ocrx_word' id='word_1_210' title='bbox 105 1910 184 1972; x_wconf 83' lang='lat' dir='ltr'><strong>abque</strong></span> <span class='ocrx_word' id='word_1_211' title='bbox 198 1909 265 1959; x_wconf 88' lang='lat' dir='ltr'><strong>modo</strong></span> <span class='ocrx_word' id='word_1_212' title='bbox 279 1907 468 1971; x_wconf 87' lang='lat' dir='ltr'><strong>diminutasnnt,</strong></span> <span class='ocrx_word' id='word_1_213' title='bbox 478 1909 518 1960; x_wconf 88' lang='lat' dir='ltr'><strong>sed</strong></span> <span class='ocrx_word' id='word_1_214' title='bbox 529 1921 575 1960; x_wconf 91' lang='lat' dir='ltr'><strong>nnn</strong></span> <span class='ocrx_word' id='word_1_215' title='bbox 585 1908 659 1957; x_wconf 83' lang='lat' dir='ltr'><strong>udbno</strong></span> <span class='ocrx_word' id='word_1_216' title='bbox 669 1904 767 1971; x_wconf 76' lang='lat' dir='ltr'><strong>perlecti</strong></span> <span class='ocrx_word' id='word_1_217' title='bbox 784 1912 837 1957; x_wconf 81' lang='lat' dir='ltr'><strong>sunt</strong></span> 
     </span>
     <span class='ocr_line' id='line_1_26' title="bbox 44 1976 835 2042; baseline -0.001 -10"><span class='ocrx_word' id='word_1_218' title='bbox 44 1980 197 2041; x_wconf 60' lang='lat' dir='ltr'><strong>coniminum</strong></span> <span class='ocrx_word' id='word_1_219' title='bbox 207 1980 245 2030; x_wconf 85' lang='lat' dir='ltr'><strong>sed</strong></span> <span class='ocrx_word' id='word_1_220' title='bbox 259 1976 356 2029; x_wconf 88' lang='lat' dir='ltr'><strong>contrita</strong></span> <span class='ocrx_word' id='word_1_221' title='bbox 367 1978 481 2039; x_wconf 74' lang='lat' dir='ltr'><strong>donetur,</strong></span> <span class='ocrx_word' id='word_1_222' title='bbox 494 1978 584 2042; x_wconf 82' lang='lat' dir='ltr'><strong>quarto</strong></span> <span class='ocrx_word' id='word_1_223' title='bbox 596 1989 676 2029; x_wconf 86' lang='lat' dir='ltr'><strong>omnes</strong></span> <span class='ocrx_word' id='word_1_224' title='bbox 687 1981 764 2040; x_wconf 89' lang='lat' dir='ltr'><strong>partes</strong></span> <span class='ocrx_word' id='word_1_225' title='bbox 776 1977 835 2031; x_wconf 85' lang='lat' dir='ltr'><strong>trite</strong></span> 
     </span>
    </p>
   </div>
   <div class='ocr_carea' id='block_1_6' title="bbox 42 2046 938 2255">
    <p class='ocr_par' dir='ltr' id='par_1_7' title="bbox 42 2046 938 2255">
     <span class='ocr_line' id='line_1_27' title="bbox 44 2046 938 2113; baseline -0.002 -13"><span class='ocrx_word' id='word_1_226' title='bbox 44 2058 97 2101; x_wconf 84' lang='lat' dir='ltr'><strong>sunt</strong></span> <span class='ocrx_word' id='word_1_227' title='bbox 110 2048 180 2101; x_wconf 86' lang='lat' dir='ltr'><strong>sinrul</strong></span> <span class='ocrx_word' id='word_1_228' title='bbox 193 2061 236 2112; x_wconf 88' lang='lat' dir='ltr'><strong>per</strong></span> <span class='ocrx_word' id='word_1_229' title='bbox 245 2047 380 2100; x_wconf 69' lang='lat' dir='ltr'><strong>dummnem</strong></span> <span class='ocrx_word' id='word_1_230' title='bbox 390 2048 418 2099; x_wconf 88' lang='lat' dir='ltr'><strong>ad</strong></span> <span class='ocrx_word' id='word_1_231' title='bbox 437 2048 539 2099; x_wconf 89' lang='lat' dir='ltr'><strong>minima.</strong></span> <span class='ocrx_word' id='word_1_232' title='bbox 551 2048 581 2097; x_wconf 81' lang='grc' dir='ltr'><strong>Ει</strong></span> <span class='ocrx_word' id='word_1_233' title='bbox 598 2047 649 2099; x_wconf 89' lang='lat' dir='ltr'><strong>ideo</strong></span> <span class='ocrx_word' id='word_1_234' title='bbox 663 2046 748 2098; x_wconf 89' lang='lat' dir='ltr'><strong>attritio</strong></span> <span class='ocrx_word' id='word_1_235' title='bbox 764 2046 836 2113; x_wconf 74' lang='lat' dir='ltr'><strong>signi-</strong></span> <span class='ocrx_word' id='word_1_236' title='bbox 935 2046 938 2059; x_wconf 83' lang='grc'><em>“</em></span> 
     </span>
     <span class='ocr_line' id='line_1_28' title="bbox 42 2118 938 2185; baseline -0.002 -14"><span class='ocrx_word' id='word_1_237' title='bbox 42 2121 95 2172; x_wconf 77' lang='lat' dir='ltr'><strong>beat</strong></span> <span class='ocrx_word' id='word_1_238' title='bbox 109 2122 135 2171; x_wconf 92' lang='lat' dir='ltr'><strong>in</strong></span> <span class='ocrx_word' id='word_1_239' title='bbox 150 2118 305 2185; x_wconf 78' lang='lat' dir='ltr'><strong>spiritualibus</strong></span> <span class='ocrx_word' id='word_1_240' title='bbox 317 2120 435 2181; x_wconf 86' lang='lat' dir='ltr'><strong>quamdam</strong></span> <span class='ocrx_word' id='word_1_241' title='bbox 446 2118 613 2183; x_wconf 86' lang='lat' dir='ltr'><strong>displicentiam</strong></span> <span class='ocrx_word' id='word_1_242' title='bbox 625 2120 653 2169; x_wconf 88' lang='lat' dir='ltr'><strong>de</strong></span> <span class='ocrx_word' id='word_1_243' title='bbox 665 2119 764 2182; x_wconf 89' lang='lat' dir='ltr'><strong>peccatis</strong></span> <span class='ocrx_word' id='word_1_244' title='bbox 774 2134 836 2173; x_wconf 85' lang='lat' dir='ltr'><strong>uom-</strong></span> <span class='ocrx_word' id='word_1_245' title='bbox 937 2146 938 2185; x_wconf 71' lang='lat'>3</span> 
     </span>
     <span class='ocr_line' id='line_1_29' title="bbox 43 2189 938 2255; baseline 0.001 -14"><span class='ocrx_word' id='word_1_246' title='bbox 43 2193 134 2255; x_wconf 87' lang='lat' dir='ltr'><strong>missis,</strong></span> <span class='ocrx_word' id='word_1_247' title='bbox 144 2192 185 2243; x_wconf 89' lang='lat' dir='ltr'><strong>sed</strong></span> <span class='ocrx_word' id='word_1_248' title='bbox 198 2203 245 2243; x_wconf 90' lang='lat' dir='ltr'><strong>non</strong></span> <span class='ocrx_word' id='word_1_249' title='bbox 259 2189 398 2255; x_wconf 66' lang='lat' dir='ltr'><strong>polutum</strong></span> <span class='ocrx_word' id='word_1_250' title='bbox 414 2190 520 2241; x_wconf 73' lang='lat' dir='ltr'><strong>munitio</strong></span> <span class='ocrx_word' id='word_1_251' title='bbox 533 2194 608 2241; x_wconf 93' lang='lat' dir='ltr'><strong>autem</strong></span> <span class='ocrx_word' id='word_1_252' title='bbox 626 2191 758 2254; x_wconf 83' lang='lat' dir='ltr'><strong>perlectam.</strong></span> <span class='ocrx_word' id='word_1_253' title='bbox 860 2238 862 2247; x_wconf 82' lang='grc'>,</span> <span class='ocrx_word' id='word_1_254' title='bbox 937 2190 938 2219; x_wconf 53' lang='lat' dir='ltr'><strong>l</strong></span> 
     </span>
    </p>
   </div>
   <div class='ocr_carea' id='block_1_7' title="bbox 335 2366 550 2419">
    <p class='ocr_par' dir='ltr' id='par_1_8' title="bbox 335 2366 550 2419">
     <span class='ocr_line' id='line_1_30' title="bbox 335 2366 550 2419; baseline -0.014 0"><span class='ocrx_word' id='word_1_255' title='bbox 335 2367 491 2419; x_wconf 68' lang='lat' dir='ltr'><strong>subeuntis</strong></span> <span class='ocrx_word' id='word_1_256' title='bbox 510 2366 550 2417; x_wconf 84' lang='lat'><em>111.</em></span> 
     </span>
    </p>
   </div>
   <div class='ocr_carea' id='block_1_8' title="bbox 211 2459 669 2548">
    <p class='ocr_par' dir='ltr' id='par_1_9' title="bbox 211 2459 669 2548">
     <span class='ocr_line' id='line_1_31' title="bbox 211 2459 669 2548; baseline 0 -11"><span class='ocrx_word' id='word_1_257' title='bbox 211 2459 297 2539; x_wconf 71' lang='lat' dir='ltr'><strong>Utrum</strong></span> <span class='ocrx_word' id='word_1_258' title='bbox 305 2492 400 2537; x_wconf 72' lang='grc' dir='ltr'><strong>σιινιιιο</strong></span> <span class='ocrx_word' id='word_1_259' title='bbox 407 2491 543 2548; x_wconf 73' lang='lat' dir='ltr'><strong>poeoitjieri</strong></span> <span class='ocrx_word' id='word_1_260' title='bbox 551 2492 669 2537; x_wconf 78' lang='lat' dir='ltr'><strong>coreiritio.</strong></span> 
     </span>
    </p>
   </div>
   <div class='ocr_carea' id='block_1_9' title="bbox 36 2615 861 2964">
    <p class='ocr_par' dir='ltr' id='par_1_10' title="bbox 36 2615 861 2964">
     <span class='ocr_line' id='line_1_32' title="bbox 69 2615 836 2683; baseline -0.001 -12"><span class='ocrx_word' id='word_1_261' title='bbox 69 2620 107 2671; x_wconf 81' lang='lat' dir='ltr'><strong>td</strong></span> <span class='ocrx_word' id='word_1_262' title='bbox 118 2618 212 2672; x_wconf 74' lang='lat' dir='ltr'><strong>emtum</strong></span> <span class='ocrx_word' id='word_1_263' title='bbox 226 2616 261 2669; x_wconf 87' lang='lat' dir='ltr'><strong>sic</strong></span> <span class='ocrx_word' id='word_1_264' title='bbox 271 2616 409 2681; x_wconf 81' lang='lat' dir='ltr'><strong>proceditur.</strong></span> <span class='ocrx_word' id='word_1_265' title='bbox 421 2616 516 2668; x_wconf 82' lang='lat' dir='ltr'><strong>videtur</strong></span> <span class='ocrx_word' id='word_1_266' title='bbox 531 2615 592 2679; x_wconf 84' lang='lat' dir='ltr'><strong>qubd</strong></span> <span class='ocrx_word' id='word_1_267' title='bbox 606 2617 691 2670; x_wconf 82' lang='lat' dir='ltr'><strong>attritio</strong></span> <span class='ocrx_word' id='word_1_268' title='bbox 705 2619 777 2683; x_wconf 85' lang='lat' dir='ltr'><strong>possit</strong></span> <span class='ocrx_word' id='word_1_269' title='bbox 786 2619 836 2671; x_wconf 87' lang='lat' dir='ltr'><strong>iteri</strong></span> 
     </span>
     <span class='ocr_line' id='line_1_33' title="bbox 36 2685 836 2755; baseline -0.008 -10"><span class='ocrx_word' id='word_1_270' title='bbox 36 2689 157 2745; x_wconf 82' lang='lat' dir='ltr'><strong>mutritio.</strong></span> <span class='ocrx_word' id='word_1_271' title='bbox 171 2686 251 2741; x_wconf 80' lang='lat' dir='ltr'><strong>bitot</strong></span> <span class='ocrx_word' id='word_1_272' title='bbox 261 2688 323 2739; x_wconf 90' lang='lat' dir='ltr'><strong>enirn</strong></span> <span class='ocrx_word' id='word_1_273' title='bbox 336 2687 441 2755; x_wconf 85' lang='lat' dir='ltr'><strong>contritio</strong></span> <span class='ocrx_word' id='word_1_274' title='bbox 452 2689 481 2737; x_wconf 89' lang='lat' dir='ltr'><strong>ab</strong></span> <span class='ocrx_word' id='word_1_275' title='bbox 491 2685 623 2749; x_wconf 86' lang='lat' dir='ltr'><strong>attritione,</strong></span> <span class='ocrx_word' id='word_1_276' title='bbox 639 2687 698 2739; x_wconf 87' lang='lat' dir='ltr'><strong>sicut</strong></span> <span class='ocrx_word' id='word_1_277' title='bbox 715 2689 836 2739; x_wconf 81' lang='lat' dir='ltr'><strong>formatum</strong></span> 
     </span>
     <span class='ocr_line' id='line_1_34' title="bbox 36 2757 836 2841; baseline -0.004 -28"><span class='ocrx_word' id='word_1_278' title='bbox 36 2762 67 2813; x_wconf 91' lang='lat' dir='ltr'><strong>ab</strong></span> <span class='ocrx_word' id='word_1_279' title='bbox 81 2759 193 2841; x_wconf 80' lang='lat' dir='ltr'><strong>inlocm&#39;u</strong></span> <span class='ocrx_word' id='word_1_280' title='bbox 200 2758 245 2811; x_wconf 82' lang='lat' dir='ltr'><strong>Sed</strong></span> <span class='ocrx_word' id='word_1_281' title='bbox 255 2758 313 2810; x_wconf 83' lang='lat' dir='ltr'><strong>tides</strong></span> <span class='ocrx_word' id='word_1_282' title='bbox 322 2757 427 2809; x_wconf 77' lang='lat' dir='ltr'><strong>informis</strong></span> <span class='ocrx_word' id='word_1_283' title='bbox 438 2757 465 2808; x_wconf 90' lang='lat' dir='ltr'><strong>tit</strong></span> <span class='ocrx_word' id='word_1_284' title='bbox 477 2757 581 2809; x_wconf 80' lang='lat' dir='ltr'><strong>formula.</strong></span> <span class='ocrx_word' id='word_1_285' title='bbox 592 2758 651 2822; x_wconf 77' lang='lat' dir='ltr'><strong>Ergo</strong></span> <span class='ocrx_word' id='word_1_286' title='bbox 662 2759 748 2809; x_wconf 87' lang='lat' dir='ltr'><strong>attritio</strong></span> <span class='ocrx_word' id='word_1_287' title='bbox 760 2762 836 2822; x_wconf 86' lang='lat' dir='ltr'><strong>potest</strong></span> 
     </span>
     <span class='ocr_line' id='line_1_35' title="bbox 36 2830 861 2964; baseline -0.005 -13"><span class='ocrx_word' id='word_1_288' title='bbox 36 2830 245 2964; x_wconf 42' lang='lat' dir='ltr'><strong>fierelfffitffer,</strong></span> <span class='ocrx_word' id='word_1_289' title='bbox 262 2899 354 2951; x_wconf 83' lang='lat' dir='ltr'><strong>materia</strong></span> <span class='ocrx_word' id='word_1_290' title='bbox 371 2899 453 2963; x_wconf 87' lang='lat' dir='ltr'><strong>recipit</strong></span> <span class='ocrx_word' id='word_1_291' title='bbox 472 2898 634 2963; x_wconf 82' lang='lat' dir='ltr'><strong>perlectionem</strong></span> <span class='ocrx_word' id='word_1_292' title='bbox 653 2902 737 2948; x_wconf 86' lang='lat' dir='ltr'><strong>romulu</strong></span> <span class='ocrx_word' id='word_1_293' title='bbox 758 2896 833 2961; x_wconf 88' lang='lat' dir='ltr'><strong>priva·</strong></span> <span class='ocrx_word' id='word_1_294' title='bbox 858 2906 861 2917; x_wconf 65' lang='lat'>¹</span> 
     </span>
    </p>
   </div>
   <div class='ocr_carea' id='block_1_10' title="bbox 0 0 976 3284">
    <p class='ocr_par' dir='ltr' id='par_1_11' title="bbox 0 0 976 3284">
     <span class='ocr_line' id='line_1_36' title="bbox 0 0 976 3284; baseline 0 2"><span class='ocrx_word' id='word_1_295' title='bbox 0 0 976 3284; x_wconf 95' lang='lat' dir='ltr'><strong> </strong></span> 
     </span>
    </p>
   </div>
  </div>
 </body>
</html>
