1942 3284
118 170 164 217 dod
284 179 482 229 acernaacerna,
498 178 591 224 onam.
605 177 644 224 rs,
659 176 716 214 m.
732 177 761 214 ιι.

125 255 211 321 pemati
223 254 328 309 remissio
338 256 368 307 ab
381 255 425 306 alio
439 253 546 318 incipiat3
559 251 613 316 qnia
621 251 683 314 qnod
695 268 711 299 a
723 254 764 302 est
774 249 894 302 ultim
906 253 930 300 in

125 327 284 391 generatione,
301 332 336 379 est
347 327 445 391 nmmum
463 325 490 375 in
503 323 681 385 resolutione,»
695 325 721 371 nt
738 321 832 372 dicitnr
843 322 871 372 tn
887 323 930 373 tlt.

125 398 208 448 ta'tdic.
219 399 279 462 (cap.
288 401 311 459 5,
322 394 474 460 greootatinn,
482 395 521 446 net
533 393 573 457 8),
584 397 610 444 et
617 393 671 444 ided
677 396 770 456 oportet
777 392 848 456 qnod
856 393 929 445 etiam

124 473 241 534 peccatum
254 469 341 519 actuata
355 480 384 518 ex
395 467 440 518 atio
453 463 586 516 medicinam
596 464 687 516 nabent.

157 541 190 592 nd
202 538 295 590 tertium
306 537 437 599 dicendum,
450 535 510 600 qndd
521 535 565 584 etsi
577 547 625 584 nnn
632 534 719 596 legatns
730 544 818 584 eornm
833 535 929 586 contn-

124 612 176 672 sio,
188 609 262 674 potnit
274 613 350 661 tamen
364 608 421 660 fleri.
441 605 509 658 dtntta
519 605 582 656 enim
591 605 650 656 tacta
661 609 714 655 sant
721 639 731 667 ,
741 617 798 668 qno
809 617 862 656 non
874 611 930 657 snat

125 681 216 745 scripta.
227 679 256 730 Et
266 678 386 744 praterea,
397 677 502 730 Christus
513 677 582 728 habet
595 678 731 740 peromnem
740 675 897 730 excedentia
904 677 928 726 tn

124 750 285 815 sacramentis,
299 748 482 810 antecoenia,
497 759 550 811 qna
562 748 589 798 ad
603 749 770 798 sacramentnm
788 749 928 810 perstant,

124 821 198 886 potuit
207 833 256 873 rem
270 819 405 873 sacramenti
413 820 524 872 conterre

155 893 190 943 td
203 890 452 956 commodandum,
467 889 529 952 qnod
544 885 670 940 satisfactio
688 898 735 938 non
749 885 878 940 uticenci
897 890 925 940 ad

124 963 261 1028 expiandam
271 972 362 1026 poenam
370 959 458 1024 peccati
468 971 499 1010 ex
508 958 635 1022 mandato
644 968 733 1021 nono,
743 969 798 1020 qne
811 957 844 1006 in
857 959 926 1011 sato·

125 1034 225 1086 factione
242 1032 378 1098 imponitur,
388 1031 429 1082 sed
446 1029 533 1082 sntticit
548 1028 573 1080 in
590 1032 699 1093 qnanwna
717 1031 756 1078 ess
772 1040 831 1091 parc
850 1041 925 1080 aam-

126 1105 197 1156 menti
206 1143 213 1166 ‚
223 1104 331 1155 virtutem
342 1101 528 1153 sacramentalem
536 1099 636 1158 habens,
647 1102 671 1150 et
685 1096 740 1149 ineo
752 1103 853 1161 onooet
864 1101 924 1164 qnod

125 1188 169 1240 per
182 1174 347 1238 dispensatores
362 1173 554 1221 sacramentorum
572 1169 710 1234 imponatur,
723 1172 749 1218 et
764 1167 822 1220 ided
841 1180 923 1222 moes

126 1245 186 1297 saria
197 1248 234 1298 est
243 1243 365 1294 confessio.

416 1347 574 1400 nnncoads
592 1346 623 1396 n.

288 1471 373 1520 Utriam
381 1470 496 1528 massario
503 1467 761 1526 citocjcrenmcraso.

158 1601 192 1656 td
205 1598 328 1652 seeundum
342 1596 376 1647 sic
387 1595 526 1661 proceditur.
543 1589 638 1645 Videtur
646 1590 708 1654 qndd
721 1592 841 1646 confessio
852 1595 887 1646 sit
896 1596 922 1646 de
964 1624 965 1629 κ

124 1673 178 1738 jnre
191 1670 296 1723 naturali.
317 1668 387 1720 adam
405 1666 467 1718 enim
482 1669 507 1716 et
524 1663 581 1716 cain
600 1677 647 1714 nnn
666 1661 818 1726 enecantur,
836 1665 920 1716 nisied

125 1747 239 1808 precepta
255 1740 312 1806 tegis
325 1742 420 1790 natnrae.
431 1737 475 1788 Sed
487 1735 684 1798 reprehenduntur
694 1733 724 1784 do
734 1733 781 1785 noe
792 1734 858 1798 qnod
870 1749 921 1800 nee·

126 1818 201 1864 catum
214 1825 280 1863 snum
295 1823 342 1862 non
356 1812 410 1861 sunt
420 1807 530 1860 confessi.
540 1805 599 1869 tdrgd
613 1803 728 1856 contessin
741 1806 836 1869 peccati
846 1811 885 1857 eas
894 1807 920 1856 de

123 1881 310 2012 laffiliartgtriilea,
320 1951 432 2012 precepta
439 1946 477 1997 itta
484 1959 536 2010 qne
543 1948 637 1996 manent
642 1945 667 1996 in
678 1944 845 2009 retnitessoet
852 1945 919 2007 aava

125 2025 179 2072 sunt
188 2021 217 2072 de
233 2021 285 2084 jure
300 2018 405 2068 naturali.
420 2017 466 2068 Sed
478 2015 591 2067 consessio
599 2015 644 2065 ant
655 2016 681 2066 in
694 2015 766 2066 reteri
778 2017 878 2079 tegent
888 2018 920 2067 d'e

124 2087 347 2145 citnrtso.,tt1.ttt:
360 2103 375 2135 ιι
387 2089 458 2138 Narra
468 2087 489 2137 si
499 2087 555 2149 qnid
564 2086 678 2144 tramant
689 2086 837 2150 justificeris3
849 2087 919 2150 »trot

123 2157 406 2222 secunddmseptnaginta
418 2173 425 2207 :
437 2156 602 2220 nnicmprtor
610 2154 814 2220 iniqnitatestoas,
823 2158 917 2220 nete).

125 2231 185 2294 tingo
197 2239 233 2280 esc
246 2229 274 2280 de
286 2228 337 2291 jure
350 2227 456 2279 naturali.

156 2304 180 2350 3.
189 2300 314 2361 praterea,
330 2298 372 2349 tob
383 2310 430 2349 non
442 2301 492 2349 erat
506 2296 625 2360 subjectns
636 2295 682 2349 nisi
692 2296 739 2362 tegi
751 2297 861 2347 nunti.
873 2297 918 2347 Sed

123 2371 174 2436 ipse
194 2373 288 2435 peccata
298 2367 454 2432 confitebatur,
466 2367 528 2432 qnod
537 2371 603 2432 natet
618 2377 660 2431 pos
669 2367 714 2418 troc
724 2366 786 2430 qnod
797 2367 853 2417 dicit
863 2367 918 2423 dod,

124 2440 177 2494 tht
193 2455 199 2488 2
213 2439 261 2489 nsi
271 2439 380 2490 abscondi
390 2443 416 2489 nt
429 2440 497 2490 nomo
510 2441 630 2502 peceatum
640 2449 727 2488 meam.
737 2453 753 2486 ιι
768 2437 828 2501 argo
841 2443 880 2488 est
889 2437 918 2487 ds

124 2511 177 2576 jore
187 2509 294 2562 naturali.
734 2503 739 2508 ’

156 2583 203 2636 Sed
215 2584 308 2645 contra,
325 2581 423 2633 isidorus
441 2579 509 2643 dicit,
526 2578 587 2643 qnod
607 2578 672 2642 nius
686 2578 790 2630 natnmlo
806 2581 843 2629 ert
859 2578 917 2629 idern

127 2654 188 2718 apud
199 2663 287 2703 omnes.
297 2667 310 2699 n
321 2651 362 2703 Sed
375 2649 487 2702 confessio
496 2661 542 2701 non
551 2649 674 2702 esteodona
684 2650 752 2701 modo
759 2649 820 2713 nond
829 2661 915 2700 omnes

126 2725 186 2788 Ergo
199 2735 247 2774 non
257 2727 293 2773 est
306 2723 334 2774 de
346 2722 398 2787 jare
412 2721 518 2772 naturali.

161 2795 287 2856 Praeterea,
299 2792 412 2846 confessio
420 2793 446 2843 tit
453 2793 474 2842 ei
483 2792 524 2856 qni
531 2791 601 2842 nabet
608 2791 693 2843 danes.
702 2791 749 2842 Sed
757 2789 915 2842 devestiente-

128 2862 168 2914 sioe
184 2876 230 2914 non
242 2866 296 2914 aunt
308 2864 336 2917 de
352 2865 405 2926 jnre
422 2862 518 2914 naturali
531 2860 652 2915 instituto.
665 2862 725 2925 argo
737 2873 781 2913 nec
794 2859 912 2912 contessio
