1942 3284
157 218 188 264 aa
343 222 406 262 asar
422 209 464 272 nir,
477 221 572 269 ounsr.
589 220 645 273 cru,
659 221 714 261 aar.
732 221 767 262 ru.

156 305 232 354 autem
246 313 293 352 non
302 305 339 352 est
347 299 481 364 simpliciter
494 299 648 350 necessarium
662 299 691 349 ad
707 299 784 350 finem.
795 299 878 352 Primo
892 300 950 364 igitur

156 375 223 425 modo
240 372 381 424 necessitatis
397 375 451 423 sunt
469 371 515 421 tria
528 375 670 423 sacramenta
680 371 808 422 necessaria
827 387 833 420 :
851 371 897 422 duo
911 369 950 434 qui

157 448 208 497 dem
222 458 324 510 persona
344 444 467 508 singulari3
481 443 608 508 baptismus
621 443 714 506 quidem
732 442 871 508 simpliciter
886 447 910 494 et
922 443 950 492 aie

156 517 245 580 solutd3
257 515 390 580 penitentia
408 519 484 566 autern
497 514 614 578 supposito
627 519 721 578 peccato
736 514 826 564 mortali
841 519 896 580 post
905 515 950 578 bap-1

156 581 259 639 tismom.
270 589 438 638 Sacramentum
449 590 525 638 autern
534 586 621 636 ordinis
630 589 666 637 est
678 585 832 636 necessarium
842 586 950 648 Ecclesia

156 660 209 724 quia
225 677 239 708 n
252 659 292 709 ubi
306 671 351 709 nou
367 661 403 710 est
420 660 566 722 gubernator,
580 659 678 722 populus
691 661 794 718 corruet,
809 673 824 704 n
839 662 868 708 nt
877 657 950 720 dicitnr

157 731 285 788 Prooerd„
299 732 338 782 xi.
353 731 399 781 Sed
412 731 512 782 secondo
531 729 598 780 modo
613 733 666 780 sunt
679 729 806 780 neccssaria
830 730 877 780 alia
890 729 950 801 sacra?

158 806 249 865 menta3
267 815 321 852 nam
345 801 486 853 confirmatio
508 801 671 865 quodammodo
694 801 781 864 perficit
804 801 950 865 baptismum

157 877 258 924 extrema
269 874 347 924 unctio
354 873 528 938 poeniteutiam
538 872 705 924 matrimonium
715 870 771 923 uerd
780 873 897 924 Ecclesia
906 869 950 920 mni

156 943 276 993 titudinem
291 958 333 1008 per
345 945 529 1009 propagationem
543 949 672 994 conseruat.
949 945 950 958 ¹

189 1015 224 1064 sd
233 1015 332 1078 pumum
345 1027 400 1079 ergo
411 1015 547 1077 dicendum,
562 1013 622 1078 qudd
634 1015 662 1064 ad
680 1017 724 1065 hoc
738 1012 798 1078 dudd
811 1014 901 1079 aliquid
915 977 950 1064 noi

140 1084 189 1143 „sit
199 1087 352 1150 superfluum,
360 1087 445 1136 sufficit
454 1085 515 1152 qudd
526 1086 557 1137 sit
566 1086 717 1136 necessarium
728 1085 803 1152 primo
815 1087 856 1157 vei
866 1073 950 1150 secundi

158 1158 235 1210 ruodo.
248 1157 277 1207 Et
293 1156 326 1208 sic
341 1163 395 1210 sunt
405 1158 534 1210 necessaria
549 1157 626 1209 omnia
640 1160 793 1218 sacramenta,
806 1157 871 1209 sicut
884 1151 950 1234 dicturi

158 1233 201 1280 est.

189 1303 223 1352 tid
237 1303 361 1353 secundom
375 1301 508 1364 dicendum,
521 1301 579 1365 oudd
594 1301 650 1352 iilud
661 1301 757 1352 uerbum
768 1302 867 1352 Domini
880 1305 913 1353 est
922 1243 950 1350 ini

158 1374 306 1438 telligendum
318 1374 345 1424 de
362 1373 475 1438 spirituaii
489 1373 674 1436 manducatione,
688 1375 712 1422 ei
726 1385 772 1422 non
782 1373 810 1422 de
826 1375 877 1424 sola
891 1369 950 1422 sacrat

159 1446 269 1508 mentali,
285 1449 310 1495 ut
321 1444 460 1509 Augustinus
473 1443 568 1508 exponit
580 1458 656 1508 sopor
669 1445 741 1494 deon.
758 1443 856 1508 (Tract.
867 1443 932 1494 XXVI
940 1413 950 1518 i(

173 1516 175 1519 ’
190 1517 225 1566 rid
240 1515 333 1567 tertium
343 1517 479 1579 dicendum,
496 1514 569 1580 dudd,
585 1514 640 1566 licet
651 1514 752 1566 omnium
767 1519 950 1568 sacramentorum

159 1591 301 1650 contemptus
318 1588 348 1640 sit
364 1587 432 1638 saluti
455 1585 582 1637 contrarius
591 1589 656 1647 :nou
674 1589 750 1636 tamen
765 1589 800 1636 est
816 1569 950 1656 contemptui

159 1660 309 1720 sacramenti,
322 1673 351 1711 ex
369 1661 414 1710 hoc
435 1659 497 1724 qudd
514 1658 595 1722 aliquis
611 1671 657 1708 non
673 1661 736 1707 curat
754 1657 860 1722 accipere
884 1669 950 1708 sacra-³

159 1734 260 1781 mentum
274 1733 334 1795 qnod
350 1735 445 1782 nonest
461 1732 490 1781 de
502 1731 638 1781 necessitate
652 1729 745 1792 salutis;
762 1729 868 1794 alioquin
880 1715 950 1780 omnesi

158 1801 198 1864 qui
211 1815 257 1853 non
269 1802 383 1866 accipiunt
393 1803 512 1865 ordinem,
530 1805 553 1852 et
571 1801 610 1864 qui
623 1813 670 1850 non
683 1801 821 1852 contrahunt
844 1801 947 1853 matnmo

107 1874 109 1877 '
159 1873 235 1936 mum,
247 1878 418 1926 contemnerent
431 1873 564 1938 hujusmodi
576 1877 729 1924 sacramenta.

948 2625 950 2682 t
