1942 3284
161 240 190 275 ur
203 238 344 279 aarucraau
361 237 466 275 urracae
483 237 703 276 sicanuuurouurr.
808 230 839 277 39

60 308 177 364 uterium
199 314 328 366 secuudum
352 312 416 377 qued
431 318 465 364 eat
486 327 538 365 caru
556 314 657 378 lactum,
673 314 765 367 videtur
778 316 839 381 quti

59 392 92 434 ltu
103 386 164 447 pessit
180 400 273 438 causare
287 386 400 436 virtutem
418 390 619 436 sacramentorum.

80 457 98 502 ².
112 458 229 521 merea,
252 458 330 508 uirtus
355 460 546 506 mcuamcuturum
568 456 658 507 ridetur
681 470 709 507 ex
730 457 774 509 lide
798 460 838 511 de·

57 527 144 592 mutue,
157 530 222 594 quia,
243 531 306 581 sicut
320 527 377 579 licit
393 527 531 590 Augustinus
550 542 627 593 super
646 530 717 579 Jonn.
742 532 836 594 (Tanti.

57 593 127 662 lxxx)
139 600 181 665 (l),
199 620 213 649 c
228 603 333 652 Verbum
352 598 392 647 llei
413 599 503 661 perlicit
520 602 703 659 sacramentum,
719 614 765 651 non
783 602 838 665 quia

57 664 131 730 tumr,
142 674 178 722 scd
190 673 243 736 quia
252 673 365 723 creditur.
378 690 390 718 u
401 670 445 720 Sed
453 671 509 719 fidas
520 674 596 720 nestra
608 684 653 722 uun
663 672 735 721 solim
744 674 839 737 respicit

59 740 160 797 munem
168 746 266 808 Christi,
281 744 325 794 sed
338 743 408 793 etiam
421 742 465 792 alia
481 743 588 806 mysteria
599 744 744 794 humanitatis
753 744 837 809 ipsius,

60 811 216 879 etprincipalius
227 817 302 867 etiam
318 814 460 864 divinitatem
470 815 532 878 ejus.
544 813 603 877 Ergo
621 813 712 864 uidetur
725 815 785 879 quud
801 828 839 867 sa-

56 889 147 935 rameru
158 900 203 938 uuu
213 888 319 938 habeant
331 884 460 949 specialiter
475 886 580 934 virtutem
592 884 606 934 t
616 886 722 949 passione
739 886 836 939 Christi.

81 955 100 1001 3.
116 956 233 1019 matema,
250 961 396 1008 sacramenta
408 956 540 1006 ordinantur
553 958 579 1006 ad
595 956 712 1006 homiuum
724 958 837 1021 justifica·

56 1021 263 1091 tunemsecuuiirm
279 1028 339 1078 illud
349 1028 367 1078 l.
386 1028 456 1087 Cor„
470 1029 499 1079 ill
512 1043 518 1077 ε
536 1027 719 1088 (cabinianis,
735 1033 759 1079 et
769 1030 838 1094 justi·

56 1092 103 1146 tuti
113 1101 169 1151 estis.
184 1120 198 1149 a
213 1103 258 1153 Sed
271 1100 409 1165 justificatio
424 1100 554 1150 attribuitur
566 1100 738 1165 resurrectioni,
754 1114 837 1153 secuu-

58 1164 98 1216 iiun
112 1171 160 1223 illul
178 1176 264 1234 iteam,
284 1174 316 1223 lll
333 1188 340 1221 z
357 1190 371 1220 «
392 1170 524 1223 Resurrexit
543 1176 636 1235 prepter
652 1172 838 1235 justificationem

55 1241 140 1292 usuam.
152 1261 164 1290 a
179 1243 238 1307 Ergo
253 1244 350 1293 videtur
365 1242 425 1305 quill
439 1245 580 1292 sacramenta
594 1242 666 1305 magis
679 1242 777 1294 habeant
791 1244 837 1296 vir-

56 1308 110 1361 talem
121 1312 132 1363 l
144 1315 312 1367 resurrectione
327 1314 416 1363 christi
428 1313 495 1377 quim
509 1313 537 1363 ab
551 1314 601 1377 ejus
614 1314 728 1377 passione.

78 1380 115 1432 Sul
130 1391 204 1437 mutua
217 1391 269 1449 est,
287 1385 350 1449 quud
363 1398 431 1449 super
446 1385 499 1435 illud
514 1387 593 1441 llum„
607 1385 642 1433 ll:
661 1401 675 1433 u
690 1386 717 1435 ln
726 1384 838 1435 similitu-

56 1449 111 1503 iiuem
124 1457 321 1521 prevaricationis
332 1459 465 1515 timete„
478 1473 491 1503 u
509 1455 563 1506 dicit
576 1457 656 1507 Glossa
670 1472 676 1505 ε
696 1472 710 1501 a
720 1456 754 1505 Ex
767 1457 837 1507 latere

59 1521 120 1577 ema
131 1532 261 1583 dormientis
274 1530 299 1579 in
315 1542 380 1579 cruce
391 1530 507 1579 ilureruut
518 1532 667 1591 sacramenta,
676 1542 717 1592 per
728 1542 779 1591 quae
793 1528 837 1579 sal·

62 1597 98 1642 litt
106 1605 132 1649 ut
141 1604 252 1653 Ecclesia.
273 1618 288 1648 »
304 1600 406 1662 sicergo
419 1604 562 1651 sacrmenti
574 1598 680 1649 ridentur
693 1600 775 1650 habere
786 1598 835 1651 vir·

61 1666 111 1718 utu
123 1687 148 1723 ex
161 1674 273 1739 passione
289 1672 382 1723 [iuneti.

82 1738 226 1801 (tuncrusro.
233 1743 332 1794 -Ciam
340 1756 382 1807 per
392 1742 477 1793 Christi
485 1742 650 1791 humanitatem
662 1744 684 1792 et
695 1743 835 1805 passionem,

57 1818 90 1858 ltu
106 1817 165 1866 mua
179 1816 315 1878 meritorie,
333 1815 373 1865 sed
387 1816 455 1865 etiam
469 1811 620 1865 satisfaciunt
640 1817 746 1877 operatus
767 1816 837 1867 luerit

55 1877 101 1931 lere
111 1892 203 1939 ausuum
214 1888 227 1938 a
240 1886 345 1951 peccans
356 1885 514 1935 liberationem
525 1888 547 1934 et
558 1884 775 1948 sanctificationem,
787 1900 837 1937 um-

57 1960 96 1999 ltu
107 1969 163 2006 suam
173 1959 303 2009 efficaciam
316 1956 401 2006 hahere
411 1959 500 2019 opertet
513 1967 578 2005 uerae
594 1954 653 2019 legis
668 1960 809 2009 sacramenta
822 1957 837 2009 t

56 2023 138 2083 lusere
150 2029 263 2093 Christi.)

76 2095 196 2161 ltespeudeu
206 2101 346 2162 dicendum,
360 2098 435 2163 quea,
447 2098 506 2149 sicut
519 2099 648 2150 dictumest
666 2099 727 2163 (art.
739 2103 752 2149 l
762 2100 771 2163 )
781 2137 790 2162 ‚
799 2113 836 2151 sa-

55 2172 171 2219 cramentam
185 2176 296 2236 operatur
305 2172 334 2220 ad
345 2170 440 2234 gratiam
450 2171 585 2220 causandum
595 2182 637 2233 per
648 2172 738 2221 mudum
752 2170 836 2222 iustru-

55 2238 116 2289 neuli.
129 2240 169 2291 list
187 2248 267 2293 autem
281 2242 365 2306 duplex
381 2242 560 2291 instrumentum
578 2256 583 2290 :
602 2255 672 2291 unum
685 2242 777 2305 quidem
795 2254 836 2293 se·

55 2313 152 2382 mum,
161 2316 188 2363 ut
199 2313 313 2375 bacalus3
323 2312 384 2361 aliud
395 2316 470 2362 autem
482 2314 643 2376 conjunctum,
653 2316 679 2361 ut
692 2324 782 2362 manus.
792 2312 836 2363 Per

55 2383 212 2433 lustramentum
224 2389 301 2435 autem
321 2383 468 2446 conjunctum
486 2386 590 2433 ureretur
606 2383 782 2433 instrumentum
796 2397 836 2435 se·

54 2455 152 2517 unum,
166 2455 227 2506 sicut
238 2455 334 2505 baculus
350 2468 391 2519 per
407 2466 506 2504 manum.
526 2454 661 2518 Principalis
676 2458 751 2503 auteur
768 2468 836 2506 causa

55 2521 137 2576 eliciens
152 2530 232 2591 gratiae
244 2533 281 2580 est
289 2528 338 2591 ipse
353 2528 425 2587 Deus,
437 2527 465 2575 ad
474 2538 541 2589 quenl
553 2530 695 2591 comparatur
707 2526 837 2579 humanitas

56 2586 122 2646 tirtel
139 2599 198 2649 sicut
214 2600 393 2649 instrumentum
403 2597 564 2660 conjunctum,
579 2602 744 2649 sacramentum
760 2603 836 2650 autem

82 2762 108 2824 tl]
121 2771 150 2814 tlt
160 2782 188 2815 aa
200 2772 278 2816 Tract.
292 2770 370 2816 LXXX
379 2770 428 2824 jam
439 2768 545 2826 superius
558 2774 663 2831 notatum
672 2775 723 2828 cst,
737 2782 778 2825 qa.
790 2769 836 2829 till,

58 2833 89 2871 tlt
98 2829 119 2874 6.
129 2834 216 2891 Nempe
225 2835 258 2880 sic
270 2850 277 2876 ι
290 2832 357 2878 Unde
366 2833 523 2877 tantavirtua
535 2843 604 2891 aqum
616 2836 643 2877 ut
654 2844 743 2889 coapata
755 2835 839 2889 lampat

60 2891 234 3004 mercam?
245 2896 298 2943 latai
310 2896 414 2957 faciente
430 2894 512 2945 certo,
524 2906 575 2941 lton
586 2896 661 2987 quta,
673 2892 783 2943 dicitnr,
796 2893 838 2939 aad
