1942 3284
138 173 184 220 Sit
291 179 490 231 scearamton,
507 179 602 226 eumer.
618 181 661 229 xe,
677 179 735 218 ιιι.
754 181 791 218 ιιι.

169 259 205 310 td
213 258 311 323 primum
324 272 378 322 ergo
390 258 520 319 dicendum,
530 257 592 320 qudd
605 268 689 308 corona
700 257 774 307 nabet
785 255 879 307 interius
889 257 921 308 ein

137 331 191 394 quid
203 329 321 394 spirituale
336 329 394 394 quod
407 329 430 379 ei
444 328 582 392 respondet,
594 328 654 378 sicut
666 327 784 391 signatum
801 329 879 392 signo3
891 329 924 378 sed

136 400 181 450 hoc
194 413 241 450 non
251 404 287 450 est
299 400 373 464 aliqua
390 399 514 464 spiritualis
527 402 639 464 potestas.
653 399 682 448 Et
694 399 747 450 ideo
759 399 784 448 in
794 413 875 450 cerem
885 412 923 450 non

136 471 274 535 imprimitur
287 474 416 534 character,
430 484 473 522 nec
486 473 523 521 est
533 471 596 520 ordo.

168 543 203 593 Ad
219 544 340 593 secuudum
359 542 496 604 dicendum,
509 541 569 604 qndd
587 541 693 604 quamuis
707 555 752 605 per
772 555 879 593 coronam
890 554 928 591 uon

136 611 280 677 imprimatur
294 615 418 673 character,
429 617 506 662 tamen
521 613 640 676 deputatur
654 614 727 664 homo
736 613 765 662 ad
777 613 880 662 diuinum
890 612 929 662 cui·

137 687 196 736 tum.
212 687 241 735 Et
261 685 312 735 ideo
328 684 379 734 talis
394 685 511 748 deputatio
524 684 592 734 debet
608 683 659 733 ιιι·
671 697 714 747 per
729 697 847 734 summum
859 684 928 734 minis

137 759 213 816 utrm,
228 755 314 806 scilicet
326 768 367 818 per
382 755 529 818 episcopum,
541 754 582 817 qui
594 755 664 804 etiam
677 758 757 805 uestes
774 755 930 815 benedicunt

137 837 209 888 uasa,
227 829 250 875 et
264 824 307 875 alia
321 826 460 888 omniaque
474 826 504 875 ad
514 825 615 875 divinum
630 825 719 874 cultum
734 827 891 890 applicantur.

167 896 201 946 Ad
212 895 303 946 tertium
315 896 444 960 dicendum,
456 896 517 959 qudd
530 909 558 947 ex
567 897 612 946 iroc
620 895 682 958 qnod
690 895 777 959 aliems
789 902 829 948 est
837 897 931 957 ctericm,

135 970 172 1017 est
186 966 210 1016 in
222 967 297 1018 aitiori
311 971 372 1019 statu
381 967 449 1031 quim
463 967 553 1029 laicus,
567 980 613 1018 non
628 970 707 1018 manen
719 968 793 1018 habet
810 969 932 1033 ampiioren

135 1039 258 1101 potestatis
272 1039 374 1102 gradum,
385 1039 424 1102 qui
438 1039 467 1088 ad
481 1039 584 1089 ordinem
595 1038 729 1101 requiritur.

417 1215 578 1266 unricuuus
595 1217 635 1266 ru.
960 1193 962 1317 J

143 1341 229 1386 Utrum
237 1353 280 1396 per
285 1339 440 1395 acceptionem
447 1351 538 1444 carogum
545 1340 636 1412 eliquia
640 1342 767 1384 renuntiet
772 1341 934 1398 ammaon

511 1414 572 1447 once.

170 1528 204 1578 tid
219 1528 311 1579 tertium
326 1527 359 1577 sic
375 1527 513 1591 proceditur.
532 1527 625 1576 Videtur
644 1526 704 1590 qudd
720 1541 765 1590 per
784 1531 933 1595 acceptiora
960 1546 962 1601 g

138 1612 228 1651 coronae
240 1599 321 1663 aliquis
331 1598 445 1649 renuntiet
458 1598 705 1662 temporalibusbouis.
716 1601 769 1664 Ipsi
779 1601 846 1652 enim
856 1603 931 1660 diruet,
960 1633 962 1637 >

139 1669 193 1720 cum
210 1675 345 1722 coronantur
363 1685 368 1718 :
386 1686 400 1716 n
416 1671 526 1720 Dominus
540 1683 594 1733 pars
614 1670 759 1721 hereditatis
786 1685 858 1724 mee.
874 1669 934 1719 »Sed

137 1742 197 1792 sicut
209 1743 264 1792 dicit
278 1741 429 1806 Hieronymus
444 1741 494 1805 tt),
510 1757 523 1788 u
535 1741 645 1792 Dominus
657 1755 710 1791 cum
725 1743 765 1792 his
778 1744 935 1805 temperatus

137 1825 190 1876 pars
203 1813 253 1863 fieri
263 1813 404 1875 dedignetur.
413 1828 427 1858 u
442 1813 502 1875 Ergo
512 1812 643 1863 renuntiant
660 1813 842 1876 temporalibus.

170 1888 193 1934 a.
209 1885 334 1946 Praeterea,
353 1882 441 1947 justitia
459 1882 612 1932 ministmrum
633 1882 688 1932 novi
708 1884 863 1936 Testamenti
881 1879 936 1934 und

137 1953 252 2004 abundare
266 1967 333 2016 snper
342 1953 458 2002 ministros
468 1953 552 2003 veteris
557 1952 711 2014 Testamenti,
722 1958 750 2004 ut
760 1959 831 2018 patet
840 1955 937 2007 unet

136 2023 166 2072 V.
184 2025 230 2075 Sed
243 2023 339 2075 ministri
353 2024 439 2074 veteris
453 2024 607 2087 testamenti,
622 2024 711 2075 sciiiret
724 2026 834 2088 Lenito,
846 2042 895 2079 non
910 2039 938 2074 a·-

138 2097 249 2156 ceperunt
270 2099 357 2158 partem
376 2094 516 2145 hereditatis
538 2095 716 2145 cumfratribus
736 2096 798 2149 suis.
826 2099 891 2162 Ergo
905 2107 939 2147 ιι

131 2163 235 2214 „ministri
249 2167 302 2218 novi
314 2165 453 2216 Testamenti
466 2165 551 2216 habere
564 2165 656 2216 debent.

170 2241 192 2286 3.
208 2237 319 2287 Preterea
330 2276 336 2299 ,
347 2237 411 2300 Hugo
423 2235 477 2286 dicit
488 2275 495 2298 ,
506 2236 568 2300 qudd
586 2241 708 2300 postquam
717 2237 810 2300 aliquis
824 2243 864 2289 est
878 2241 941 2288 hctus

138 2306 247 2369 clericus,
261 2306 326 2358 debet
335 2307 440 2371 deinceps
453 2307 481 2358 de
491 2307 611 2372 stipendiis
623 2307 733 2358 Ecclesia
746 2311 890 2360 sustentari.
903 2308 940 2358 Sc:

139 2379 183 2430 hoc
193 2381 322 2439 uonesset,
339 2379 360 2428 si
372 2377 535 2442 patrimonium
554 2392 620 2429 suum
637 2378 757 2429 retineret
774 2381 842 2444 Ergo
858 2380 942 2430 videtu

141 2449 202 2513 qudd
215 2449 356 2500 abrenuntiet
369 2450 394 2498 in
403 2451 447 2500 troc
457 2449 519 2512 qudd
532 2449 673 2501 dietericus.
960 2506 961 2513 ,

171 2521 216 2572 Sed
233 2523 310 2572 eontra
320 2523 364 2582 est,
375 2519 436 2584 qudd
451 2519 577 2572 Hieremias
593 2519 638 2575 fnit
651 2521 680 2571 de
692 2521 776 2571 ordine
789 2518 940 2574 sacerdotali,
960 2530 962 2573 t

174 2637 207 2700 (i)
221 2640 295 2696 Epist.
310 2640 341 2684 II.
359 2640 391 2684 od
409 2639 575 2696 Nepotianum
586 2657 594 2683 .-
607 2639 658 2696 θαι*
671 2639 811 2684 Dominum
824 2638 942 2698 posside
960 2652 961 2655 ¹

141 2705 164 2746 ot
183 2713 238 2745 cum
258 2701 379 2759 Propheta
393 2701 454 2746 dicit
469 2719 477 2744 .·
492 2703 549 2746 Pars
569 2714 622 2747 mee
637 2703 767 2758 Dominus,
787 2703 864 2747 nesse
883 2705 944 2746 esen

140 2761 273 2806 Dominum
289 2763 474 2820 indempnem
483 2763 548 2820 qued
559 2764 582 2809 ei
598 2764 730 2822 quidpiam
744 2764 822 2809 atiud
832 2761 943 2809 Μ

137 2825 230 2877 preater
238 2824 380 2874 Dominum,
390 2837 451 2882 pore
460 2825 516 2882 ejus
528 2838 579 2871 noe
591 2827 779 2872 menonem
798 2826 877 2873 Verbi
893 2836 943 2883 μ’

138 2883 187 2932 tie,
199 2885 222 2929 st
237 2897 339 2938 norom,
350 2887 372 2932 ei
385 2890 562 2946 depectionem·
573 2890 752 2947 enuntiem,
761 2891 788 2936 ei
796 2891 942 2936 mun
