1942 3284
129 163 174 212 att
263 164 461 214 consumtum,
478 161 573 208 ochsn
589 159 664 210 mv,
681 157 739 196 aar.
755 157 788 194 ru.

128 243 287 314 presupponit
298 239 455 307 baptismalem
468 234 534 302 quam
547 235 657 300 prinum.
671 235 732 296 Ergo
744 234 864 283 character
873 230 933 282 orti-

130 319 167 370 nis
182 315 337 382 praesupponit
348 314 500 364 characterem
513 304 693 358 confirmationis
707 303 776 368 quasi
792 301 908 354 menium
966 312 967 315 ’

162 393 186 439 a.
202 389 328 448 Preterea,
342 384 382 448 qui
394 383 423 432 ad
439 379 496 432 alios
512 377 680 430 confirmandos
697 379 825 440 ponuntur,
838 373 935 424 maxime
966 370 967 433 t

133 459 216 512 debent
227 471 278 510 esse
293 455 361 506 firmi.
371 453 416 504 Sed
427 451 459 502 illi
469 451 509 514 qui
520 452 689 500 sacramentum
697 446 787 498 ordinis
797 445 936 510 suscipiunt

134 535 189 582 sunt
202 529 298 580 aliorum
312 526 490 578 confirmatores.
501 522 562 585 Ergo
574 519 622 584 ipsi
638 517 738 570 maximt
756 518 845 569 elehem
857 517 938 568 hahere

133 604 299 654 sacramentnm
310 595 497 650 confirmationis.

165 673 210 724 Sed
223 674 301 722 contra
318 684 324 718 :
340 667 445 733 apostoli
466 666 604 728 receperunt
623 665 764 727 potestatem
782 661 874 714 oroiuis
892 665 939 711 ante
966 716 967 721 ἵ

135 743 306 804 ascensionem,
324 741 408 796 loon„
421 737 476 800 xx,
487 735 525 785 uhi
534 734 621 785 dictum
630 738 667 785 est
679 733 733 785 eis:
749 733 884 798 ‹rhecipite
894 733 941 797 Sp'a
966 736 967 751 ¹

134 818 202 868 ritum
219 817 333 865 sanctum.
350 828 363 860 r
380 811 426 862 Sed
445 807 573 859 confirmati
585 812 641 857 suut
656 810 709 870 post
723 806 893 858 ascensionem
907 817 941 869 prr

136 888 259 940 adventum
278 883 377 948 spiritam
391 879 474 932 sancti.
486 880 547 942 Ergo
557 878 613 930 ordo
624 890 672 928 uon
688 876 856 942 praesupponit
868 876 940 928 couir-

137 971 159 1008 nr
175 956 224 1007 tion
239 969 270 1006 m.

160 969 333 1092 a(Corternusro.
346 1049 378 1062 —
391 1025 526 1086 Quanquam
542 1017 644 1070 maxime
656 1018 808 1069 conueniens
825 1019 861 1070 sit
875 1026 901 1070 ut
911 1019 941 1081 qa

138 1100 242 1151 ordinem
250 1096 398 1234 suscipiunt,
412 1095 458 1145 sim
474 1089 614 1152 confirmati,
628 1091 674 1142 hoc
691 1091 774 1140 tamen
795 1103 940 1143 neeman
966 1160 967 1225 1

140 1184 188 1224 non
198 1175 241 1222 est.

170 1241 304 1307 Respondeo
316 1238 443 1300 dicendum,
453 1236 515 1300 quod
525 1236 554 1286 ad
563 1233 738 1298 sumptionem
748 1235 846 1286 ordinis
855 1233 938 1301 preex'r

140 1314 200 1378 gitur
214 1312 297 1374 atiquid
311 1310 343 1360 de
356 1311 504 1358 necessitate
517 1306 682 1360 sacramente,
695 1308 722 1355 et
737 1304 831 1370 aliquid
844 1304 940 1371 amane

140 1383 307 1446 conpraea'tote.
322 1381 353 1430 [te
372 1378 509 1430 necessitate
527 1378 590 1428 enirn
607 1376 751 1426 sacramenti
769 1377 877 1444 eripitur
892 1374 939 1441 quta

138 1452 176 1506 ille
190 1452 230 1518 qui
243 1451 331 1503 accedit
343 1450 488 1513 coordinat,
502 1449 532 1500 sit
541 1445 629 1499 ordinis
638 1447 806 1513 susceptivus3
819 1449 882 1514 quot
887 1461 940 1499 coar·

140 1524 199 1590 petit
207 1523 229 1575 ei
238 1536 278 1588 per
292 1523 441 1587 baptismum.
452 1523 480 1572 Et
490 1522 543 1572 ideo
554 1521 672 1569 character
683 1518 841 1581 baptismalis
854 1533 940 1586 presrp
966 1546 968 1585 t

140 1596 234 1660 ponitur
244 1595 275 1646 de
289 1594 436 1646 necessitate
450 1591 619 1658 recrementi,
633 1589 667 1640 ita
680 1588 746 1653 quod
758 1590 817 1642 sine
836 1605 866 1643 eo
878 1601 939 1642 ram-

142 1671 246 1720 mentum
257 1665 342 1718 ordinis
354 1664 452 1716 conferri
467 1677 514 1715 non
526 1664 611 1726 potest.
629 1660 678 1712 Sed
690 1661 725 1710 de
740 1664 938 1726 congruitatem

144 1737 240 1802 quiritur
254 1738 329 1789 omnis
337 1736 461 1802 perfectio,
471 1745 588 1798 perquam
601 1731 688 1796 aliquis
699 1731 819 1784 reddatur
825 1731 937 1786 inormi

144 1809 304 1861 executionem
315 1809 413 1871 ordinis3
428 1810 451 1858 et
465 1818 535 1857 unum
556 1805 584 1855 de
595 1803 648 1854 istis
661 1807 698 1854 est
710 1807 740 1854 ut
753 1804 787 1855 sit
799 1806 936 1857 confirmas

144 1879 237 1932 ntideo
251 1881 283 1931 de
296 1881 456 1944 concauitate
469 1879 584 1928 character
597 1874 685 1927 ordinis
699 1876 869 1930 characterem
880 1876 938 1930 caah

145 1950 254 2002 metionis
263 1950 428 2016 praesupponit,
440 1953 464 2001 et
474 1961 521 1999 non
532 1947 566 1997 de
578 1947 737 1997 aecemttcte.

177 2022 212 2072 Ad
225 2022 323 2086 primum
337 2033 391 2084 ergo
402 2020 540 2083 dicendum,
550 2017 612 2083 qnod
625 2030 674 2068 non
689 2022 728 2069 est
742 2019 835 2073 simihs
853 2019 939 2072 hahitmi

146 2092 216 2154 hujus
225 2092 294 2144 medii
304 2090 445 2142 adultimnm
455 2093 479 2142 et
488 2090 556 2154 primi
569 2088 725 2153 admedium,
740 2091 802 2156 quia
818 2095 939 2159 percitam

145 2164 217 2212 terem
234 2163 391 2228 baptismalem
404 2162 429 2211 iit
438 2163 507 2212 homo
520 2160 667 2225 susceptivus
677 2167 828 2216 armamenti
836 2164 939 2216 confirm·

145 2229 228 2296 tionis,
242 2245 289 2284 non
310 2237 386 2283 autem
403 2247 444 2297 per
464 2234 620 2282 characterem
636 2232 831 2287 confirmationis
845 2235 872 2286 ht
889 2237 940 2286 haur

147 2303 291 2367 susceptivus
305 2304 441 2355 sacramenti
454 2303 551 2354 ordinis.
565 2303 594 2352 lit
609 2302 662 2353 ideo
679 2311 780 2357 nonest
796 2308 878 2360 similis
886 2307 937 2358 rattr-

178 2376 212 2427 rid
221 2377 346 2428 secundum
360 2376 491 2439 dicendam,
506 2373 568 2439 quod
578 2375 617 2424 itta
632 2374 694 2428 ratio
705 2379 819 2441 procedit
831 2381 861 2432 de
873 2378 941 2432 inore

146 2452 193 2500 tate
207 2445 314 2514 quantiam
328 2448 356 2499 ad
369 2447 546 2512 congruitatem.
