<?xml version="1.0" encoding="UTF-8"?>
<!DOCTYPE html PUBLIC "-//W3C//DTD XHTML 1.0 Transitional//EN"
    "http://www.w3.org/TR/xhtml1/DTD/xhtml1-transitional.dtd">
<html xmlns="http://www.w3.org/1999/xhtml" xml:lang="en" lang="en">
 <head>
  <title>
</title>
<meta http-equiv="Content-Type" content="text/html;charset=utf-8" />
  <meta name='ocr-system' content='tesseract 3.04.00' />
  <meta name='ocr-capabilities' content='ocr_page ocr_carea ocr_par ocr_line ocrx_word'/>
</head>
<body>
  <div class='ocr_page' id='page_1' title='image "./summatheologica01nicogoog_0391.png"; bbox 0 0 1942 3284; ppageno 0'>
   <div class='ocr_carea' id='block_1_1' title="bbox 332 147 1583 192">
    <p class='ocr_par' dir='ltr' id='par_1_1' title="bbox 332 147 1583 192">
     <span class='ocr_line' id='line_1_1' title="bbox 332 147 1583 192; baseline -0.003 -1"><span class='ocrx_word' id='word_1_1' title='bbox 332 154 394 191; x_wconf 80' lang='lat' dir='ltr'><strong>DE</strong></span> <span class='ocrx_word' id='word_1_2' title='bbox 424 149 518 191; x_wconf 78' lang='lat' dir='ltr'><strong>USU</strong></span> <span class='ocrx_word' id='word_1_3' title='bbox 547 152 883 192; x_wconf 68' lang='lat' dir='ltr'><strong>Eucnnisrm</strong></span> <span class='ocrx_word' id='word_1_4' title='bbox 916 155 965 191; x_wconf 71' lang='lat' dir='ltr'><strong>m</strong></span> <span class='ocrx_word' id='word_1_5' title='bbox 999 150 1236 191; x_wconf 69' lang='lat' dir='ltr'><strong>Gonnum.</strong></span> <span class='ocrx_word' id='word_1_6' title='bbox 1499 147 1583 191; x_wconf 64' lang='lat' dir='ltr'><strong>{iffi}</strong></span> 
     </span>
    </p>
   </div>
   <div class='ocr_carea' id='block_1_2' title="bbox 0 228 1595 2955">
    <p class='ocr_par' dir='ltr' id='par_1_2' title="bbox 0 228 1583 2447">
     <span class='ocr_line' id='line_1_2' title="bbox 0 228 1583 296; baseline 0.001 -19"><span class='ocrx_word' id='word_1_7' title='bbox 0 243 59 277; x_wconf 80' lang='lat' dir='ltr'><strong>im</strong></span> <span class='ocrx_word' id='word_1_8' title='bbox 86 229 316 279; x_wconf 81' lang='lat' dir='ltr'><strong>mortalis</strong></span> <span class='ocrx_word' id='word_1_9' title='bbox 347 230 551 281; x_wconf 86' lang='lat' dir='ltr'><strong>criminis</strong></span> <span class='ocrx_word' id='word_1_10' title='bbox 580 231 877 292; x_wconf 78' lang='lat' dir='ltr'><strong>couscientia,</strong></span> <span class='ocrx_word' id='word_1_11' title='bbox 896 244 1153 296; x_wconf 81' lang='lat' dir='ltr'>quanquam</span> <span class='ocrx_word' id='word_1_12' title='bbox 1179 228 1430 281; x_wconf 72' lang='lat' dir='ltr'><strong>secundum</strong></span> <span class='ocrx_word' id='word_1_13' title='bbox 1455 247 1583 279; x_wconf 74' lang='lat' dir='ltr'><strong>snam</strong></span> 
     </span>
     <span class='ocr_line' id='line_1_3' title="bbox 0 300 1583 365; baseline -0.001 -17"><span class='ocrx_word' id='word_1_14' title='bbox 0 300 169 349; x_wconf 73' lang='lat' dir='ltr'><strong>»eciem</strong></span> <span class='ocrx_word' id='word_1_15' title='bbox 203 300 396 361; x_wconf 87' lang='lat' dir='ltr'><strong>gravius</strong></span> <span class='ocrx_word' id='word_1_16' title='bbox 435 302 497 351; x_wconf 89' lang='lat' dir='ltr'><strong>sit</strong></span> <span class='ocrx_word' id='word_1_17' title='bbox 533 302 761 365; x_wconf 86' lang='lat' dir='ltr'><strong>plerisque</strong></span> <span class='ocrx_word' id='word_1_18' title='bbox 789 302 890 351; x_wconf 88' lang='lat' dir='ltr'><strong>aliis</strong></span> <span class='ocrx_word' id='word_1_19' title='bbox 908 338 925 365; x_wconf 94' lang='lat'>‚</span> <span class='ocrx_word' id='word_1_20' title='bbox 956 315 1048 353; x_wconf 89' lang='lat' dir='ltr'><strong>non</strong></span> <span class='ocrx_word' id='word_1_21' title='bbox 1086 306 1158 352; x_wconf 88' lang='lat' dir='ltr'><strong>est</strong></span> <span class='ocrx_word' id='word_1_22' title='bbox 1189 304 1347 352; x_wconf 88' lang='lat' dir='ltr'><strong>tamen</strong></span> <span class='ocrx_word' id='word_1_23' title='bbox 1375 303 1583 352; x_wconf 77' lang='lat' dir='ltr'><strong>omniun]</strong></span> 
     </span>
     <span class='ocr_line' id='line_1_4' title="bbox 1 371 344 437; baseline 0.003 -17"><span class='ocrx_word' id='word_1_24' title='bbox 1 371 344 437; x_wconf 85' lang='lat' dir='ltr'><strong>avissimum.)</strong></span> 
     </span>
     <span class='ocr_line' id='line_1_5' title="bbox 12 444 1583 511; baseline 0.003 -20"><span class='ocrx_word' id='word_1_25' title='bbox 12 444 317 507; x_wconf 76' lang='lat' dir='ltr'><strong>Respondes&gt;</strong></span> <span class='ocrx_word' id='word_1_26' title='bbox 349 446 591 495; x_wconf 89' lang='lat' dir='ltr'><strong>dicendum</strong></span> <span class='ocrx_word' id='word_1_27' title='bbox 612 486 624 507; x_wconf 93' lang='lat'><strong><em>‚</em></strong></span> <span class='ocrx_word' id='word_1_28' title='bbox 652 446 771 509; x_wconf 76' lang='lat' dir='ltr'><strong>qudd</strong></span> <span class='ocrx_word' id='word_1_29' title='bbox 804 447 920 497; x_wconf 90' lang='lat' dir='ltr'><strong>sicut</strong></span> <span class='ocrx_word' id='word_1_30' title='bbox 949 448 998 498; x_wconf 92' lang='lat' dir='ltr'><strong>in</strong></span> <span class='ocrx_word' id='word_1_31' title='bbox 1021 449 1081 497; x_wconf 89' lang='grc' dir='ltr'><strong>ΙΙ.</strong></span> <span class='ocrx_word' id='word_1_32' title='bbox 1108 452 1236 511; x_wconf 77' lang='lat' dir='ltr'><strong>part.</strong></span> <span class='ocrx_word' id='word_1_33' title='bbox 1275 448 1445 497; x_wconf 87' lang='lat' dir='ltr'><strong>dictum</strong></span> <span class='ocrx_word' id='word_1_34' title='bbox 1487 455 1547 495; x_wconf 69' lang='lat' dir='ltr'><strong>est</strong></span> <span class='ocrx_word' id='word_1_35' title='bbox 1575 487 1583 507; x_wconf 69' lang='lat'><strong><em>‚</em></strong></span> 
     </span>
     <span class='ocr_line' id='line_1_6' title="bbox 0 516 1583 583; baseline 0.002 -19"><span class='ocrx_word' id='word_1_36' title='bbox 0 516 211 578; x_wconf 66' lang='lat' dir='ltr'><strong>[pliciter</strong></span> <span class='ocrx_word' id='word_1_37' title='bbox 236 516 421 580; x_wconf 78' lang='lat' dir='ltr'>aliquod</span> <span class='ocrx_word' id='word_1_38' title='bbox 439 524 675 581; x_wconf 86' lang='lat' dir='ltr'><strong>peccatum</strong></span> <span class='ocrx_word' id='word_1_39' title='bbox 697 523 851 581; x_wconf 87' lang='lat' dir='ltr'><strong>potest</strong></span> <span class='ocrx_word' id='word_1_40' title='bbox 880 520 969 569; x_wconf 91' lang='lat' dir='ltr'><strong>diei</strong></span> <span class='ocrx_word' id='word_1_41' title='bbox 989 519 1172 583; x_wconf 87' lang='lat' dir='ltr'><strong>gravius</strong></span> <span class='ocrx_word' id='word_1_42' title='bbox 1191 520 1279 569; x_wconf 88' lang='lat' dir='ltr'><strong>alio</strong></span> <span class='ocrx_word' id='word_1_43' title='bbox 1304 533 1316 568; x_wconf 92' lang='lat'><strong>:</strong></span> <span class='ocrx_word' id='word_1_44' title='bbox 1341 531 1431 568; x_wconf 91' lang='lat' dir='ltr'><strong>uno</strong></span> <span class='ocrx_word' id='word_1_45' title='bbox 1455 523 1583 567; x_wconf 65' lang='lat' dir='ltr'><strong>inu-tn</strong></span> 
     </span>
     <span class='ocr_line' id='line_1_7' title="bbox 0 588 1583 654; baseline 0.004 -21"><span class='ocrx_word' id='word_1_46' title='bbox 0 602 31 635; x_wconf 70' lang='grc' dir='ltr'><strong>ιτ</strong></span> <span class='ocrx_word' id='word_1_47' title='bbox 56 600 134 649; x_wconf 88' lang='lat' dir='ltr'><strong>se,</strong></span> <span class='ocrx_word' id='word_1_48' title='bbox 170 588 272 638; x_wconf 83' lang='lat' dir='ltr'><strong>alio</strong></span> <span class='ocrx_word' id='word_1_49' title='bbox 298 590 430 639; x_wconf 81' lang='lat' dir='ltr'><strong>modo</strong></span> <span class='ocrx_word' id='word_1_50' title='bbox 456 602 538 652; x_wconf 86' lang='lat' dir='ltr'><strong>per</strong></span> <span class='ocrx_word' id='word_1_51' title='bbox 564 589 790 640; x_wconf 86' lang='lat' dir='ltr'><strong>accidens.</strong></span> <span class='ocrx_word' id='word_1_52' title='bbox 812 592 900 640; x_wconf 89' lang='lat' dir='ltr'><strong>Per</strong></span> <span class='ocrx_word' id='word_1_53' title='bbox 934 604 983 641; x_wconf 87' lang='lat' dir='ltr'><strong>se</strong></span> <span class='ocrx_word' id='word_1_54' title='bbox 1021 590 1202 654; x_wconf 86' lang='lat' dir='ltr'><strong>quidem</strong></span> <span class='ocrx_word' id='word_1_55' title='bbox 1231 590 1479 640; x_wconf 79' lang='lat' dir='ltr'><strong>secundum</strong></span> <span class='ocrx_word' id='word_1_56' title='bbox 1515 607 1583 639; x_wconf 70' lang='lat' dir='ltr'><strong>ra-</strong></span> 
     </span>
     <span class='ocr_line' id='line_1_8' title="bbox 0 660 1487 726; baseline 0.003 -19"><span class='ocrx_word' id='word_1_57' title='bbox 0 671 133 707; x_wconf 82' lang='lat' dir='ltr'><strong>›nem</strong></span> <span class='ocrx_word' id='word_1_58' title='bbox 168 674 276 710; x_wconf 83' lang='lat' dir='ltr'><strong>suae</strong></span> <span class='ocrx_word' id='word_1_59' title='bbox 310 660 481 724; x_wconf 84' lang='lat' dir='ltr'><strong>speciei</strong></span> <span class='ocrx_word' id='word_1_60' title='bbox 501 700 513 722; x_wconf 92' lang='lat'>,</span> <span class='ocrx_word' id='word_1_61' title='bbox 550 674 651 723; x_wconf 82' lang='lat' dir='ltr'><strong>quae</strong></span> <span class='ocrx_word' id='word_1_62' title='bbox 698 662 945 712; x_wconf 88' lang='lat' dir='ltr'><strong>attenditur</strong></span> <span class='ocrx_word' id='word_1_63' title='bbox 972 676 1030 712; x_wconf 86' lang='lat' dir='ltr'><strong>ex</strong></span> <span class='ocrx_word' id='word_1_64' title='bbox 1057 666 1183 726; x_wconf 87' lang='lat' dir='ltr'><strong>parte</strong></span> <span class='ocrx_word' id='word_1_65' title='bbox 1209 662 1410 726; x_wconf 83' lang='lat' dir='ltr'><strong>objecti3</strong></span> <span class='ocrx_word' id='word_1_66' title='bbox 1443 667 1487 711; x_wconf 81' lang='lat' dir='ltr'><strong>et</strong></span> 
     </span>
     <span class='ocr_line' id='line_1_9' title="bbox 0 732 1579 799; baseline -0.001 -20"><span class='ocrx_word' id='word_1_67' title='bbox 0 732 168 781; x_wconf 72' lang='lat' dir='ltr'><strong>indum</strong></span> <span class='ocrx_word' id='word_1_68' title='bbox 201 734 324 795; x_wconf 85' lang='lat' dir='ltr'><strong>hoc,</strong></span> <span class='ocrx_word' id='word_1_69' title='bbox 346 732 518 795; x_wconf 68' lang='lat' dir='ltr'><strong>quante</strong></span> <span class='ocrx_word' id='word_1_70' title='bbox 534 734 581 786; x_wconf 88' lang='lat' dir='ltr'><strong>id</strong></span> <span class='ocrx_word' id='word_1_71' title='bbox 599 737 757 783; x_wconf 85' lang='lat' dir='ltr'><strong>contra</strong></span> <span class='ocrx_word' id='word_1_72' title='bbox 781 735 901 797; x_wconf 85' lang='lat' dir='ltr'><strong>quod</strong></span> <span class='ocrx_word' id='word_1_73' title='bbox 918 738 1158 799; x_wconf 84' lang='lat' dir='ltr'><strong>peccatur,</strong></span> <span class='ocrx_word' id='word_1_74' title='bbox 1181 739 1250 784; x_wconf 90' lang='lat' dir='ltr'><strong>est</strong></span> <span class='ocrx_word' id='word_1_75' title='bbox 1271 736 1437 799; x_wconf 75' lang='lat' dir='ltr'><strong>maju5‚</strong></span> <span class='ocrx_word' id='word_1_76' title='bbox 1459 735 1579 783; x_wconf 59' lang='lat' dir='ltr'><strong>tanti.</strong></span> 
     </span>
     <span class='ocr_line' id='line_1_10' title="bbox 0 805 1579 870; baseline 0.003 -19"><span class='ocrx_word' id='word_1_77' title='bbox 0 809 219 853; x_wconf 63' lang='lat' dir='ltr'><strong>eccatum</strong></span> <span class='ocrx_word' id='word_1_78' title='bbox 251 808 326 855; x_wconf 87' lang='lat' dir='ltr'><strong>est</strong></span> <span class='ocrx_word' id='word_1_79' title='bbox 348 805 546 867; x_wconf 84' lang='lat' dir='ltr'><strong>gravius,</strong></span> <span class='ocrx_word' id='word_1_80' title='bbox 579 807 636 854; x_wconf 86' lang='lat' dir='ltr'><strong>Et</strong></span> <span class='ocrx_word' id='word_1_81' title='bbox 657 807 762 869; x_wconf 83' lang='lat' dir='ltr'><strong>quia</strong></span> <span class='ocrx_word' id='word_1_82' title='bbox 788 807 1006 857; x_wconf 81' lang='lat' dir='ltr'><strong>divinitas</strong></span> <span class='ocrx_word' id='word_1_83' title='bbox 1033 807 1198 857; x_wconf 87' lang='lat' dir='ltr'><strong>Christi</strong></span> <span class='ocrx_word' id='word_1_84' title='bbox 1226 810 1295 856; x_wconf 85' lang='lat' dir='ltr'><strong>est</strong></span> <span class='ocrx_word' id='word_1_85' title='bbox 1323 806 1467 870; x_wconf 76' lang='lat' dir='ltr'><strong>major</strong></span> <span class='ocrx_word' id='word_1_86' title='bbox 1499 811 1579 855; x_wconf 72' lang='lat' dir='ltr'><strong>hu-</strong></span> 
     </span>
     <span class='ocr_line' id='line_1_11' title="bbox 0 875 1575 941; baseline 0.001 -19"><span class='ocrx_word' id='word_1_87' title='bbox 0 875 194 925; x_wconf 82' lang='lat' dir='ltr'><strong>anitate</strong></span> <span class='ocrx_word' id='word_1_88' title='bbox 226 876 397 939; x_wconf 67' lang='grc' dir='ltr'><strong>ἱρείης,</strong></span> <span class='ocrx_word' id='word_1_89' title='bbox 416 881 463 927; x_wconf 91' lang='lat' dir='ltr'><strong>et</strong></span> <span class='ocrx_word' id='word_1_90' title='bbox 483 877 580 941; x_wconf 85' lang='lat' dir='ltr'><strong>ipsa</strong></span> <span class='ocrx_word' id='word_1_91' title='bbox 605 879 861 927; x_wconf 85' lang='lat' dir='ltr'><strong>humanitas</strong></span> <span class='ocrx_word' id='word_1_92' title='bbox 881 882 952 929; x_wconf 81' lang='lat' dir='ltr'><strong>est</strong></span> <span class='ocrx_word' id='word_1_93' title='bbox 974 880 1121 941; x_wconf 87' lang='lat' dir='ltr'><strong>potior</strong></span> <span class='ocrx_word' id='word_1_94' title='bbox 1142 878 1276 941; x_wconf 72' lang='lat' dir='ltr'><strong>quam</strong></span> <span class='ocrx_word' id='word_1_95' title='bbox 1302 890 1575 927; x_wconf 68' lang='lat' dir='ltr'><strong>sacramenia</strong></span> 
     </span>
     <span class='ocr_line' id='line_1_12' title="bbox 0 948 1579 1014; baseline 0.004 -21"><span class='ocrx_word' id='word_1_96' title='bbox 0 948 300 1008; x_wconf 67' lang='lat' dir='ltr'><strong>immutatis»,</strong></span> <span class='ocrx_word' id='word_1_97' title='bbox 325 948 432 998; x_wconf 91' lang='lat' dir='ltr'><strong>inde</strong></span> <span class='ocrx_word' id='word_1_98' title='bbox 457 955 527 998; x_wconf 88' lang='lat' dir='ltr'><strong>est</strong></span> <span class='ocrx_word' id='word_1_99' title='bbox 545 948 665 1012; x_wconf 73' lang='lat' dir='ltr'><strong>qudd</strong></span> <span class='ocrx_word' id='word_1_100' title='bbox 696 950 961 1011; x_wconf 84' lang='lat' dir='ltr'><strong>gravissima</strong></span> <span class='ocrx_word' id='word_1_101' title='bbox 988 954 1177 1014; x_wconf 84' lang='lat' dir='ltr'><strong>peccata</strong></span> <span class='ocrx_word' id='word_1_102' title='bbox 1207 954 1314 999; x_wconf 88' lang='lat' dir='ltr'><strong>sunt</strong></span> <span class='ocrx_word' id='word_1_103' title='bbox 1334 962 1436 1013; x_wconf 80' lang='lat' dir='ltr'><strong>quae</strong></span> <span class='ocrx_word' id='word_1_104' title='bbox 1459 963 1579 999; x_wconf 60' lang='grc' dir='ltr'><strong>τῖιῑηι]Ρ</strong></span> 
     </span>
     <span class='ocr_line' id='line_1_13' title="bbox 0 1016 1579 1085; baseline 0 -21"><span class='ocrx_word' id='word_1_105' title='bbox 0 1016 217 1069; x_wconf 81' lang='lat' dir='ltr'><strong>ittuntur</strong></span> <span class='ocrx_word' id='word_1_106' title='bbox 235 1020 283 1068; x_wconf 90' lang='lat' dir='ltr'><strong>in</strong></span> <span class='ocrx_word' id='word_1_107' title='bbox 313 1020 459 1083; x_wconf 84' lang='lat' dir='ltr'>ipsam</span> <span class='ocrx_word' id='word_1_108' title='bbox 481 1019 784 1084; x_wconf 82' lang='lat' dir='ltr'><strong>divinitatem,</strong></span> <span class='ocrx_word' id='word_1_109' title='bbox 806 1024 923 1071; x_wconf 84' lang='lat' dir='ltr'><strong>sieut</strong></span> <span class='ocrx_word' id='word_1_110' title='bbox 944 1026 1016 1071; x_wconf 89' lang='lat' dir='ltr'><strong>est</strong></span> <span class='ocrx_word' id='word_1_111' title='bbox 1039 1025 1275 1085; x_wconf 83' lang='lat' dir='ltr'><strong>peccatum</strong></span> <span class='ocrx_word' id='word_1_112' title='bbox 1298 1020 1579 1071; x_wconf 40' lang='lat' dir='ltr'><strong>infidelitetza</strong></span> 
     </span>
     <span class='ocr_line' id='line_1_14' title="bbox 35 1089 1575 1157; baseline 0.001 -20"><span class='ocrx_word' id='word_1_113' title='bbox 35 1089 392 1154; x_wconf 71' lang='lat' dir='ltr'><strong>blasphemiae3</strong></span> <span class='ocrx_word' id='word_1_114' title='bbox 423 1092 693 1141; x_wconf 62' lang='lat' dir='ltr'><strong>secundarit}</strong></span> <span class='ocrx_word' id='word_1_115' title='bbox 728 1098 878 1144; x_wconf 88' lang='lat' dir='ltr'><strong>autem</strong></span> <span class='ocrx_word' id='word_1_116' title='bbox 922 1098 1029 1144; x_wconf 87' lang='lat' dir='ltr'><strong>sunt</strong></span> <span class='ocrx_word' id='word_1_117' title='bbox 1065 1094 1219 1157; x_wconf 83' lang='lat' dir='ltr'><strong>gravia</strong></span> <span class='ocrx_word' id='word_1_118' title='bbox 1255 1097 1439 1156; x_wconf 83' lang='lat' dir='ltr'><strong>peccata</strong></span> <span class='ocrx_word' id='word_1_119' title='bbox 1475 1111 1575 1155; x_wconf 62' lang='lat' dir='ltr'><strong>qna:</strong></span> 
     </span>
     <span class='ocr_line' id='line_1_15' title="bbox 0 1159 1579 1226; baseline 0.001 -17"><span class='ocrx_word' id='word_1_120' title='bbox 0 1159 324 1212; x_wconf 74' lang='lat' dir='ltr'><strong>›mmittuntnr&#39;</strong></span> <span class='ocrx_word' id='word_1_121' title='bbox 345 1162 396 1212; x_wconf 91' lang='lat' dir='ltr'><strong>in</strong></span> <span class='ocrx_word' id='word_1_122' title='bbox 424 1164 749 1213; x_wconf 80' lang='lat' dir='ltr'><strong>humanitatem</strong></span> <span class='ocrx_word' id='word_1_123' title='bbox 778 1164 964 1215; x_wconf 80' lang='lat' dir='ltr'><strong>Christi.</strong></span> <span class='ocrx_word' id='word_1_124' title='bbox 998 1166 1126 1215; x_wconf 84' lang='lat' dir='ltr'>Unde</span> <span class='ocrx_word' id='word_1_125' title='bbox 1152 1167 1215 1226; x_wconf 90' lang='lat' dir='ltr'><strong>et,</strong></span> <span class='ocrx_word' id='word_1_126' title='bbox 1246 1163 1451 1220; x_wconf 65' lang='lat' dir='ltr'><strong>Matth„</strong></span> <span class='ocrx_word' id='word_1_127' title='bbox 1479 1167 1579 1223; x_wconf 57' lang='grc' dir='ltr'><strong>ΞΗ,</strong></span> 
     </span>
     <span class='ocr_line' id='line_1_16' title="bbox 0 1232 1556 1298; baseline 0.002 -18"><span class='ocrx_word' id='word_1_128' title='bbox 0 1232 166 1283; x_wconf 88' lang='lat' dir='ltr'><strong>citur:</strong></span> <span class='ocrx_word' id='word_1_129' title='bbox 217 1252 245 1281; x_wconf 70' lang='lat' dir='ltr'><strong>&lt;r</strong></span> <span class='ocrx_word' id='word_1_130' title='bbox 276 1235 362 1293; x_wconf 88' lang='lat' dir='ltr'><strong>Qui</strong></span> <span class='ocrx_word' id='word_1_131' title='bbox 390 1234 552 1284; x_wconf 84' lang='lat' dir='ltr'><strong>dixerit</strong></span> <span class='ocrx_word' id='word_1_132' title='bbox 580 1236 767 1285; x_wconf 80' lang='lat' dir='ltr'><strong>verbum</strong></span> <span class='ocrx_word' id='word_1_133' title='bbox 799 1242 951 1287; x_wconf 88' lang='lat' dir='ltr'><strong>contra</strong></span> <span class='ocrx_word' id='word_1_134' title='bbox 982 1237 1150 1286; x_wconf 91' lang='lat' dir='ltr'><strong>Filium</strong></span> <span class='ocrx_word' id='word_1_135' title='bbox 1178 1235 1403 1298; x_wconf 87' lang='lat' dir='ltr'><strong>hominis,</strong></span> <span class='ocrx_word' id='word_1_136' title='bbox 1427 1236 1556 1287; x_wconf 69' lang='lat' dir='ltr'><strong>remit</strong></span> 
     </span>
     <span class='ocr_line' id='line_1_17' title="bbox 2 1306 1575 1371; baseline 0.003 -20"><span class='ocrx_word' id='word_1_137' title='bbox 2 1307 80 1353; x_wconf 86' lang='lat' dir='ltr'><strong>tur</strong></span> <span class='ocrx_word' id='word_1_138' title='bbox 110 1306 191 1368; x_wconf 72' lang='grc' dir='ltr'><strong>εἰς</strong></span> <span class='ocrx_word' id='word_1_139' title='bbox 223 1306 302 1368; x_wconf 89' lang='lat' dir='ltr'><strong>qui</strong></span> <span class='ocrx_word' id='word_1_140' title='bbox 320 1310 475 1356; x_wconf 88' lang='lat' dir='ltr'><strong>autem</strong></span> <span class='ocrx_word' id='word_1_141' title='bbox 504 1306 670 1356; x_wconf 79' lang='lat' dir='ltr'><strong>dixerit</strong></span> <span class='ocrx_word' id='word_1_142' title='bbox 688 1308 879 1358; x_wconf 79' lang='lat' dir='ltr'><strong>verbum</strong></span> <span class='ocrx_word' id='word_1_143' title='bbox 917 1312 1071 1359; x_wconf 86' lang='lat' dir='ltr'><strong>contra</strong></span> <span class='ocrx_word' id='word_1_144' title='bbox 1095 1307 1317 1371; x_wconf 87' lang='lat' dir='ltr'><strong>Spiritum</strong></span> <span class='ocrx_word' id='word_1_145' title='bbox 1345 1311 1575 1363; x_wconf 72' lang='lat' dir='ltr'><strong>sanctuni,</strong></span> 
     </span>
     <span class='ocr_line' id='line_1_18' title="bbox 0 1378 1575 1444; baseline -0.002 -19"><span class='ocrx_word' id='word_1_146' title='bbox 0 1389 51 1425; x_wconf 79' lang='lat' dir='ltr'><strong>&gt;n</strong></span> <span class='ocrx_word' id='word_1_147' title='bbox 81 1378 362 1427; x_wconf 84' lang='lat' dir='ltr'><strong>remittetur</strong></span> <span class='ocrx_word' id='word_1_148' title='bbox 384 1380 459 1440; x_wconf 90' lang='lat' dir='ltr'><strong>ei,</strong></span> <span class='ocrx_word' id='word_1_149' title='bbox 488 1392 635 1443; x_wconf 89' lang='lat' dir='ltr'><strong>neque</strong></span> <span class='ocrx_word' id='word_1_150' title='bbox 663 1380 710 1429; x_wconf 91' lang='lat' dir='ltr'><strong>in</strong></span> <span class='ocrx_word' id='word_1_151' title='bbox 749 1382 837 1430; x_wconf 85' lang='lat' dir='ltr'><strong>hoc</strong></span> <span class='ocrx_word' id='word_1_152' title='bbox 873 1381 1041 1431; x_wconf 82' lang='lat' dir='ltr'><strong>saeculo</strong></span> <span class='ocrx_word' id='word_1_153' title='bbox 1056 1417 1072 1443; x_wconf 89' lang='lat'><em>,</em></span> <span class='ocrx_word' id='word_1_154' title='bbox 1103 1393 1250 1444; x_wconf 86' lang='lat' dir='ltr'><strong>neque</strong></span> <span class='ocrx_word' id='word_1_155' title='bbox 1281 1380 1328 1429; x_wconf 91' lang='lat' dir='ltr'><strong>in</strong></span> <span class='ocrx_word' id='word_1_156' title='bbox 1357 1379 1523 1431; x_wconf 73' lang='lat' dir='ltr'><strong>futuru.</strong></span> <span class='ocrx_word' id='word_1_157' title='bbox 1555 1403 1575 1423; x_wconf 68' lang='lat'><strong>2.</strong></span> 
     </span>
     <span class='ocr_line' id='line_1_19' title="bbox 0 1449 1579 1520; baseline 0.001 -23"><span class='ocrx_word' id='word_1_158' title='bbox 0 1449 119 1500; x_wconf 89' lang='lat' dir='ltr'><strong>ertio</strong></span> <span class='ocrx_word' id='word_1_159' title='bbox 142 1457 304 1501; x_wconf 88' lang='lat' dir='ltr'><strong>autem</strong></span> <span class='ocrx_word' id='word_1_160' title='bbox 325 1452 424 1502; x_wconf 86' lang='lat' dir='ltr'><strong>loco</strong></span> <span class='ocrx_word' id='word_1_161' title='bbox 444 1456 761 1520; x_wconf 40' lang='lat' dir='ltr'><strong>sunt-peccata</strong></span> <span class='ocrx_word' id='word_1_162' title='bbox 778 1467 879 1516; x_wconf 84' lang='lat' dir='ltr'><strong>quae</strong></span> <span class='ocrx_word' id='word_1_163' title='bbox 899 1454 1244 1503; x_wconf 88' lang='lat' dir='ltr'><strong>committuntur</strong></span> <span class='ocrx_word' id='word_1_164' title='bbox 1262 1456 1417 1502; x_wconf 87' lang='lat' dir='ltr'><strong>contra</strong></span> <span class='ocrx_word' id='word_1_165' title='bbox 1436 1466 1579 1501; x_wconf 71' lang='lat' dir='ltr'><strong>sur-ru-</strong></span> 
     </span>
     <span class='ocr_line' id='line_1_20' title="bbox 0 1523 1579 1588; baseline 0.003 -21"><span class='ocrx_word' id='word_1_166' title='bbox 0 1526 144 1584; x_wconf 65' lang='lat' dir='ltr'><strong>tenia,</strong></span> <span class='ocrx_word' id='word_1_167' title='bbox 179 1537 286 1586; x_wconf 82' lang='lat' dir='ltr'><strong>qnae</strong></span> <span class='ocrx_word' id='word_1_168' title='bbox 319 1523 552 1587; x_wconf 84' lang='lat' dir='ltr'><strong>pertinent</strong></span> <span class='ocrx_word' id='word_1_169' title='bbox 586 1526 641 1573; x_wconf 89' lang='lat' dir='ltr'><strong>ad</strong></span> <span class='ocrx_word' id='word_1_170' title='bbox 673 1526 1001 1575; x_wconf 82' lang='lat' dir='ltr'><strong>humanitatem</strong></span> <span class='ocrx_word' id='word_1_171' title='bbox 1031 1524 1236 1588; x_wconf 84' lang='lat' dir='ltr'><strong>Christi3</strong></span> <span class='ocrx_word' id='word_1_172' title='bbox 1266 1528 1314 1574; x_wconf 88' lang='lat' dir='ltr'><strong>et</strong></span> <span class='ocrx_word' id='word_1_173' title='bbox 1351 1528 1455 1587; x_wconf 85' lang='lat' dir='ltr'><strong>post</strong></span> <span class='ocrx_word' id='word_1_174' title='bbox 1487 1527 1579 1575; x_wconf 54' lang='grc' dir='ltr'><strong>ἶνινι</strong></span> 
     </span>
     <span class='ocr_line' id='line_1_21' title="bbox 0 1594 1579 1659; baseline 0.002 -19"><span class='ocrx_word' id='word_1_175' title='bbox 0 1597 69 1641; x_wconf 81' lang='lat' dir='ltr'><strong>int</strong></span> <span class='ocrx_word' id='word_1_176' title='bbox 98 1595 197 1643; x_wconf 80' lang='lat' dir='ltr'><strong>alia</strong></span> <span class='ocrx_word' id='word_1_177' title='bbox 232 1599 418 1658; x_wconf 81' lang='lat' dir='ltr'><strong>peccata</strong></span> <span class='ocrx_word' id='word_1_178' title='bbox 451 1600 609 1645; x_wconf 89' lang='lat' dir='ltr'><strong>contra</strong></span> <span class='ocrx_word' id='word_1_179' title='bbox 637 1610 774 1659; x_wconf 85' lang='lat' dir='ltr'><strong>puras</strong></span> <span class='ocrx_word' id='word_1_180' title='bbox 802 1601 1051 1646; x_wconf 87' lang='lat' dir='ltr'><strong>creaturas.</strong></span> <span class='ocrx_word' id='word_1_181' title='bbox 1087 1598 1176 1646; x_wconf 83' lang='lat' dir='ltr'><strong>Per</strong></span> <span class='ocrx_word' id='word_1_182' title='bbox 1202 1594 1414 1644; x_wconf 89' lang='lat' dir='ltr'><strong>accidens</strong></span> <span class='ocrx_word' id='word_1_183' title='bbox 1433 1603 1579 1643; x_wconf 63' lang='lat' dir='ltr'><strong>antrum</strong></span> 
     </span>
     <span class='ocr_line' id='line_1_22' title="bbox 0 1665 1579 1731; baseline 0 -20"><span class='ocrx_word' id='word_1_184' title='bbox 0 1676 111 1713; x_wconf 86' lang='lat' dir='ltr'><strong>num</strong></span> <span class='ocrx_word' id='word_1_185' title='bbox 133 1671 383 1729; x_wconf 82' lang='lat' dir='ltr'><strong>peccatum</strong></span> <span class='ocrx_word' id='word_1_186' title='bbox 406 1670 479 1716; x_wconf 85' lang='lat' dir='ltr'><strong>est</strong></span> <span class='ocrx_word' id='word_1_187' title='bbox 501 1667 681 1729; x_wconf 86' lang='lat' dir='ltr'><strong>gravius</strong></span> <span class='ocrx_word' id='word_1_188' title='bbox 700 1668 786 1717; x_wconf 81' lang='lat' dir='ltr'><strong>aiio</strong></span> <span class='ocrx_word' id='word_1_189' title='bbox 815 1681 870 1717; x_wconf 79' lang='lat' dir='ltr'><strong>ex</strong></span> <span class='ocrx_word' id='word_1_190' title='bbox 892 1672 1021 1731; x_wconf 89' lang='lat' dir='ltr'><strong>parte</strong></span> <span class='ocrx_word' id='word_1_191' title='bbox 1040 1666 1302 1731; x_wconf 84' lang='lat' dir='ltr'><strong>peccantis:</strong></span> <span class='ocrx_word' id='word_1_192' title='bbox 1327 1665 1455 1729; x_wconf 75' lang='lat' dir='ltr'><strong>puta,</strong></span> <span class='ocrx_word' id='word_1_193' title='bbox 1475 1683 1579 1727; x_wconf 64' lang='lat' dir='ltr'><strong>pm·-</strong></span> 
     </span>
     <span class='ocr_line' id='line_1_23' title="bbox 0 1737 1559 1801; baseline 0.003 -18"><span class='ocrx_word' id='word_1_194' title='bbox 0 1738 119 1786; x_wconf 72' lang='lat' dir='ltr'><strong>atnm</strong></span> <span class='ocrx_word' id='word_1_195' title='bbox 163 1740 289 1801; x_wconf 88' lang='lat' dir='ltr'><strong>quod</strong></span> <span class='ocrx_word' id='word_1_196' title='bbox 314 1742 467 1788; x_wconf 82' lang='lat' dir='ltr'><strong>estex</strong></span> <span class='ocrx_word' id='word_1_197' title='bbox 493 1737 746 1801; x_wconf 82' lang='lat' dir='ltr'><strong>ignorantia</strong></span> <span class='ocrx_word' id='word_1_198' title='bbox 770 1738 841 1788; x_wconf 86' lang='lat' dir='ltr'><strong>vel</strong></span> <span class='ocrx_word' id='word_1_199' title='bbox 873 1738 1164 1801; x_wconf 79' lang='lat' dir='ltr'><strong>infirmitate,</strong></span> <span class='ocrx_word' id='word_1_200' title='bbox 1196 1741 1269 1787; x_wconf 89' lang='lat' dir='ltr'><strong>est</strong></span> <span class='ocrx_word' id='word_1_201' title='bbox 1299 1737 1446 1787; x_wconf 85' lang='lat' dir='ltr'><strong>levius</strong></span> <span class='ocrx_word' id='word_1_202' title='bbox 1479 1755 1559 1799; x_wconf 64' lang='lat' dir='ltr'><strong>pm·</strong></span> 
     </span>
     <span class='ocr_line' id='line_1_24' title="bbox 0 1809 1575 1875; baseline 0 -19"><span class='ocrx_word' id='word_1_203' title='bbox 0 1811 72 1859; x_wconf 85' lang='lat' dir='ltr'><strong>ato</strong></span> <span class='ocrx_word' id='word_1_204' title='bbox 102 1811 231 1873; x_wconf 89' lang='lat' dir='ltr'><strong>quod</strong></span> <span class='ocrx_word' id='word_1_205' title='bbox 259 1814 330 1860; x_wconf 89' lang='lat' dir='ltr'><strong>est</strong></span> <span class='ocrx_word' id='word_1_206' title='bbox 360 1824 417 1860; x_wconf 87' lang='lat' dir='ltr'><strong>ex</strong></span> <span class='ocrx_word' id='word_1_207' title='bbox 448 1815 713 1875; x_wconf 85' lang='lat' dir='ltr'><strong>contemptu</strong></span> <span class='ocrx_word' id='word_1_208' title='bbox 740 1813 816 1862; x_wconf 79' lang='lat' dir='ltr'><strong>vel</strong></span> <span class='ocrx_word' id='word_1_209' title='bbox 842 1825 899 1862; x_wconf 85' lang='lat' dir='ltr'><strong>ex</strong></span> <span class='ocrx_word' id='word_1_210' title='bbox 929 1817 1052 1861; x_wconf 87' lang='lat' dir='ltr'><strong>certa</strong></span> <span class='ocrx_word' id='word_1_211' title='bbox 1085 1809 1308 1874; x_wconf 81' lang='lat' dir='ltr'><strong>scientia3</strong></span> <span class='ocrx_word' id='word_1_212' title='bbox 1345 1814 1390 1859; x_wconf 89' lang='lat' dir='ltr'><strong>et</strong></span> <span class='ocrx_word' id='word_1_213' title='bbox 1419 1811 1575 1859; x_wconf 72' lang='lat' dir='ltr'><strong>eadem</strong></span> 
     </span>
     <span class='ocr_line' id='line_1_25' title="bbox 0 1880 1575 1943; baseline 0.003 -17"><span class='ocrx_word' id='word_1_214' title='bbox 0 1880 88 1931; x_wconf 78' lang='lat' dir='ltr'><strong>atio</strong></span> <span class='ocrx_word' id='word_1_215' title='bbox 118 1887 196 1932; x_wconf 87' lang='lat' dir='ltr'><strong>est</strong></span> <span class='ocrx_word' id='word_1_216' title='bbox 215 1883 271 1933; x_wconf 90' lang='lat' dir='ltr'><strong>de</strong></span> <span class='ocrx_word' id='word_1_217' title='bbox 294 1881 397 1934; x_wconf 79' lang='lat' dir='ltr'><strong>aliis</strong></span> <span class='ocrx_word' id='word_1_218' title='bbox 420 1882 792 1933; x_wconf 80' lang='lat' dir='ltr'><strong>circumstantiis,</strong></span> <span class='ocrx_word' id='word_1_219' title='bbox 826 1885 881 1933; x_wconf 87' lang='lat' dir='ltr'><strong>Et</strong></span> <span class='ocrx_word' id='word_1_220' title='bbox 907 1882 1156 1933; x_wconf 73' lang='lat' dir='ltr'><strong>secundum</strong></span> <span class='ocrx_word' id='word_1_221' title='bbox 1185 1883 1272 1931; x_wconf 90' lang='lat' dir='ltr'><strong>hoc</strong></span> <span class='ocrx_word' id='word_1_222' title='bbox 1291 1920 1304 1943; x_wconf 94' lang='lat'>,</span> <span class='ocrx_word' id='word_1_223' title='bbox 1331 1881 1451 1931; x_wconf 87' lang='lat' dir='ltr'><strong>istud</strong></span> <span class='ocrx_word' id='word_1_224' title='bbox 1475 1899 1503 1943; x_wconf 67' lang='grc' dir='ltr'><strong>μ</strong></span> <span class='ocrx_word' id='word_1_225' title='bbox 1523 1899 1575 1931; x_wconf 68' lang='lat'>·÷.·-</span> 
     </span>
     <span class='ocr_line' id='line_1_26' title="bbox 0 1953 1571 2018; baseline 0.001 -19"><span class='ocrx_word' id='word_1_226' title='bbox 0 1954 124 2003; x_wconf 83' lang='lat' dir='ltr'><strong>atum</strong></span> <span class='ocrx_word' id='word_1_227' title='bbox 162 1955 211 2003; x_wconf 91' lang='lat' dir='ltr'><strong>in</strong></span> <span class='ocrx_word' id='word_1_228' title='bbox 251 1954 520 2017; x_wconf 82' lang='lat' dir='ltr'><strong>quibusdam</strong></span> <span class='ocrx_word' id='word_1_229' title='bbox 548 1959 699 2018; x_wconf 88' lang='lat' dir='ltr'><strong>potest</strong></span> <span class='ocrx_word' id='word_1_230' title='bbox 724 1969 825 2006; x_wconf 87' lang='lat' dir='ltr'><strong>esse</strong></span> <span class='ocrx_word' id='word_1_231' title='bbox 855 1956 1065 2018; x_wconf 84' lang='lat' dir='ltr'><strong>gravius,</strong></span> <span class='ocrx_word' id='word_1_232' title='bbox 1093 1954 1208 2005; x_wconf 86' lang='lat' dir='ltr'><strong>sicut</strong></span> <span class='ocrx_word' id='word_1_233' title='bbox 1235 1953 1283 2003; x_wconf 92' lang='lat' dir='ltr'><strong>in</strong></span> <span class='ocrx_word' id='word_1_234' title='bbox 1307 1954 1382 2003; x_wconf 88' lang='lat' dir='ltr'><strong>his</strong></span> <span class='ocrx_word' id='word_1_235' title='bbox 1415 1955 1491 2017; x_wconf 80' lang='lat' dir='ltr'><strong>qui</strong></span> <span class='ocrx_word' id='word_1_236' title='bbox 1523 1971 1571 2003; x_wconf 63' lang='lat' dir='ltr'><strong>ni·</strong></span> 
     </span>
     <span class='ocr_line' id='line_1_27' title="bbox 0 2026 1572 2090; baseline 0.001 -21"><span class='ocrx_word' id='word_1_237' title='bbox 0 2026 142 2075; x_wconf 86' lang='lat' dir='ltr'><strong>ctuali</strong></span> <span class='ocrx_word' id='word_1_238' title='bbox 171 2030 443 2089; x_wconf 87' lang='lat' dir='ltr'><strong>contemptu</strong></span> <span class='ocrx_word' id='word_1_239' title='bbox 470 2041 575 2076; x_wconf 89' lang='lat' dir='ltr'><strong>cum</strong></span> <span class='ocrx_word' id='word_1_240' title='bbox 606 2028 880 2078; x_wconf 86' lang='lat' dir='ltr'><strong>conscientia</strong></span> <span class='ocrx_word' id='word_1_241' title='bbox 909 2027 1086 2090; x_wconf 88' lang='lat' dir='ltr'><strong>peccati</strong></span> <span class='ocrx_word' id='word_1_242' title='bbox 1113 2027 1169 2075; x_wconf 89' lang='lat' dir='ltr'><strong>ad</strong></span> <span class='ocrx_word' id='word_1_243' title='bbox 1203 2027 1292 2075; x_wconf 91' lang='lat' dir='ltr'><strong>hoc</strong></span> <span class='ocrx_word' id='word_1_244' title='bbox 1316 2038 1572 2075; x_wconf 56' lang='lat' dir='ltr'><strong>sacrameni-</strong></span> 
     </span>
     <span class='ocr_line' id='line_1_28' title="bbox 0 2096 1575 2161; baseline -0.003 -14"><span class='ocrx_word' id='word_1_245' title='bbox 0 2107 68 2143; x_wconf 82' lang='lat' dir='ltr'><strong>um</strong></span> <span class='ocrx_word' id='word_1_246' title='bbox 103 2099 360 2161; x_wconf 86' lang='lat' dir='ltr'><strong>accedunt,</strong></span> <span class='ocrx_word' id='word_1_247' title='bbox 385 2098 433 2146; x_wconf 89' lang='lat' dir='ltr'><strong>in</strong></span> <span class='ocrx_word' id='word_1_248' title='bbox 471 2098 740 2161; x_wconf 77' lang='lat' dir='ltr'><strong>quibusdam</strong></span> <span class='ocrx_word' id='word_1_249' title='bbox 776 2098 885 2148; x_wconf 81' lang='lat' dir='ltr'><strong>verb</strong></span> <span class='ocrx_word' id='word_1_250' title='bbox 920 2098 1072 2147; x_wconf 71' lang='lat' dir='ltr'><strong>minus</strong></span> <span class='ocrx_word' id='word_1_251' title='bbox 1105 2109 1272 2160; x_wconf 83' lang='lat' dir='ltr'><strong>grave,</strong></span> <span class='ocrx_word' id='word_1_252' title='bbox 1295 2096 1403 2161; x_wconf 75' lang='lat' dir='ltr'><strong>puta</strong></span> <span class='ocrx_word' id='word_1_253' title='bbox 1430 2096 1475 2145; x_wconf 88' lang='lat' dir='ltr'><strong>in</strong></span> <span class='ocrx_word' id='word_1_254' title='bbox 1511 2099 1575 2143; x_wconf 60' lang='lat' dir='ltr'><strong>tm:</strong></span> 
     </span>
     <span class='ocr_line' id='line_1_29' title="bbox 0 2166 1571 2233; baseline -0.001 -16"><span class='ocrx_word' id='word_1_255' title='bbox 0 2166 51 2226; x_wconf 19' lang='lat' dir='ltr'><strong>&gt;ui</strong></span> <span class='ocrx_word' id='word_1_256' title='bbox 81 2180 141 2218; x_wconf 86' lang='lat' dir='ltr'><strong>ex</strong></span> <span class='ocrx_word' id='word_1_257' title='bbox 167 2170 366 2233; x_wconf 86' lang='lat' dir='ltr'><strong>quodam</strong></span> <span class='ocrx_word' id='word_1_258' title='bbox 398 2169 561 2220; x_wconf 88' lang='lat' dir='ltr'><strong>timore</strong></span> <span class='ocrx_word' id='word_1_259' title='bbox 580 2209 592 2231; x_wconf 92' lang='lat'>,</span> <span class='ocrx_word' id='word_1_260' title='bbox 622 2182 679 2220; x_wconf 90' lang='lat' dir='ltr'><strong>ne</strong></span> <span class='ocrx_word' id='word_1_261' title='bbox 718 2170 1113 2233; x_wconf 82' lang='lat' dir='ltr'><strong>deprehendantur</strong></span> <span class='ocrx_word' id='word_1_262' title='bbox 1151 2168 1198 2217; x_wconf 89' lang='lat' dir='ltr'><strong>in</strong></span> <span class='ocrx_word' id='word_1_263' title='bbox 1231 2172 1417 2232; x_wconf 85' lang='lat' dir='ltr'><strong>peccato</strong></span> <span class='ocrx_word' id='word_1_264' title='bbox 1431 2204 1446 2230; x_wconf 88' lang='lat'><em>,</em></span> <span class='ocrx_word' id='word_1_265' title='bbox 1475 2183 1571 2215; x_wconf 72' lang='lat' dir='ltr'><strong>rum</strong></span> 
     </span>
     <span class='ocr_line' id='line_1_30' title="bbox 0 2238 1579 2303; baseline -0.003 -16"><span class='ocrx_word' id='word_1_266' title='bbox 0 2240 261 2289; x_wconf 70' lang='lat' dir='ltr'><strong>&lt;inscientia</strong></span> <span class='ocrx_word' id='word_1_267' title='bbox 298 2240 475 2303; x_wconf 88' lang='lat' dir='ltr'><strong>peccati</strong></span> <span class='ocrx_word' id='word_1_268' title='bbox 507 2244 560 2291; x_wconf 85' lang='lat' dir='ltr'><strong>ad</strong></span> <span class='ocrx_word' id='word_1_269' title='bbox 600 2244 690 2292; x_wconf 90' lang='lat' dir='ltr'><strong>hoc</strong></span> <span class='ocrx_word' id='word_1_270' title='bbox 726 2246 1058 2292; x_wconf 85' lang='lat' dir='ltr'><strong>sacramentum</strong></span> <span class='ocrx_word' id='word_1_271' title='bbox 1090 2241 1327 2290; x_wconf 87' lang='lat' dir='ltr'><strong>accedunt.</strong></span> <span class='ocrx_word' id='word_1_272' title='bbox 1359 2238 1436 2289; x_wconf 90' lang='lat' dir='ltr'><strong>Sic</strong></span> <span class='ocrx_word' id='word_1_273' title='bbox 1475 2255 1579 2295; x_wconf 58' lang='lat' dir='ltr'><strong>erg..</strong></span> 
     </span>
     <span class='ocr_line' id='line_1_31' title="bbox 0 2309 1579 2376; baseline 0.003 -22"><span class='ocrx_word' id='word_1_274' title='bbox 0 2312 104 2359; x_wconf 71' lang='lat' dir='ltr'><strong>»atet</strong></span> <span class='ocrx_word' id='word_1_275' title='bbox 129 2311 255 2374; x_wconf 68' lang='lat' dir='ltr'><strong>qued</strong></span> <span class='ocrx_word' id='word_1_276' title='bbox 296 2314 381 2361; x_wconf 89' lang='lat' dir='ltr'><strong>hoc</strong></span> <span class='ocrx_word' id='word_1_277' title='bbox 406 2317 643 2376; x_wconf 85' lang='lat' dir='ltr'><strong>peccatum</strong></span> <span class='ocrx_word' id='word_1_278' title='bbox 677 2318 749 2364; x_wconf 84' lang='lat' dir='ltr'><strong>est</strong></span> <span class='ocrx_word' id='word_1_279' title='bbox 795 2313 952 2363; x_wconf 85' lang='lat' dir='ltr'><strong>multis</strong></span> <span class='ocrx_word' id='word_1_280' title='bbox 982 2312 1084 2361; x_wconf 83' lang='lat' dir='ltr'><strong>aliis</strong></span> <span class='ocrx_word' id='word_1_281' title='bbox 1111 2309 1294 2375; x_wconf 86' lang='lat' dir='ltr'><strong>gravius</strong></span> <span class='ocrx_word' id='word_1_282' title='bbox 1331 2311 1579 2361; x_wconf 64' lang='lat' dir='ltr'><strong>secundnm</strong></span> 
     </span>
     <span class='ocr_line' id='line_1_32' title="bbox 0 2382 1362 2447; baseline 0.004 -20"><span class='ocrx_word' id='word_1_283' title='bbox 0 2393 107 2430; x_wconf 88' lang='lat' dir='ltr'><strong>uam</strong></span> <span class='ocrx_word' id='word_1_284' title='bbox 133 2382 339 2446; x_wconf 86' lang='lat' dir='ltr'><strong>speciem</strong></span> <span class='ocrx_word' id='word_1_285' title='bbox 360 2421 373 2444; x_wconf 93' lang='lat'>,</span> <span class='ocrx_word' id='word_1_286' title='bbox 402 2397 494 2433; x_wconf 90' lang='lat' dir='ltr'><strong>non</strong></span> <span class='ocrx_word' id='word_1_287' title='bbox 522 2389 676 2435; x_wconf 91' lang='lat' dir='ltr'><strong>tamen</strong></span> <span class='ocrx_word' id='word_1_288' title='bbox 700 2389 771 2435; x_wconf 88' lang='lat' dir='ltr'><strong>est</strong></span> <span class='ocrx_word' id='word_1_289' title='bbox 798 2386 1000 2435; x_wconf 88' lang='lat' dir='ltr'><strong>omnium</strong></span> <span class='ocrx_word' id='word_1_290' title='bbox 1025 2382 1362 2447; x_wconf 81' lang='lat' dir='ltr'><strong>gravissimum.</strong></span> 
     </span>
    </p>

    <p class='ocr_par' dir='ltr' id='par_1_3' title="bbox 0 2451 1595 2955">
     <span class='ocr_line' id='line_1_33' title="bbox 44 2451 1587 2520; baseline -0.001 -20"><span class='ocrx_word' id='word_1_291' title='bbox 44 2453 111 2501; x_wconf 76' lang='lat' dir='ltr'><strong>Ad</strong></span> <span class='ocrx_word' id='word_1_292' title='bbox 134 2454 335 2516; x_wconf 88' lang='lat' dir='ltr'><strong>primum</strong></span> <span class='ocrx_word' id='word_1_293' title='bbox 356 2468 463 2517; x_wconf 83' lang='lat' dir='ltr'><strong>crgo</strong></span> <span class='ocrx_word' id='word_1_294' title='bbox 490 2458 763 2520; x_wconf 87' lang='lat' dir='ltr'><strong>dicendum,</strong></span> <span class='ocrx_word' id='word_1_295' title='bbox 790 2456 909 2520; x_wconf 69' lang='lat' dir='ltr'><strong>quiid</strong></span> <span class='ocrx_word' id='word_1_296' title='bbox 934 2459 1172 2520; x_wconf 86' lang='lat' dir='ltr'><strong>peccatum</strong></span> <span class='ocrx_word' id='word_1_297' title='bbox 1198 2451 1383 2517; x_wconf 75' lang='lat' dir='ltr'><strong>indigne</strong></span> <span class='ocrx_word' id='word_1_298' title='bbox 1407 2467 1587 2504; x_wconf 64' lang='lat' dir='ltr'><strong>sumnu-</strong></span> 
     </span>
     <span class='ocr_line' id='line_1_34' title="bbox 0 2522 1587 2591; baseline 0.001 -21"><span class='ocrx_word' id='word_1_299' title='bbox 0 2522 94 2573; x_wconf 88' lang='lat' dir='ltr'><strong>ium</strong></span> <span class='ocrx_word' id='word_1_300' title='bbox 109 2527 202 2575; x_wconf 87' lang='lat' dir='ltr'><strong>hoc</strong></span> <span class='ocrx_word' id='word_1_301' title='bbox 223 2530 554 2576; x_wconf 82' lang='lat' dir='ltr'><strong>sacramentum</strong></span> <span class='ocrx_word' id='word_1_302' title='bbox 569 2566 582 2590; x_wconf 94' lang='lat'>,</span> <span class='ocrx_word' id='word_1_303' title='bbox 604 2533 890 2591; x_wconf 86' lang='lat' dir='ltr'><strong>comparatur</strong></span> <span class='ocrx_word' id='word_1_304' title='bbox 909 2530 1095 2591; x_wconf 87' lang='lat' dir='ltr'><strong>peccato</strong></span> <span class='ocrx_word' id='word_1_305' title='bbox 1119 2525 1418 2576; x_wconf 80' lang='lat' dir='ltr'><strong>occidentium</strong></span> <span class='ocrx_word' id='word_1_306' title='bbox 1436 2527 1587 2575; x_wconf 44' lang='lat' dir='ltr'><strong>Cinnia-</strong></span> 
     </span>
     <span class='ocr_line' id='line_1_35' title="bbox 1 2596 1595 2664; baseline 0.001 -23"><span class='ocrx_word' id='word_1_307' title='bbox 1 2607 105 2659; x_wconf 88' lang='lat' dir='ltr'><strong>um,</strong></span> <span class='ocrx_word' id='word_1_308' title='bbox 151 2596 408 2646; x_wconf 71' lang='lat' dir='ltr'><strong>secundum</strong></span> <span class='ocrx_word' id='word_1_309' title='bbox 457 2597 803 2649; x_wconf 81' lang='lat' dir='ltr'><strong>similitudinem</strong></span> <span class='ocrx_word' id='word_1_310' title='bbox 842 2600 978 2664; x_wconf 83' lang='lat' dir='ltr'><strong>(quia</strong></span> <span class='ocrx_word' id='word_1_311' title='bbox 1013 2603 1258 2663; x_wconf 87' lang='lat' dir='ltr'><strong>utrumque</strong></span> <span class='ocrx_word' id='word_1_312' title='bbox 1300 2599 1595 2648; x_wconf 72' lang='lat' dir='ltr'><strong>committitur</strong></span> 
     </span>
     <span class='ocr_line' id='line_1_36' title="bbox 0 2669 1595 2734; baseline 0.001 -20"><span class='ocrx_word' id='word_1_313' title='bbox 0 2672 133 2718; x_wconf 81' lang='lat' dir='ltr'><strong>:cntra</strong></span> <span class='ocrx_word' id='word_1_314' title='bbox 158 2682 330 2731; x_wconf 87' lang='lat' dir='ltr'><strong>corpus</strong></span> <span class='ocrx_word' id='word_1_315' title='bbox 359 2670 588 2734; x_wconf 88' lang='lat' dir='ltr'><strong>Christi),</strong></span> <span class='ocrx_word' id='word_1_316' title='bbox 619 2684 709 2721; x_wconf 86' lang='lat' dir='ltr'><strong>nen</strong></span> <span class='ocrx_word' id='word_1_317' title='bbox 735 2676 889 2721; x_wconf 85' lang='lat' dir='ltr'><strong>tamen</strong></span> <span class='ocrx_word' id='word_1_318' title='bbox 919 2670 1169 2721; x_wconf 79' lang='lat' dir='ltr'><strong>secundum</strong></span> <span class='ocrx_word' id='word_1_319' title='bbox 1199 2669 1406 2718; x_wconf 86' lang='lat' dir='ltr'><strong>criminis</strong></span> <span class='ocrx_word' id='word_1_320' title='bbox 1440 2683 1595 2731; x_wconf 74' lang='lat' dir='ltr'><strong>qnan—</strong></span> 
     </span>
     <span class='ocr_line' id='line_1_37' title="bbox 0 2737 1595 2799; baseline -0.001 -15"><span class='ocrx_word' id='word_1_321' title='bbox 0 2737 177 2791; x_wconf 63' lang='lat' dir='ltr'><strong>itatem.</strong></span> <span class='ocrx_word' id='word_1_322' title='bbox 205 2742 451 2790; x_wconf 87' lang='lat' dir='ltr'><strong>Peccatum</strong></span> <span class='ocrx_word' id='word_1_323' title='bbox 473 2742 596 2792; x_wconf 85' lang='lat' dir='ltr'><strong>enim</strong></span> <span class='ocrx_word' id='word_1_324' title='bbox 629 2743 930 2793; x_wconf 81' lang='lat' dir='ltr'><strong>occidentium</strong></span> <span class='ocrx_word' id='word_1_325' title='bbox 961 2740 1191 2791; x_wconf 85' lang='lat' dir='ltr'><strong>Christum</strong></span> <span class='ocrx_word' id='word_1_326' title='bbox 1215 2740 1304 2789; x_wconf 85' lang='lat' dir='ltr'><strong>fuit</strong></span> <span class='ocrx_word' id='word_1_327' title='bbox 1331 2739 1471 2789; x_wconf 68' lang='lat' dir='ltr'><strong>multu</strong></span> <span class='ocrx_word' id='word_1_328' title='bbox 1495 2751 1595 2799; x_wconf 57' lang='lat' dir='ltr'><strong>gin*</strong></span> 
     </span>
     <span class='ocr_line' id='line_1_38' title="bbox 0 2809 1591 2878; baseline 0.001 -21"><span class='ocrx_word' id='word_1_329' title='bbox 0 2809 85 2863; x_wconf 73' lang='lat' dir='ltr'><strong>rius</strong></span> <span class='ocrx_word' id='word_1_330' title='bbox 108 2829 120 2863; x_wconf 73' lang='grc' dir='ltr'>ε</span> <span class='ocrx_word' id='word_1_331' title='bbox 154 2811 312 2876; x_wconf 81' lang='lat' dir='ltr'><strong>primb</strong></span> <span class='ocrx_word' id='word_1_332' title='bbox 338 2811 521 2874; x_wconf 86' lang='lat' dir='ltr'><strong>quidem</strong></span> <span class='ocrx_word' id='word_1_333' title='bbox 540 2849 554 2871; x_wconf 93' lang='lat'>,</span> <span class='ocrx_word' id='word_1_334' title='bbox 588 2814 694 2878; x_wconf 87' lang='lat' dir='ltr'><strong>quia</strong></span> <span class='ocrx_word' id='word_1_335' title='bbox 722 2815 833 2865; x_wconf 89' lang='lat' dir='ltr'><strong>illud</strong></span> <span class='ocrx_word' id='word_1_336' title='bbox 863 2818 1100 2878; x_wconf 85' lang='lat' dir='ltr'><strong>peccatum</strong></span> <span class='ocrx_word' id='word_1_337' title='bbox 1125 2811 1215 2862; x_wconf 83' lang='lat' dir='ltr'><strong>fuit</strong></span> <span class='ocrx_word' id='word_1_338' title='bbox 1245 2814 1407 2862; x_wconf 85' lang='lat' dir='ltr'><strong>contra</strong></span> <span class='ocrx_word' id='word_1_339' title='bbox 1429 2823 1591 2871; x_wconf 57' lang='lat' dir='ltr'><strong>cernue</strong></span> 
     </span>
     <span class='ocr_line' id='line_1_39' title="bbox 0 2883 1587 2955; baseline -0.001 -22"><span class='ocrx_word' id='word_1_340' title='bbox 0 2883 156 2937; x_wconf 78' lang='lat' dir='ltr'><strong>Christi</strong></span> <span class='ocrx_word' id='word_1_341' title='bbox 197 2885 252 2934; x_wconf 87' lang='lat' dir='ltr'><strong>in</strong></span> <span class='ocrx_word' id='word_1_342' title='bbox 287 2883 443 2948; x_wconf 84' lang='lat' dir='ltr'><strong>specie</strong></span> <span class='ocrx_word' id='word_1_343' title='bbox 481 2887 695 2952; x_wconf 82' lang='lat' dir='ltr'><strong>propria,</strong></span> <span class='ocrx_word' id='word_1_344' title='bbox 728 2888 818 2937; x_wconf 87' lang='lat' dir='ltr'><strong>hoc</strong></span> <span class='ocrx_word' id='word_1_345' title='bbox 848 2890 1001 2937; x_wconf 85' lang='lat' dir='ltr'><strong>antem</strong></span> <span class='ocrx_word' id='word_1_346' title='bbox 1042 2888 1280 2951; x_wconf 87' lang='lat' dir='ltr'><strong>peccatum</strong></span> <span class='ocrx_word' id='word_1_347' title='bbox 1328 2887 1402 2955; x_wconf 71' lang='lat' dir='ltr'><strong>est</strong></span> <span class='ocrx_word' id='word_1_348' title='bbox 1435 2887 1587 2935; x_wconf 59' lang='lat' dir='ltr'><strong>contra</strong></span> 
     </span>
    </p>
   </div>
   <div class='ocr_carea' id='block_1_3' title="bbox 1221 2983 1404 3042">
    <p class='ocr_par' dir='ltr' id='par_1_4' title="bbox 1221 2983 1404 3042">
     <span class='ocr_line' id='line_1_40' title="bbox 1221 2983 1404 3042; baseline 0.016 -11"><span class='ocrx_word' id='word_1_349' title='bbox 1221 3015 1253 3042; x_wconf 40' lang='grc' dir='ltr'><strong>,ρ</strong></span> <span class='ocrx_word' id='word_1_350' title='bbox 1320 2983 1404 3034; x_wconf 80' lang='lat'><strong>11*</strong></span> 
     </span>
    </p>
   </div>
  </div>
 </body>
</html>
