1942 3284
120 142 165 190 tto
296 152 356 191 rm
370 152 411 199 ιιι,
427 150 523 197 oomsr.
536 150 631 199 cmm,
645 150 701 189 ιιι.
718 152 736 187 ι.

117 227 160 275 art.
175 229 199 286 t,
212 225 240 275 ad
254 226 266 272 ι
278 224 302 286 t,
316 222 391 274 anima
406 223 492 273 Christi
511 227 546 273 est
558 222 581 271 in
598 224 642 273 hoc
660 224 807 273 sacramento
818 230 848 270 ex
859 214 907 267 retii

118 295 301 359 concomitantia,
316 296 430 359 quianon
446 296 547 345 estsine
563 307 674 357 corpore,
696 306 741 345 non
757 296 839 345 antem
850 302 878 340 cr
897 315 902 332 ι

118 368 302 419 consecrationis.
320 369 349 417 Et
359 367 423 429 ideo,
437 367 457 417 si
468 372 523 417 tunc
535 366 618 417 inisset
631 368 851 419 hocsacrarffltum
878 385 894 404 ιι

117 444 229 489 servatum
242 439 279 489 vel
288 441 416 503 peractum,
431 439 521 501 quando
535 437 611 487 anima
624 440 674 487 erat
692 437 706 487 a
719 450 814 500 corpore
833 432 881 484 reati

118 515 236 575 separata,
249 524 293 561 non
307 511 388 561 fuisset
399 510 475 559 anima
490 508 576 560 Christi
590 510 632 559 snb
643 511 688 559 troc
704 510 861 565 sacramento,
873 516 910 553 oon

117 586 209 645 propter
221 582 336 633 deiectam
354 581 445 633 virtutis
462 582 590 643 verboram,
601 582 642 631 scd
658 585 750 645 propter
760 580 831 630 aliam
843 577 910 640 dispo

118 652 222 703 sitionem
238 654 281 703 rei.

344 925 509 996 constit]
527 926 682 991 LXXXII.

118 1069 152 1115 Dc
167 1069 282 1115 ministro
295 1069 372 1126 iujos
386 1070 551 1119 sacramenti,
561 1069 590 1115 ic
603 1068 682 1114 decom
696 1068 812 1115 articulos
827 1065 911 1112 dicito.

148 1216 233 1267 Deinde
247 1217 436 1267 considerandum
453 1220 490 1268 est
503 1218 531 1267 de
543 1216 646 1268 ministro
656 1217 728 1282 trojus
740 1214 881 1267 sacramenti.

148 1288 177 1337 Et
189 1288 248 1337 circa
264 1289 309 1339 troc
322 1293 454 1350 queruntur
467 1290 545 1339 decem
562 1303 568 1338 ι
589 1292 616 1338 10
629 1287 710 1338 Utmm
728 1300 859 1339 consecrare
872 1286 910 1333 troc

118 1362 284 1409 sacramentum
300 1359 331 1409 sit
344 1359 460 1423 proprium
478 1359 611 1410 sacerdotis.
634 1363 662 1408 ιο
682 1358 763 1409 Utriim
781 1360 857 1424 plnres
878 1368 908 1404 sr-

117 1431 222 1481 cordotes
235 1430 304 1480 simol
314 1430 404 1493 possint
415 1430 517 1481 eamdem
531 1432 629 1481 hostiam
644 1444 786 1483 consecrare.
802 1435 829 1480 ιο
838 1426 908 1481 Utinm

117 1502 257 1567 dispensatio
272 1502 342 1567 hujus
356 1502 490 1553 sacramenti
505 1502 617 1567 pertineat
634 1504 662 1553 ad
679 1504 753 1553 solum
768 1502 905 1553 sacerdotem.
937 1496 940 1571 ι

117 1577 143 1623 4⁰
162 1574 241 1626 Utrirm
264 1574 332 1626 liceat
349 1574 459 1627 sacerdoti
474 1575 617 1627 consecranti
633 1574 644 1625 t
661 1575 823 1625 communione
842 1569 903 1623 aisti·

118 1661 180 1699 nerc.
197 1652 224 1697 5⁰
236 1644 315 1697 Utrim
329 1647 432 1698 sacerdos
444 1651 552 1711 peccator
564 1648 638 1712 possit
649 1648 762 1698 conticere
780 1648 825 1697 hoc
838 1654 905 1695 saorr-
938 1690 939 1701 ἢ

117 1724 228 1771 mentum.
245 1726 271 1769 6⁰
289 1719 369 1771 Utrim
385 1721 454 1771 missa
472 1720 528 1771 mali
541 1720 664 1770 sacerdotis
675 1718 752 1769 minirs
765 1712 904 1779 valeatqnio
939 1708 940 1731 ¹

116 1791 181 1842 boni.
197 1796 224 1840 7⁰
237 1789 315 1842 Utrirm
326 1791 442 1851 haretici,
454 1790 593 1841 schismatici
607 1790 645 1841 vei
658 1790 849 1841 excommunicati
860 1798 905 1852 pos·

117 1863 164 1913 sint
178 1864 288 1914 conticere
303 1864 347 1911 hoo
358 1867 533 1913 sacmmcntnm.
544 1868 570 1912 8⁰
578 1862 659 1913 Utrirm
668 1862 794 1926 degradati.
806 1858 904 1911 ennom

117 1936 215 1996 peccem
228 1931 335 1982 atalihos
348 1934 531 1984 communionem
547 1933 693 1998 recipientes.
705 1938 747 1983 ιιιθ
761 1933 841 1984 Utrim
848 1927 902 1981 neeri

117 2003 230 2055 sacerdoti
242 2002 335 2055 omnino
352 2003 366 2053 a
382 2004 533 2056 celebratione
546 2005 667 2055 abstinere.

418 2185 578 2237 ARTICULUS
595 2187 612 2235 1.

121 2308 207 2353 Utrim
222 2308 367 2353 comecrotio
382 2310 456 2366 trojus
471 2313 616 2355 sacramenti
632 2311 768 2367 sitproprr'a
782 2306 897 2356 smmum

147 2435 181 2485 ιι]
205 2434 302 2499 primum
326 2436 361 2485 sic
381 2434 511 2500 proceditur
521 2434 566 2499 (t).
581 2436 674 2487 Videtur
692 2436 753 2499 qood
776 2430 897 2488 consecratio

116 2506 185 2570 hujus
200 2507 336 2557 sacramenti
348 2521 394 2558 non
410 2508 440 2558 sit
451 2507 544 2571 propria
558 2508 689 2559 sacerdotis.
705 2510 792 2559 Dictum
802 2511 835 2558 cst
847 2503 895 2555 eoin

116 2578 184 2642 sopra
203 2579 257 2642 (qu.
273 2582 316 2640 ta,
332 2585 375 2630 art.
393 2583 440 2642 ι),
454 2578 516 2643 qood
531 2580 574 2629 hoc
592 2584 757 2631 sacramentum
771 2578 895 2637 consecratur

150 2737 184 2802 (r)
196 2743 229 2787 m
245 2742 281 2787 ms
292 2742 362 2788 stram
375 2744 418 2801 nv,
432 2742 509 2791 sem..
523 2744 577 2789 arsi.
591 2742 630 2801 ra,
646 2756 685 2801 qu.
706 2741 730 2801 ι,
743 2747 786 2788 m.
803 2740 825 2802 ι,
836 2746 895 2795 ques·

117 2803 231 2859 tinnc.1;
249 2811 273 2851 ct
286 2804 391 2863 discor,
405 2819 447 2863 qu.
463 2806 486 2864 3,
502 2811 545 2851 art.
566 2806 590 2865 3,
609 2807 746 2863 questiunc-
760 2805 784 2864 t,
800 2805 892 2857 incarn:
939 2860 940 2869 ἵ

32 2935 33 2940 ¹
118 2871 142 2917 ct
152 2866 206 2913 dist.
216 2867 256 2927 24,
270 2880 311 2927 qu.
323 2869 347 2929 2,
362 2874 406 2914 art.
418 2868 444 2927 1,
456 2870 595 2925 questione.
607 2869 631 2931 ἰ,
647 2875 671 2916 et
684 2875 728 2915 art.
740 2868 764 2913 tt.

77 3142 205 3225 A
