1942 3284
252 181 285 218 tt!
301 178 401 218 Mimo
417 178 637 222 summatum
813 171 842 218 87

63 260 90 306 est
98 259 190 308 muema
202 255 283 307 unedo
298 255 441 321 punitentia
458 257 494 308 Ex
504 257 575 308 tritus
585 260 660 308 antam
673 254 741 319 aliie,
753 257 841 322 baptis-

65 343 103 380 uns
113 329 322 393 confirmationem,
338 333 362 380 et
379 329 521 382 confirmatio
535 329 696 382 eucharistiam
712 330 861 395 precedit.)¹

85 403 206 468 ltespondeo
219 403 353 459 dicendum,
363 401 423 466 qudd
433 402 490 454 ratio
502 402 587 454 ordinis
598 406 790 454 sacramentorum
802 417 843 467 ap-

61 478 111 536 paret
122 487 148 524 ax
158 475 194 525 tris
211 487 264 538 quae
278 473 348 538 suprtr
360 474 419 524 dicta
431 478 485 525 sunt
496 475 547 538 (art.
563 474 597 539 t).
608 475 675 536 Nam,
689 474 747 526 sicut
761 490 843 526 unum

61 549 89 594 est
98 547 154 609 prius
165 545 233 610 qndm
245 546 385 608 multitudo,
402 546 435 597 ita
448 550 589 597 sacramenta
602 549 652 610 qia
668 546 802 598 ordinantur
815 546 843 597 ad

61 618 205 680 pefectionem
223 618 293 668 nnius
314 631 429 682 persona,
447 618 578 669 naturaliter
591 619 722 683 precedunt
741 633 768 670 ea
789 633 842 682 qua

63 690 174 740 ordinantur
190 692 219 741 ad
230 690 396 755 perfectionem
409 691 569 742 multitudinis.
584 693 614 742 Et
625 691 677 742 ideo
691 690 770 742 mumd
784 691 845 744 iuter

64 766 182 812 usamenta
197 765 316 826 ponuntur
329 763 384 814 ordo
401 767 425 813 et
444 762 692 828 nutrimentumque
712 764 844 814 ordinantur

63 832 85 882 ad
99 834 244 885 multitudinis
259 835 439 900 perfectionem3
450 834 619 886 matrimonium
630 837 707 885 tamen
718 838 771 899 post
784 835 845 886 ordi-

61 916 110 968 nem,
119 917 145 955 eo
157 906 218 968 qndd
229 907 307 958 miuus
321 906 443 972 participat
457 907 584 958 duratione
599 907 725 972 spiritualis
739 907 800 970 uita,
815 907 843 957 ad

60 989 116 1039 mam
132 978 263 1030 ordinantur
285 983 435 1031 sacramenta.
452 981 512 1031 lnter
526 993 553 1030 ea
572 979 626 1032 vend
642 992 693 1043 que
712 979 846 1029 ordinantur

60 1049 82 1097 ad
97 1051 252 1114 perlectionem
272 1051 342 1102 nnius
359 1065 476 1116 persone,
493 1051 623 1102 naturaliter
639 1055 692 1102 sunt
713 1051 789 1114 priora
806 1049 844 1100 illa

59 1133 100 1183 oua
113 1135 151 1186 per
165 1137 190 1174 se
208 1123 342 1174 ordinantur
352 1125 380 1174 ad
391 1123 553 1187 perfectionem
566 1122 690 1188 spiritualis
700 1123 762 1181 uitae,
774 1122 844 1186 quim

59 1190 90 1242 illa
98 1209 144 1257 qne
157 1196 288 1246 ordinantur
306 1209 347 1260 per
362 1196 483 1260 accidens,
495 1195 579 1246 scilicet
593 1195 621 1244 ad
632 1194 795 1246 removendum
807 1205 845 1242 ac·

62 1263 125 1316 cidens
139 1268 245 1319 nmirum
265 1268 444 1332 superveniens,
460 1267 586 1332 cujusmodi
605 1269 658 1317 sunt
671 1265 805 1330 poenitentia
822 1270 845 1316 et

61 1340 145 1388 extrema
152 1340 240 1391 unctio.
249 1340 368 1391 Posterior
373 1344 451 1390 umen
460 1343 496 1390 est
506 1339 638 1390 naturaliter
646 1342 746 1389 extrema
756 1336 843 1401 unctio,

61 1421 102 1470 que
111 1415 250 1462 consummat
262 1411 421 1476 sanationem,
436 1409 584 1476 poenitendi,
598 1424 650 1475 qna
670 1410 771 1460 inchoat.
785 1411 847 1460 lnter

63 1478 154 1533 clavero
170 1482 215 1534 tria
228 1482 375 1534 manifestum
388 1487 424 1534 est
439 1485 500 1548 quod
518 1482 662 1548 baptismus,
677 1481 716 1547 qui
730 1485 765 1532 est
777 1481 846 1547 spiri-

66 1553 280 1621 tumngemratio,
295 1559 333 1606 est
346 1555 422 1620 pride,
435 1561 461 1607 et
473 1556 554 1607 deinde
568 1553 723 1618 confirmatio,
739 1567 790 1618 qua
807 1568 845 1606 or·

69 1623 136 1678 dinam
146 1631 175 1680 ad
186 1628 308 1680 formalem
319 1628 482 1692 perfectionem
496 1627 600 1688 virtutis;
614 1629 637 1677 at
652 1627 795 1689 postmodum
807 1639 847 1677 eu·

65 1694 162 1762 misto,
173 1713 227 1764 quae
240 1699 356 1751 ordinatur
368 1699 398 1750 ad
409 1699 596 1750 consecutionem
615 1697 676 1748 linis.

87 1771 225 1836 ltprimum
238 1784 293 1835 ergo
307 1770 441 1833 dicendum,
457 1769 518 1835 qood
532 1767 708 1830 matrimonium,
722 1768 847 1820 secundum

61 1841 108 1903 dudd
119 1844 234 1894 ordinatur
253 1844 282 1893 ad
296 1842 416 1894 animalem
427 1844 514 1908 uitam,
527 1847 561 1893 est
578 1845 664 1894 natura
681 1841 793 1905 officiunt3
807 1843 847 1893 sed

61 1915 169 1966 erundum
179 1915 242 1979 qnod
254 1917 323 1966 habet
336 1916 421 1980 aliquid
431 1913 613 1980 spiritualitatis,
623 1918 658 1966 ost
672 1917 847 1964 sacramentum.

62 1983 140 2050 ftqnia
150 1986 272 2039 minimum
282 1989 353 2039 habet
366 1988 394 2038 de
403 1987 579 2052 spiritualitate,
592 1985 674 2038 ultimd
686 1985 778 2050 ponitur
789 1985 849 2036 inter

61 2063 199 2110 munerea.

84 2133 113 2182 td
121 2132 245 2182 semndnm
254 2131 377 2182 dicendum
384 2169 391 2192 ,
398 2131 461 2196 qudd
470 2131 499 2183 ad
508 2133 553 2181 hoe
562 2129 623 2194 qndd
633 2129 718 2194 aliquid
729 2129 759 2181 sit
769 2143 847 2196 agens,

60 2204 228 2268 presupponitnr
240 2202 302 2266 qudd
320 2203 350 2254 sit
367 2203 393 2253 in
405 2217 430 2254 so
441 2203 577 2268 perfeetum.
591 2201 621 2250 Et
639 2203 691 2253 ideo
703 2203 777 2267 priora
794 2207 849 2254 sunt

60 2279 186 2326 ammenta
204 2274 288 2338 quidm
307 2273 388 2339 niquis
405 2277 430 2324 in
454 2273 529 2338 seipso
548 2272 672 2338 pertlcitur,
689 2273 756 2336 qnam
775 2287 850 2325 sacra-

59 2350 148 2396 mentum
162 2345 263 2406 ordinis,
277 2359 323 2410 quo
336 2346 418 2410 aliqms
430 2345 576 2396 constituitur
585 2345 699 2410 perfector
711 2346 817 2396 aliorum.

84 2419 114 2468 td
132 2420 228 2469 tertium
238 2417 366 2481 dicendum,
385 2419 445 2483 quod
458 2418 622 2468 nutrimentum
637 2421 661 2468 et
672 2419 782 2482 precedit
795 2431 850 2483 ang·

60 2493 162 2551 nentnm,
178 2491 238 2542 sicnt
257 2503 327 2540 musa
340 2491 406 2554 ejus,
419 2494 443 2541 et
453 2489 598 2554 subsequitur
612 2492 758 2554 augmentum
766 2527 774 2553 ,
791 2492 852 2542 sicut

61 2574 187 2613 tmsoruans
199 2562 317 2613 hominem
328 2561 353 2611 in
363 2563 464 2626 perfecta
477 2561 605 2626 quantitate
619 2565 642 2612 et
656 2561 749 2612 virtute.
760 2561 789 2612 Et
801 2563 851 2614 ideo

26 2672 27 2689 t
61 2637 125 2696 potest
139 2635 280 2687 eucharistia
297 2635 404 2698 promitti
416 2633 643 2698 confirmationi,t
617 2638 643 2685 ut
656 2633 777 2699 ttionpsius
796 2635 851 2685 lacit

61 2703 124 2757 iulii
136 2710 173 2759 De
181 2706 278 2758 Eccler
286 2706 350 2756 frier.
364 2707 424 2772 (cap.
435 2710 483 2757 aet
496 2707 530 2771 t),
541 2710 565 2757 ot
573 2708 649 2770 potest
661 2705 783 2770 postponi,
794 2706 851 2758 siout

26 2830 27 2841 ,
62 2775 155 2840 Magister
167 2779 242 2830 lacit
236 2792 261 2828 ιιι
272 2779 313 2828 lV.
326 2779 499 2830 sententiarum.

86 2851 115 2900 td
126 2856 229 2915 quartum
241 2849 362 2900 dicandum
369 2849 453 2915 ,qndd
469 2849 527 2901 ratio
538 2850 577 2900 itta
589 2849 652 2914 recti
665 2849 817 2913 procederet,
832 2849 852 2900 si

26 2968 27 2987 2
65 2922 222 2982 ponendam
236 2921 375 2975 necessitate
393 2922 572 2987 reorumreturn
572 2909 755 2986 tpreparatoria
768 2920 797 2972 od
811 2933 853 2970 eu·
