1942 3284
289 175 319 212 D!
335 175 389 214 md
406 175 481 214 EUfflS
498 176 656 216 minmi-
824 168 871 214 W!

54 250 174 316 jusmodi
183 249 310 300 -ineuinrete
322 255 492 316 consecrentur,
507 265 553 302 nun
567 254 675 316 quierint
691 253 770 318 gretie
778 267 872 319 suscep

55 325 129 386 tiva,
146 323 187 374 sed
200 322 255 385 quie
268 335 296 372 ex
310 323 479 374 consecratione
496 324 652 388 adipiscuntur
668 326 789 388 quamdam
803 326 872 389 spiri·

55 395 157 444 tualem
169 394 277 442 uirtutem
288 431 294 455 ,
306 406 347 456 per
361 407 428 456 uuam
443 398 499 459 apte
512 396 635 445 redduntur
648 395 725 446 divino
748 397 832 459 cultui3
848 401 873 447 nt

56 465 160 516 scilicet
176 465 282 516 homiues
303 466 448 520 devotionem
462 468 581 529 quamdam
593 468 676 517 exinde
692 467 835 531 percipiant,
845 473 872 520 ut

55 537 109 588 sint
126 537 258 600 paratiores
272 537 300 586 ad
314 538 391 588 divine
403 539 447 588 uisi
457 542 502 589 hoc
514 543 606 603 propter
616 540 785 591 irreverentiam
799 541 874 606 irnpe-

57 610 154 660 diatur.
171 611 236 660 Unde
252 614 275 660 et
288 611 308 660 ΙΙ
322 611 538 668 narrandorum,
550 625 600 676 cup.
615 616 643 673 3,
659 613 761 663 dicitur:
783 630 797 660 u
816 614 873 666 Vere

57 681 103 730 Dei
127 681 205 730 virtus
222 682 323 744 quaedam
343 685 378 732 est
390 682 413 732 in
425 683 490 744 iocu;
504 696 558 733 nam
571 683 620 746 ipse
632 684 672 747 uui
685 685 755 734 habet
769 683 794 734 in
807 685 872 735 coelis

55 751 248 814 habitat-ionem,
264 753 368 802 visitatur
383 755 407 804 et
426 754 516 818 adjutor
530 758 566 804 est
587 755 632 818 loci
645 755 715 806 illins.
737 772 751 803 n
769 757 796 805 iit
818 756 873 807 inde

57 826 113 883 est,
141 823 205 886 qubd
227 825 359 887 hujusmodi
383 829 435 876 aute
462 826 658 879 consecrationem
681 828 831 877 emundantur
850 831 874 878 et

60 895 242 956 exorcizantur,
259 899 285 946 ut
297 897 378 948 exinde
392 897 464 948 virtus
482 897 569 948 inimici
586 899 691 962 pellatur.
704 901 732 948 iit
745 899 824 950 eadem
836 912 874 949 re-

59 967 133 1018 tione
147 967 252 1019 ecclesie
269 983 319 1030 uuae
334 969 450 1032 sanguinis
474 970 584 1020 eiiusiune
603 975 642 1020 aut
655 971 818 1034 cujuscumque
838 985 875 1023 se·

63 1040 136 1090 mine
156 1039 251 1102 pollutae
270 1040 369 1102 inerint,
383 1041 574 1103 reconcilientur,
586 1042 639 1105 quia
657 1056 698 1105 per
710 1048 827 1106 peccatum
842 1043 874 1094 ibi

58 1111 221 1161 commissum
235 1116 327 1176 apparet
341 1112 373 1161 ibi
389 1112 463 1176 alique
478 1114 581 1177 operatio
599 1113 695 1164 inimici.
708 1115 804 1178 Propter
813 1116 872 1177 quod

61 1183 143 1232 etiam
156 1183 181 1232 in
200 1183 278 1234 cadem
300 1184 445 1235 distinctione
459 1185 541 1247 legitur
559 1201 564 1234 :
584 1202 599 1232 «
613 1185 725 1236 Ecclesiae
740 1186 873 1243 Arianorum

61 1255 210 1318 ubicumque
224 1255 358 1306 inveneritis
369 1256 506 1320 cutbulicas,
518 1270 557 1307 eas
567 1257 652 1308 divinis
664 1258 772 1320 precibus
785 1260 809 1307 et
819 1270 875 1321 ope·

61 1327 136 1378 ribus
155 1328 239 1391 absque
256 1329 299 1378 ulie
312 1341 374 1378 mura
389 1334 528 1379 consecrate.
545 1331 607 1380 Unde
622 1335 646 1380 et
662 1330 754 1394 quidam
771 1329 875 1394 pmbubi-

62 1398 122 1450 liter
138 1399 233 1464 dicunt,
248 1401 307 1464 quod
324 1413 366 1463 per
379 1401 505 1463 ingressum
520 1401 629 1452 Ecclesiae
641 1406 778 1452 consecratu
788 1439 794 1463 ,
806 1403 875 1453 bomo

65 1471 222 1533 consequitur
236 1472 394 1522 remissionem
412 1475 557 1535 peccaturum
576 1472 700 1522 venialium
719 1472 779 1522 sicut
799 1475 822 1522 et
834 1485 876 1536 per

65 1543 230 1605 aspersionem
250 1556 314 1606 eque
337 1543 477 1604 benedicte,
496 1544 629 1594 inducentes
649 1544 710 1606 quud
732 1544 757 1592 in
778 1544 874 1594 Pcolm.

67 1613 200 1676 LXXXIV,
216 1614 297 1664 dicitur
314 1629 320 1663 ε
334 1631 348 1662 «
359 1615 511 1675 benedixisti,
525 1616 634 1677 Domine,
650 1614 734 1664 terram
749 1619 827 1675 tuam,
839 1629 876 1665 re·

68 1685 158 1735 misisti
172 1685 313 1748 iniquitatem
329 1685 403 1750 plebis
417 1689 471 1736 tuae.
492 1701 507 1732 n
523 1686 553 1734 Et
569 1686 620 1736 ideo
641 1690 732 1750 propter
747 1687 857 1735 virtutem
866 1722 874 1748 ,

67 1771 124 1820 quae
136 1770 165 1807 er
176 1758 347 1809 consecratione
359 1757 461 1808 ecclesie
474 1757 608 1819 acquiritur,
619 1756 761 1808 consecratio
773 1756 875 1807 ecclesie

69 1829 241 1892 non‘iterutnr3
253 1832 315 1882 unde
326 1829 350 1879 in
364 1831 441 1880 eedem
461 1828 651 1879 distinctionem
671 1829 769 1878 concilio
783 1828 876 1880 Niceuo

72 1899 159 1965 legitur
171 1917 177 1949 :
191 1918 205 1948 n
218 1901 328 1952 Ecclesiis
347 1901 417 1950 semel
436 1901 482 1952 beo
496 1903 634 1950 consecratis
647 1914 694 1950 nou
708 1901 774 1951 debet
793 1899 876 1950 iterum

71 1973 214 2024 consecratio
234 1972 351 2036 adhiberi,
369 1971 414 2022 uiri
432 1975 471 2021 aut
488 1972 517 2021 ab
530 1971 582 2034 igne
598 1975 686 2022 exustas
705 1975 745 2021 unt
759 1972 877 2035 sanguinis

70 2043 186 2094 effusione
200 2047 239 2092 aut
251 2043 417 2107 cujuscumque
432 2043 519 2094 semiue
531 2043 624 2106 puliutae
636 2044 737 2093 ineunt:
748 2043 802 2106 quie
816 2043 877 2093 sicut

68 2115 152 2164 inians
168 2114 181 2164 a
193 2115 350 2178 qualicumque
365 2115 482 2166 sacerdote
499 2115 631 2164 innomine
646 2115 737 2179 Putris,
753 2118 777 2165 et
790 2114 842 2164 Filii
853 2118 877 2164 et

73 2186 176 2248 Spiritus
189 2187 261 2236 sancti
272 2188 343 2237 semei
359 2185 558 2250 baptizaremur
573 2187 642 2236 debet
651 2187 735 2236 iterum
748 2185 875 2250 baptizem

75 2258 110 2307 ita
125 2270 168 2306 nec
177 2257 240 2307 locus
248 2259 294 2308 Deo
306 2255 394 2307 dicatus
403 2261 437 2307 est
446 2257 528 2306 iterum
537 2258 719 2319 consecrandus,
729 2258 775 2307 nisi
784 2262 878 2321 propter

75 2341 116 2378 eus
129 2341 211 2378 causas
225 2341 281 2392 ques
292 2327 397 2394 superius
408 2327 588 2390 nominavimus,
601 2328 620 2378 si
630 2333 706 2378 tannen
715 2328 782 2378 iidem
795 2331 878 2377 sancte

76 2400 198 2449 Trinitatis
215 2400 330 2450 tenuerint
345 2399 384 2462 qui
402 2403 606 2462 consecraverunt,
620 2416 634 2446 n
653 2397 753 2462 alioquin
771 2399 879 2461 quisunt

78 2475 141 2520 extra
154 2469 279 2520 Ecclesiam
298 2481 431 2521 consecrare
450 2482 496 2519 nun
510 2475 612 2532 pessunt.
627 2469 672 2520 Sed
689 2470 748 2519 sicut
761 2470 786 2518 in
799 2469 878 2519 eadem

76 2542 222 2593 distinctione
234 2542 317 2605 iegitur
331 2558 337 2591 ι
351 2560 364 2588 «
378 2541 484 2592 Ecclesiae
497 2543 535 2591 vel
548 2543 625 2592 altaria
639 2555 689 2604 qne
704 2542 810 2603 ambigue
824 2543 879 2589 sunt

77 2616 105 2664 de
117 2613 298 2673 consecratione,
310 2617 505 2664 consecrentur.»
519 2615 613 2676 Propter
622 2616 666 2664 hoc
678 2611 826 2675 etiam,qubd
835 2611 877 2660 ali-

78 2699 145 2748 quam
159 2685 299 2748 spiritualem
317 2685 422 2734 virtutem
438 2684 596 2748 adipiscuntur
609 2699 650 2749 per
668 2683 875 2743 consecrationem,
954 2718 955 2731 r

76 2755 101 2805 in
124 2758 203 2807 eadem
218 2754 360 2807 distinctione
373 2759 481 2806 statutum
496 2756 579 2819 iegitur
594 2772 599 2804 :
613 2774 626 2804 n
637 2757 709 2819 Ligna
720 2753 821 2804 ecclesie
838 2753 878 2802 de·

78 2828 150 2878 dicata
167 2841 214 2876 nun
230 2827 312 2876 debent
333 2829 360 2878 ad
375 2827 436 2876 aliud
450 2839 509 2890 opus
520 2828 601 2891 jungi,
616 2827 662 2876 nisi
680 2827 708 2875 ad
724 2825 790 2874 eiiam
804 2823 877 2873 eecle-

78 2899 147 2961 siam,
164 2898 202 2949 rei
219 2900 267 2960 igni
281 2899 447 2962 comburenda,
464 2899 501 2950 vel
515 2899 542 2947 ad
556 2899 683 2961 proiectum
697 2897 723 2946 in
742 2893 879 2946 monasterio
