1942 3284
131 223 162 257 nn
178 221 379 272 cracuracrsmns,
397 223 452 266 oum
469 223 601 262 mncnssra
617 224 760 261 nnrrrssus.
801 215 846 260 loa

50 300 120 346 uinea
133 296 246 348 dixerunt
258 298 317 361 qubd
334 311 384 348 nou
394 299 551 350 conterebatur
564 299 650 363 gratia,
661 301 702 350 sed
717 299 789 350 solbrn
805 312 847 349 aa·

48 367 159 418 terebatur
168 373 307 432 peecatum
320 371 380 433 qnod
394 371 500 434 lluglster
511 371 611 435 ponitin
619 373 639 432 l,
651 371 703 422 dra.
719 373 754 430 ll,
767 373 847 426 Sept..

48 443 69 487 et
79 441 159 496 llom„
173 441 215 501 lV,
237 441 262 490 in
272 441 359 492 Glosse.
373 442 417 492 Sed
432 443 476 493 boc
495 455 541 492 non
555 446 701 506 potestesse,
714 443 768 505 cula
782 443 848 505 culpa

49 522 89 558 non
100 510 229 560 remittitur
249 512 293 562 nisi
306 527 347 576 per
367 513 471 577 pretium,
486 514 611 564 secundum
631 515 687 564 illud
705 517 787 572 llum,
798 515 847 563 lll:

49 597 61 626 u
74 580 195 632 inutilitati
214 584 287 646 gratis
306 584 468 648 pergratiam,
485 602 499 631 u
514 589 560 635 etc.
577 586 606 634 lit
620 586 672 636 ideo
688 586 727 635 alii
743 586 849 635 dixerunt

48 651 101 714 qndd
121 666 164 716 per
189 655 394 706 circumcisionem
417 657 575 706 conterebatur
596 657 668 720 gratia
687 657 798 721 quantine
819 657 849 707 ud

51 724 136 776 ellectus
149 729 283 778 remotlvos
298 729 385 793 culpe,
401 731 440 780 sed
454 743 500 780 non
512 730 622 794 quentin
639 731 668 779 ad
681 732 775 781 ellectas
787 729 849 795 posi-

52 795 115 858 tivus,
129 811 161 847 ne
173 803 315 861 cogerentur
332 801 406 852 dicere
421 800 481 864 quod
495 803 569 863 grotta
582 801 606 850 in
623 801 794 852 circumcisione
804 801 850 850 ccl·

49 865 88 914 latu
99 867 272 919 sufficiebatud
286 870 426 935 implendum
438 873 544 922 mandata
561 872 627 933 legis,
641 876 664 922 et
677 872 710 921 itu
723 873 850 935 superlluus

46 937 107 987 luerit
114 939 239 990 adventus
246 941 340 992 Christi.
349 943 391 992 Sed
406 944 454 994 bec
465 943 535 992 etiam
544 943 628 1007 positio
637 947 697 993 sture
708 955 752 994 non
763 946 847 1006 potest.

46 1007 115 1058 Prinrb
124 1010 237 1073 quidem,
249 1012 301 1076 qni-u
309 1025 350 1076 per
356 1013 555 1064 circumcisionem
564 1014 658 1064 dabatur
665 1015 743 1077 pneris
751 1015 850 1063 facultas

46 1091 82 1128 suo
95 1085 206 1144 ternpore
221 1083 370 1147 perveniendi
383 1085 411 1134 ad
424 1084 589 1149 gloriamque
601 1090 636 1135 est
650 1086 743 1136 ultimus
755 1085 850 1135 effeetus

47 1149 157 1210 positivus
174 1153 266 1216 grntiae.
278 1153 391 1214 Secundi,
407 1156 462 1220 quin
475 1156 563 1221 priores
575 1159 629 1206 sunt
646 1157 795 1218 naturaliter,
811 1169 849 1206 se-

47 1221 142 1273 cruolm
165 1225 274 1276 ordinem
288 1239 362 1278 cause
376 1227 486 1289 formalis,
499 1229 594 1278 ellectns
608 1228 702 1292 positivi
718 1228 787 1291 quim
799 1227 851 1291 pri-

47 1293 129 1356 uatim,
144 1297 205 1348 licet
225 1298 349 1350 secundini
373 1299 475 1352 ordinem
489 1313 564 1351 causae
580 1300 704 1350 materialis
720 1300 750 1349 sil
765 1299 777 1349 e
795 1313 851 1350 con-

50 1377 123 1430 uersn3
135 1369 214 1418 forma
229 1370 289 1420 eninr
304 1371 464 1424 non.cxcludit
476 1371 627 1435 privationem
636 1409 644 1434 ‚
654 1370 700 1421 nisi
709 1371 851 1421 informando

50 1436 186 1500 subiectum.
204 1442 234 1490 Et
249 1441 300 1492 ideo
312 1441 350 1491 alii
364 1441 470 1492 dixerunt
483 1441 544 1506 qnbd
562 1443 587 1492 in
605 1443 777 1493 circumcisione
796 1455 851 1491 con·

48 1506 157 1560 lercbutur
171 1513 263 1576 gratia,
278 1513 345 1564 elien
359 1515 468 1578 quantiam
483 1516 512 1564 ad
526 1515 624 1578 aliquem
640 1515 746 1565 ellectum
767 1512 854 1577 positi-

53 1591 108 1641 vum,
121 1583 162 1646 qui
177 1589 216 1634 est
229 1584 304 1634 iacere
313 1585 404 1649 dignum
419 1585 465 1636 vltd
481 1586 575 1647 eterni,
586 1585 627 1636 sed
641 1598 686 1635 non
700 1584 809 1647 quintium
823 1585 852 1634 ad

52 1661 125 1704 omnes
135 1655 309 1718 effectus,quia
319 1669 363 1706 non
373 1657 501 1707 sufficiebat
510 1657 633 1720 reprimere
643 1656 852 1719 concupiscentiam

53 1718 145 1788 inmitis,
159 1741 206 1776 nec
217 1726 286 1776 etiam
301 1728 329 1777 ud
348 1728 489 1791 implendum
503 1728 608 1778 mandata
621 1726 686 1788 legis.
702 1727 765 1784 Quod
782 1725 852 1776 etiam

55 1789 169 1856 aliquando
187 1797 246 1847 mihi
260 1798 333 1848 visum
347 1803 382 1848 est
397 1798 442 1862 (ll.
457 1799 503 1849 sed
516 1799 635 1860 diligenter
648 1796 801 1848 consideranti
812 1809 852 1860 ap

55 1871 111 1925 paret
121 1871 168 1922 lucc
178 1885 226 1922 uon
238 1885 287 1922 esse
300 1885 386 1933 uerum,
399 1873 453 1935 qnia
463 1871 558 1921 minime
567 1870 638 1933 gratia
650 1875 727 1934 potest
741 1871 849 1920 resistere

56 1935 142 1991 cuilibet
165 1941 374 2006 concupiscentius,
396 1947 418 1992 et
439 1942 511 1992 uitare
530 1955 598 1992 omne
620 1946 740 2006 peccatum
758 1942 853 1992 mortale

57 2009 110 2068 llod
128 2014 280 2064 committitur
296 2014 321 2063 in
340 2013 520 2077 transgressione
541 2014 698 2064 mundatorum
719 2013 792 2077 legis3
809 2013 853 2062 mi·

58 2079 110 2132 uiua
126 2087 190 2136 enim
201 2085 299 2136 cherilus
317 2087 369 2149 plus
385 2086 460 2148 diligit
473 2087 558 2146 licum,
573 2086 639 2149 quim
654 2084 767 2148 cupiditas
781 2084 852 2134 millio

60 2153 101 2202 auri
115 2161 141 2206 et
160 2157 260 2220 urgenti.
277 2157 305 2206 m
320 2157 371 2207 idco
384 2155 503 2208 dicendum
518 2161 553 2208 est
567 2155 626 2221 qndd
640 2158 664 2206 in
680 2157 852 2207 circumcisions

60 2226 212 2278 moderebatur
226 2229 298 2290 gratia
314 2228 423 2292 quintium
437 2230 465 2278 ad
475 2241 554 2279 omnes
568 2228 646 2292 gratiae
663 2229 772 2292 ellectus,
786 2229 853 2278 aliter

59 2297 127 2350 umen
140 2300 211 2364 quim
227 2300 252 2348 in
269 2301 390 2363 baptismo.
405 2301 461 2350 Nam
482 2300 506 2349 in
525 2301 636 2363 baptismo
650 2301 766 2350 confertur
783 2299 855 2364 gratia

62 2378 85 2415 ex
93 2371 178 2422 virtute
187 2371 261 2435 ipsius
272 2371 396 2434 baptismi,
408 2383 475 2434 quern
487 2371 556 2421 habet
566 2371 590 2420 in
600 2373 712 2433 quantum
721 2375 756 2420 est
766 2371 854 2420 instru-

62 2445 154 2513 mentum
167 2443 283 2506 passionis
295 2442 378 2493 Christi
390 2443 442 2507 (a),
454 2442 522 2506 cujus
534 2443 626 2504 signum
639 2446 687 2492 erat
697 2441 852 2503 circumcisio;

64 2510 88 2558 ltu
98 2512 188 2564 scilicet
201 2513 263 2576 rpubd
279 2515 347 2564 homo
360 2513 399 2576 qui
408 2514 533 2577 accipiebat
545 2513 750 2574 circumcisionem,
758 2514 855 2577 prolite-

91 2617 120 2684 (l)
137 2624 230 2669 Scilicet
244 2624 285 2679 lv,
297 2622 374 2669 Seni..
388 2621 441 2666 dist.
456 2621 478 2674 l,
492 2635 532 2678 qu.
542 2621 567 2681 Ξ,
580 2629 624 2666 art.
641 2620 665 2675 t,
681 2621 817 2678 questione.
830 2619 855 2677 3,

65 2685 139 2739 uliam
151 2686 240 2730 dictum
256 2689 291 2728 est
302 2684 379 2742 suprd.
395 2697 435 2742 qu.
454 2685 494 2746 62,
509 2691 551 2730 art.
570 2685 595 2744 o,
610 2685 639 2729 ad
649 2684 673 2743 3,
686 2684 725 2728 ubl
741 2684 784 2727 boc
795 2684 857 2727 idem

68 2741 85 2786 S·
99 2749 198 2794 l'bornas
213 2747 327 2803 exposuit.

93 2815 123 2878 (2)
143 2819 185 2865 Vel
198 2819 257 2863 sicut
268 2823 304 2863 est
314 2819 519 2874 in'manuscrlpto:
537 2817 698 2862 circumcisio
709 2820 789 2860 aulem
801 2826 856 2857 cou-

68 2877 146 2933 lcrcbcl
164 2881 275 2940 oratiam
294 2882 323 2924 iu
343 2885 461 2936 quantum
475 2884 527 2925 erut
540 2881 640 2937 stonum
657 2879 716 2936 strici
734 2877 858 2934 passionis

72 2939 153 2990 Cdo-iate·
171 2945 281 3004 solorre,
294 2943 434 2988 itascilicet
453 2943 517 3000 qudd
535 2943 619 2990 bomo,
637 2945 680 2986 etc.
700 2939 764 2985 Unde
782 2939 813 2982 ai*
830 2937 856 2954 ·’
