<?xml version="1.0" encoding="UTF-8"?>
<!DOCTYPE html PUBLIC "-//W3C//DTD XHTML 1.0 Transitional//EN"
    "http://www.w3.org/TR/xhtml1/DTD/xhtml1-transitional.dtd">
<html xmlns="http://www.w3.org/1999/xhtml" xml:lang="en" lang="en">
 <head>
  <title>
</title>
<meta http-equiv="Content-Type" content="text/html;charset=utf-8" />
  <meta name='ocr-system' content='tesseract 3.04.00' />
  <meta name='ocr-capabilities' content='ocr_page ocr_carea ocr_par ocr_line ocrx_word'/>
</head>
<body>
  <div class='ocr_page' id='page_1' title='image "./summatheologica01nicogoog_0393.png"; bbox 0 0 1942 3284; ppageno 0'>
   <div class='ocr_carea' id='block_1_1' title="bbox 297 195 1555 250">
    <p class='ocr_par' dir='ltr' id='par_1_1' title="bbox 297 195 1555 250">
     <span class='ocr_line' id='line_1_1' title="bbox 297 195 1555 250; baseline 0.002 -5"><span class='ocrx_word' id='word_1_1' title='bbox 297 210 359 246; x_wconf 72' lang='lat' dir='ltr'>nz</span> <span class='ocrx_word' id='word_1_2' title='bbox 386 202 483 248; x_wconf 75' lang='lat' dir='ltr'>usu</span> <span class='ocrx_word' id='word_1_3' title='bbox 513 208 852 249; x_wconf 72' lang='lat' dir='ltr'>nnanmsnAE</span> <span class='ocrx_word' id='word_1_4' title='bbox 888 212 936 249; x_wconf 65' lang='lat'>11&lt;</span> <span class='ocrx_word' id='word_1_5' title='bbox 970 195 1208 250; x_wconf 68' lang='lat' dir='ltr'>comm.</span> <span class='ocrx_word' id='word_1_6' title='bbox 1466 206 1555 250; x_wconf 57' lang='lat'>33?</span> 
     </span>
    </p>
   </div>
   <div class='ocr_carea' id='block_1_2' title="bbox 0 285 1559 767">
    <p class='ocr_par' dir='ltr' id='par_1_2' title="bbox 0 285 1559 767">
     <span class='ocr_line' id='line_1_2' title="bbox 0 285 1555 356; baseline 0.003 -20"><span class='ocrx_word' id='word_1_7' title='bbox 0 285 101 337; x_wconf 63' lang='lat' dir='ltr'>tndi</span> <span class='ocrx_word' id='word_1_8' title='bbox 140 285 248 336; x_wconf 86' lang='lat' dir='ltr'>huic</span> <span class='ocrx_word' id='word_1_9' title='bbox 270 290 579 352; x_wconf 84' lang='lat' dir='ltr'>sacramento,</span> <span class='ocrx_word' id='word_1_10' title='bbox 611 289 732 351; x_wconf 83' lang='lat' dir='ltr'>quod</span> <span class='ocrx_word' id='word_1_11' title='bbox 761 301 854 338; x_wconf 87' lang='lat' dir='ltr'>non</span> <span class='ocrx_word' id='word_1_12' title='bbox 899 287 1094 338; x_wconf 76' lang='lat' dir='ltr'>intendit</span> <span class='ocrx_word' id='word_1_13' title='bbox 1125 291 1335 353; x_wconf 86' lang='lat' dir='ltr'>peccator</span> <span class='ocrx_word' id='word_1_14' title='bbox 1362 289 1555 356; x_wconf 67' lang='lat' dir='ltr'>indigne</span> 
     </span>
     <span class='ocr_line' id='line_1_3' title="bbox 0 357 1559 424; baseline 0.003 -17"><span class='ocrx_word' id='word_1_15' title='bbox 0 371 114 421; x_wconf 83' lang='lat' dir='ltr'>rpus</span> <span class='ocrx_word' id='word_1_16' title='bbox 149 357 325 407; x_wconf 89' lang='lat' dir='ltr'>Christi</span> <span class='ocrx_word' id='word_1_17' title='bbox 364 358 618 423; x_wconf 85' lang='lat' dir='ltr'>accipiens;</span> <span class='ocrx_word' id='word_1_18' title='bbox 654 360 881 419; x_wconf 78' lang='lat' dir='ltr'>secundo,</span> <span class='ocrx_word' id='word_1_19' title='bbox 905 358 1012 422; x_wconf 89' lang='lat' dir='ltr'>quia</span> <span class='ocrx_word' id='word_1_20' title='bbox 1051 361 1189 415; x_wconf 85' lang='lat' dir='ltr'>homo</span> <span class='ocrx_word' id='word_1_21' title='bbox 1225 365 1437 424; x_wconf 86' lang='lat' dir='ltr'>peccator</span> <span class='ocrx_word' id='word_1_22' title='bbox 1490 367 1559 413; x_wconf 79' lang='lat' dir='ltr'>est</span> 
     </span>
     <span class='ocr_line' id='line_1_4' title="bbox 0 430 1551 497; baseline 0.003 -18"><span class='ocrx_word' id='word_1_23' title='bbox 0 444 89 494; x_wconf 74' lang='lat' dir='ltr'>pax</span> <span class='ocrx_word' id='word_1_24' title='bbox 129 430 312 492; x_wconf 83' lang='lat' dir='ltr'>gratiae,</span> <span class='ocrx_word' id='word_1_25' title='bbox 344 431 464 480; x_wconf 87' lang='lat' dir='ltr'>unde</span> <span class='ocrx_word' id='word_1_26' title='bbox 500 431 635 480; x_wconf 89' lang='lat' dir='ltr'>etiam</span> <span class='ocrx_word' id='word_1_27' title='bbox 679 432 824 495; x_wconf 84' lang='lat' dir='ltr'>magis</span> <span class='ocrx_word' id='word_1_28' title='bbox 851 434 923 481; x_wconf 88' lang='lat' dir='ltr'>est</span> <span class='ocrx_word' id='word_1_29' title='bbox 956 433 1092 495; x_wconf 86' lang='lat' dir='ltr'>aptus</span> <span class='ocrx_word' id='word_1_30' title='bbox 1125 432 1181 486; x_wconf 87' lang='lat' dir='ltr'>ad</span> <span class='ocrx_word' id='word_1_31' title='bbox 1213 433 1551 497; x_wconf 83' lang='lat' dir='ltr'>suscipiendum</span> 
     </span>
     <span class='ocr_line' id='line_1_5' title="bbox 0 501 1551 566; baseline 0.004 -16"><span class='ocrx_word' id='word_1_32' title='bbox 0 516 30 550; x_wconf 88' lang='lat' dir='ltr'>c</span> <span class='ocrx_word' id='word_1_33' title='bbox 54 504 415 563; x_wconf 86' lang='lat' dir='ltr'>sacramentum,</span> <span class='ocrx_word' id='word_1_34' title='bbox 438 501 571 564; x_wconf 71' lang='lat' dir='ltr'>quam</span> <span class='ocrx_word' id='word_1_35' title='bbox 597 516 894 566; x_wconf 86' lang='lat' dir='ltr'>quaecumque</span> <span class='ocrx_word' id='word_1_36' title='bbox 922 502 1009 552; x_wconf 88' lang='lat' dir='ltr'>alia</span> <span class='ocrx_word' id='word_1_37' title='bbox 1037 503 1308 554; x_wconf 86' lang='lat' dir='ltr'>irrationalis</span> <span class='ocrx_word' id='word_1_38' title='bbox 1327 507 1551 555; x_wconf 83' lang='lat' dir='ltr'>creatura.</span> 
     </span>
     <span class='ocr_line' id='line_1_6' title="bbox 0 571 1555 641; baseline 0 -18"><span class='ocrx_word' id='word_1_39' title='bbox 0 574 79 623; x_wconf 74' lang='lat' dir='ltr'>ide</span> <span class='ocrx_word' id='word_1_40' title='bbox 114 571 314 622; x_wconf 76' lang='lat' dir='ltr'>maxime</span> <span class='ocrx_word' id='word_1_41' title='bbox 342 572 594 624; x_wconf 77' lang='lat' dir='ltr'>inordinate</span> <span class='ocrx_word' id='word_1_42' title='bbox 621 578 823 625; x_wconf 88' lang='lat' dir='ltr'>uteretur</span> <span class='ocrx_word' id='word_1_43' title='bbox 854 576 941 625; x_wconf 87' lang='lat' dir='ltr'>boc</span> <span class='ocrx_word' id='word_1_44' title='bbox 977 579 1289 637; x_wconf 88' lang='lat' dir='ltr'>sacramento,</span> <span class='ocrx_word' id='word_1_45' title='bbox 1311 576 1388 639; x_wconf 89' lang='lat' dir='ltr'>qui</span> <span class='ocrx_word' id='word_1_46' title='bbox 1412 579 1555 641; x_wconf 79' lang='lat' dir='ltr'>proji-</span> 
     </span>
     <span class='ocr_line' id='line_1_7' title="bbox 0 644 1555 711; baseline 0.004 -18"><span class='ocrx_word' id='word_1_47' title='bbox 0 647 72 694; x_wconf 85' lang='lat' dir='ltr'>ret</span> <span class='ocrx_word' id='word_1_48' title='bbox 96 644 249 707; x_wconf 88' lang='lat' dir='ltr'>ipsum</span> <span class='ocrx_word' id='word_1_49' title='bbox 278 644 471 694; x_wconf 87' lang='lat' dir='ltr'>canibus</span> <span class='ocrx_word' id='word_1_50' title='bbox 511 646 565 695; x_wconf 89' lang='lat' dir='ltr'>ad</span> <span class='ocrx_word' id='word_1_51' title='bbox 595 646 991 709; x_wconf 88' lang='lat' dir='ltr'>manducandum,</span> <span class='ocrx_word' id='word_1_52' title='bbox 1029 647 1102 697; x_wconf 81' lang='lat' dir='ltr'>vel</span> <span class='ocrx_word' id='word_1_53' title='bbox 1128 646 1208 710; x_wconf 87' lang='lat' dir='ltr'>qui</span> <span class='ocrx_word' id='word_1_54' title='bbox 1233 646 1478 711; x_wconf 86' lang='lat' dir='ltr'>projiceret</span> <span class='ocrx_word' id='word_1_55' title='bbox 1503 647 1555 699; x_wconf 77' lang='lat' dir='ltr'>in</span> 
     </span>
     <span class='ocr_line' id='line_1_8' title="bbox 0 717 574 767; baseline 0.002 -2"><span class='ocrx_word' id='word_1_56' title='bbox 0 731 92 766; x_wconf 79' lang='lat' dir='ltr'>‚um</span> <span class='ocrx_word' id='word_1_57' title='bbox 118 717 178 766; x_wconf 88' lang='lat' dir='ltr'>ad</span> <span class='ocrx_word' id='word_1_58' title='bbox 200 717 574 767; x_wconf 88' lang='lat' dir='ltr'>conculcandum.</span> 
     </span>
    </p>
   </div>
   <div class='ocr_carea' id='block_1_3' title="bbox 536 896 959 948">
    <p class='ocr_par' dir='ltr' id='par_1_3' title="bbox 536 896 959 948">
     <span class='ocr_line' id='line_1_9' title="bbox 536 896 959 948; baseline 0 -2"><span class='ocrx_word' id='word_1_59' title='bbox 536 896 852 948; x_wconf 80' lang='lat' dir='ltr'>ARTICULUS</span> <span class='ocrx_word' id='word_1_60' title='bbox 884 896 959 946; x_wconf 86' lang='lat' dir='ltr'>Vl.</span> 
     </span>
    </p>
   </div>
   <div class='ocr_carea' id='block_1_4' title="bbox 0 1028 1555 1147">
    <p class='ocr_par' dir='ltr' id='par_1_4' title="bbox 0 1028 1555 1147">
     <span class='ocr_line' id='line_1_10' title="bbox 0 1028 1555 1135; baseline 0.003 -63"><span class='ocrx_word' id='word_1_61' title='bbox 0 1034 129 1073; x_wconf 71' lang='lat' dir='ltr'>trum</span> <span class='ocrx_word' id='word_1_62' title='bbox 172 1028 389 1073; x_wconf 77' lang='lat' dir='ltr'><strong><em>sacerdos</em></strong></span> <span class='ocrx_word' id='word_1_63' title='bbox 420 1028 583 1072; x_wconf 77' lang='lat' dir='ltr'>debeat</span> <span class='ocrx_word' id='word_1_64' title='bbox 626 1028 859 1135; x_wconf 53' lang='lat' dir='ltr'>denteqctrre</span> <span class='ocrx_word' id='word_1_65' title='bbox 890 1040 1060 1085; x_wconf 74' lang='lat' dir='ltr'>corpus</span> <span class='ocrx_word' id='word_1_66' title='bbox 1107 1029 1285 1075; x_wconf 77' lang='lat' dir='ltr'>Christi</span> <span class='ocrx_word' id='word_1_67' title='bbox 1317 1035 1555 1088; x_wconf 69' lang='lat' dir='ltr'>peccatori</span> 
     </span>
     <span class='ocr_line' id='line_1_11' title="bbox 643 1102 834 1147; baseline 0.005 -12"><span class='ocrx_word' id='word_1_68' title='bbox 643 1102 697 1147; x_wconf 80' lang='lat' dir='ltr'>pe</span> <span class='ocrx_word' id='word_1_69' title='bbox 722 1104 776 1135; x_wconf 79' lang='lat' dir='ltr'>en</span> <span class='ocrx_word' id='word_1_70' title='bbox 801 1106 834 1136; x_wconf 80' lang='grc' dir='ltr'>-ι,</span> 
     </span>
    </p>
   </div>
   <div class='ocr_carea' id='block_1_5' title="bbox 0 1222 1559 2795">
    <p class='ocr_par' dir='ltr' id='par_1_5' title="bbox 0 1222 1555 1851">
     <span class='ocr_line' id='line_1_12' title="bbox 2 1222 1555 1287; baseline 0.002 -13"><span class='ocrx_word' id='word_1_71' title='bbox 2 1224 78 1274; x_wconf 82' lang='lat' dir='ltr'>Ad</span> <span class='ocrx_word' id='word_1_72' title='bbox 112 1227 295 1274; x_wconf 85' lang='lat' dir='ltr'>sextum</span> <span class='ocrx_word' id='word_1_73' title='bbox 318 1222 385 1274; x_wconf 90' lang='lat' dir='ltr'>sic</span> <span class='ocrx_word' id='word_1_74' title='bbox 408 1223 684 1287; x_wconf 83' lang='lat' dir='ltr'><strong>proceditur.</strong></span> <span class='ocrx_word' id='word_1_75' title='bbox 713 1222 903 1273; x_wconf 84' lang='lat' dir='ltr'>Videtur</span> <span class='ocrx_word' id='word_1_76' title='bbox 920 1222 1039 1286; x_wconf 82' lang='lat' dir='ltr'>qubd</span> <span class='ocrx_word' id='word_1_77' title='bbox 1064 1225 1272 1274; x_wconf 79' lang='lat' dir='ltr'><strong>sacerdos</strong></span> <span class='ocrx_word' id='word_1_78' title='bbox 1295 1225 1456 1275; x_wconf 88' lang='lat' dir='ltr'>debeat</span> <span class='ocrx_word' id='word_1_79' title='bbox 1473 1226 1555 1279; x_wconf 77' lang='lat' dir='ltr'>de-</span> 
     </span>
     <span class='ocr_line' id='line_1_13' title="bbox 0 1294 1551 1359; baseline 0.001 -14"><span class='ocrx_word' id='word_1_80' title='bbox 0 1308 116 1358; x_wconf 85' lang='lat' dir='ltr'>gare</span> <span class='ocrx_word' id='word_1_81' title='bbox 152 1308 319 1359; x_wconf 86' lang='lat' dir='ltr'>corpus</span> <span class='ocrx_word' id='word_1_82' title='bbox 342 1294 516 1345; x_wconf 75' lang='lat' dir='ltr'>Christi</span> <span class='ocrx_word' id='word_1_83' title='bbox 534 1294 759 1358; x_wconf 83' lang='lat' dir='ltr'>peccatori</span> <span class='ocrx_word' id='word_1_84' title='bbox 783 1294 976 1358; x_wconf 89' lang='lat' dir='ltr'>petenti.</span> <span class='ocrx_word' id='word_1_85' title='bbox 1004 1295 1105 1345; x_wconf 88' lang='lat' dir='ltr'>Non</span> <span class='ocrx_word' id='word_1_86' title='bbox 1129 1295 1250 1345; x_wconf 89' lang='lat' dir='ltr'>enim</span> <span class='ocrx_word' id='word_1_87' title='bbox 1287 1300 1359 1346; x_wconf 89' lang='lat' dir='ltr'>est</span> <span class='ocrx_word' id='word_1_88' title='bbox 1381 1296 1551 1347; x_wconf 46' lang='lat' dir='ltr'>facien*</span> 
     </span>
     <span class='ocr_line' id='line_1_14' title="bbox 0 1365 1551 1430; baseline -0.001 -14"><span class='ocrx_word' id='word_1_89' title='bbox 0 1382 50 1416; x_wconf 91' lang='lat' dir='ltr'>m</span> <span class='ocrx_word' id='word_1_90' title='bbox 80 1370 237 1417; x_wconf 87' lang='lat' dir='ltr'>contra</span> <span class='ocrx_word' id='word_1_91' title='bbox 281 1365 453 1416; x_wconf 83' lang='lat' dir='ltr'>Christi</span> <span class='ocrx_word' id='word_1_92' title='bbox 477 1370 777 1429; x_wconf 66' lang='lat' dir='ltr'>praeceptum,</span> <span class='ocrx_word' id='word_1_93' title='bbox 808 1370 991 1430; x_wconf 88' lang='lat' dir='ltr'>propter</span> <span class='ocrx_word' id='word_1_94' title='bbox 1019 1365 1252 1416; x_wconf 82' lang='lat' dir='ltr'>vitandum</span> <span class='ocrx_word' id='word_1_95' title='bbox 1287 1368 1551 1418; x_wconf 84' lang='lat' dir='ltr'>scandalum</span> 
     </span>
     <span class='ocr_line' id='line_1_15' title="bbox 0 1437 1548 1503; baseline 0.001 -14"><span class='ocrx_word' id='word_1_96' title='bbox 0 1441 14 1489; x_wconf 89' lang='lat' dir='ltr'>l</span> <span class='ocrx_word' id='word_1_97' title='bbox 58 1440 297 1489; x_wconf 81' lang='lat' dir='ltr'>infamiam</span> <span class='ocrx_word' id='word_1_98' title='bbox 340 1439 551 1500; x_wconf 78' lang='lat' dir='ltr'>alicujus,</span> <span class='ocrx_word' id='word_1_99' title='bbox 590 1437 678 1488; x_wconf 90' lang='lat' dir='ltr'>Sed</span> <span class='ocrx_word' id='word_1_100' title='bbox 715 1439 932 1489; x_wconf 87' lang='lat' dir='ltr'>Dominus</span> <span class='ocrx_word' id='word_1_101' title='bbox 974 1439 1212 1503; x_wconf 61' lang='lat' dir='ltr'>praecepit,</span> <span class='ocrx_word' id='word_1_102' title='bbox 1241 1442 1446 1497; x_wconf 71' lang='lat' dir='ltr'>Matth„</span> <span class='ocrx_word' id='word_1_103' title='bbox 1476 1441 1548 1491; x_wconf 78' lang='lat' dir='ltr'>X:</span> 
     </span>
     <span class='ocr_line' id='line_1_16' title="bbox 0 1509 1555 1579; baseline 0 -17"><span class='ocrx_word' id='word_1_104' title='bbox 0 1512 159 1563; x_wconf 84' lang='lat' dir='ltr'>Nolite</span> <span class='ocrx_word' id='word_1_105' title='bbox 186 1515 389 1561; x_wconf 88' lang='lat' dir='ltr'>sanctum</span> <span class='ocrx_word' id='word_1_106' title='bbox 418 1510 525 1560; x_wconf 88' lang='lat' dir='ltr'>dare</span> <span class='ocrx_word' id='word_1_107' title='bbox 560 1510 779 1579; x_wconf 82' lang='lat' dir='ltr'>canibus3</span> <span class='ocrx_word' id='word_1_108' title='bbox 802 1528 828 1558; x_wconf 88' lang='lat'>»</span> <span class='ocrx_word' id='word_1_109' title='bbox 858 1509 1057 1561; x_wconf 77' lang='lat' dir='ltr'>maxime</span> <span class='ocrx_word' id='word_1_110' title='bbox 1087 1515 1239 1560; x_wconf 89' lang='lat' dir='ltr'>autem</span> <span class='ocrx_word' id='word_1_111' title='bbox 1266 1512 1398 1561; x_wconf 86' lang='lat' dir='ltr'>datur</span> <span class='ocrx_word' id='word_1_112' title='bbox 1425 1525 1555 1563; x_wconf 76' lang='lat' dir='ltr'>sanc.-</span> 
     </span>
     <span class='ocr_line' id='line_1_17' title="bbox 0 1582 1551 1646; baseline -0.001 -13"><span class='ocrx_word' id='word_1_113' title='bbox 0 1598 40 1633; x_wconf 88' lang='lat' dir='ltr'>m</span> <span class='ocrx_word' id='word_1_114' title='bbox 74 1584 293 1646; x_wconf 80' lang='lat' dir='ltr'>canibuS,</span> <span class='ocrx_word' id='word_1_115' title='bbox 323 1582 428 1632; x_wconf 72' lang='lat' dir='ltr'>cum</span> <span class='ocrx_word' id='word_1_116' title='bbox 456 1584 543 1633; x_wconf 90' lang='lat' dir='ltr'>hoc</span> <span class='ocrx_word' id='word_1_117' title='bbox 574 1585 907 1632; x_wconf 88' lang='lat' dir='ltr'>sacramentum</span> <span class='ocrx_word' id='word_1_118' title='bbox 939 1582 1257 1646; x_wconf 89' lang='lat' dir='ltr'>peccatoribus</span> <span class='ocrx_word' id='word_1_119' title='bbox 1293 1583 1551 1644; x_wconf 75' lang='lat' dir='ltr'>exhibetur.</span> 
     </span>
     <span class='ocr_line' id='line_1_18' title="bbox 0 1654 1551 1721; baseline -0.003 -13"><span class='ocrx_word' id='word_1_120' title='bbox 0 1671 62 1721; x_wconf 89' lang='lat' dir='ltr'>go</span> <span class='ocrx_word' id='word_1_121' title='bbox 94 1669 244 1719; x_wconf 86' lang='lat' dir='ltr'>neque</span> <span class='ocrx_word' id='word_1_122' title='bbox 271 1659 457 1719; x_wconf 87' lang='lat' dir='ltr'>propter</span> <span class='ocrx_word' id='word_1_123' title='bbox 486 1655 722 1705; x_wconf 82' lang='lat' dir='ltr'>vitandum</span> <span class='ocrx_word' id='word_1_124' title='bbox 751 1654 1014 1704; x_wconf 79' lang='lat' dir='ltr'>scandalum</span> <span class='ocrx_word' id='word_1_125' title='bbox 1033 1692 1046 1714; x_wconf 88' lang='lat'>,</span> <span class='ocrx_word' id='word_1_126' title='bbox 1087 1666 1235 1715; x_wconf 88' lang='lat' dir='ltr'>neque</span> <span class='ocrx_word' id='word_1_127' title='bbox 1264 1657 1451 1718; x_wconf 87' lang='lat' dir='ltr'>propter</span> <span class='ocrx_word' id='word_1_128' title='bbox 1476 1655 1551 1703; x_wconf 80' lang='lat' dir='ltr'>vi-</span> 
     </span>
     <span class='ocr_line' id='line_1_19' title="bbox 0 1721 1555 1790; baseline -0.001 -13"><span class='ocrx_word' id='word_1_129' title='bbox 0 1730 131 1779; x_wconf 84' lang='lat' dir='ltr'>ndam</span> <span class='ocrx_word' id='word_1_130' title='bbox 172 1726 411 1776; x_wconf 82' lang='lat' dir='ltr'>infamiam</span> <span class='ocrx_word' id='word_1_131' title='bbox 438 1726 635 1790; x_wconf 84' lang='lat' dir='ltr'>alicujus</span> <span class='ocrx_word' id='word_1_132' title='bbox 654 1763 667 1787; x_wconf 85' lang='lat'><strong><em>,</em></strong></span> <span class='ocrx_word' id='word_1_133' title='bbox 696 1725 831 1776; x_wconf 89' lang='lat' dir='ltr'>debet</span> <span class='ocrx_word' id='word_1_134' title='bbox 856 1727 943 1775; x_wconf 89' lang='lat' dir='ltr'>hoc</span> <span class='ocrx_word' id='word_1_135' title='bbox 970 1728 1298 1774; x_wconf 86' lang='lat' dir='ltr'>sacramentum</span> <span class='ocrx_word' id='word_1_136' title='bbox 1327 1721 1555 1788; x_wconf 78' lang='lat' dir='ltr'>peccatori</span> 
     </span>
     <span class='ocr_line' id='line_1_20' title="bbox 1 1798 275 1851; baseline -0.007 0"><span class='ocrx_word' id='word_1_137' title='bbox 1 1798 126 1851; x_wconf 89' lang='lat' dir='ltr'>tenti</span> <span class='ocrx_word' id='word_1_138' title='bbox 159 1800 275 1849; x_wconf 87' lang='lat' dir='ltr'>dari.</span> 
     </span>
    </p>

    <p class='ocr_par' dir='ltr' id='par_1_6' title="bbox 0 1867 1551 2294">
     <span class='ocr_line' id='line_1_21' title="bbox 8 1867 1551 1935; baseline -0.002 -13"><span class='ocrx_word' id='word_1_139' title='bbox 8 1878 59 1922; x_wconf 82' lang='lat'>2.</span> <span class='ocrx_word' id='word_1_140' title='bbox 93 1874 342 1935; x_wconf 70' lang='lat' dir='ltr'>Praeterea,</span> <span class='ocrx_word' id='word_1_141' title='bbox 372 1871 429 1921; x_wconf 88' lang='lat' dir='ltr'>de</span> <span class='ocrx_word' id='word_1_142' title='bbox 456 1870 631 1920; x_wconf 89' lang='lat' dir='ltr'>duobus</span> <span class='ocrx_word' id='word_1_143' title='bbox 654 1869 785 1919; x_wconf 88' lang='lat' dir='ltr'>malis</span> <span class='ocrx_word' id='word_1_144' title='bbox 813 1869 961 1919; x_wconf 89' lang='lat' dir='ltr'>minus</span> <span class='ocrx_word' id='word_1_145' title='bbox 988 1869 1156 1918; x_wconf 87' lang='lat' dir='ltr'>malum</span> <span class='ocrx_word' id='word_1_146' title='bbox 1187 1869 1258 1919; x_wconf 85' lang='lat' dir='ltr'>est</span> <span class='ocrx_word' id='word_1_147' title='bbox 1274 1867 1551 1933; x_wconf 82' lang='lat' dir='ltr'>eligendum.</span> 
     </span>
     <span class='ocr_line' id='line_1_22' title="bbox 0 1940 1551 2004; baseline 0.001 -14"><span class='ocrx_word' id='word_1_148' title='bbox 0 1945 36 1993; x_wconf 70' lang='lat' dir='ltr'>=d</span> <span class='ocrx_word' id='word_1_149' title='bbox 55 1944 207 1992; x_wconf 88' lang='lat' dir='ltr'>minus</span> <span class='ocrx_word' id='word_1_150' title='bbox 228 1943 398 2003; x_wconf 82' lang='lat' dir='ltr'>malum</span> <span class='ocrx_word' id='word_1_151' title='bbox 412 1955 513 1992; x_wconf 89' lang='lat' dir='ltr'>esse</span> <span class='ocrx_word' id='word_1_152' title='bbox 531 1942 730 2003; x_wconf 86' lang='lat' dir='ltr'>videtur,</span> <span class='ocrx_word' id='word_1_153' title='bbox 748 1941 787 1990; x_wconf 91' lang='lat' dir='ltr'>si</span> <span class='ocrx_word' id='word_1_154' title='bbox 805 1945 1020 2004; x_wconf 83' lang='lat' dir='ltr'>peccator</span> <span class='ocrx_word' id='word_1_155' title='bbox 1039 1941 1303 2003; x_wconf 83' lang='lat' dir='ltr'>infametur,</span> <span class='ocrx_word' id='word_1_156' title='bbox 1320 1940 1394 1991; x_wconf 84' lang='lat' dir='ltr'>vel</span> <span class='ocrx_word' id='word_1_157' title='bbox 1413 1941 1551 1992; x_wconf 79' lang='lat' dir='ltr'>etiam</span> 
     </span>
     <span class='ocr_line' id='line_1_23' title="bbox 28 2012 1551 2078; baseline -0.002 -12"><span class='ocrx_word' id='word_1_158' title='bbox 28 2014 77 2066; x_wconf 90' lang='lat' dir='ltr'>ei</span> <span class='ocrx_word' id='word_1_159' title='bbox 109 2014 258 2065; x_wconf 85' lang='lat' dir='ltr'>hostia</span> <span class='ocrx_word' id='word_1_160' title='bbox 296 2027 388 2065; x_wconf 90' lang='lat' dir='ltr'>non</span> <span class='ocrx_word' id='word_1_161' title='bbox 417 2017 684 2065; x_wconf 84' lang='lat' dir='ltr'>consecrata</span> <span class='ocrx_word' id='word_1_162' title='bbox 726 2013 875 2076; x_wconf 87' lang='lat' dir='ltr'>detur,</span> <span class='ocrx_word' id='word_1_163' title='bbox 911 2012 1045 2075; x_wconf 79' lang='lat' dir='ltr'>quam</span> <span class='ocrx_word' id='word_1_164' title='bbox 1084 2012 1125 2063; x_wconf 90' lang='lat' dir='ltr'>si</span> <span class='ocrx_word' id='word_1_165' title='bbox 1169 2026 1354 2063; x_wconf 89' lang='lat' dir='ltr'>sumens</span> <span class='ocrx_word' id='word_1_166' title='bbox 1385 2026 1551 2078; x_wconf 78' lang='lat' dir='ltr'>corpus</span> 
     </span>
     <span class='ocr_line' id='line_1_24' title="bbox 0 2084 1551 2149; baseline -0.001 -13"><span class='ocrx_word' id='word_1_167' title='bbox 0 2086 153 2148; x_wconf 69' lang='lat' dir='ltr'>aristi,</span> <span class='ocrx_word' id='word_1_168' title='bbox 190 2086 438 2137; x_wconf 75' lang='lat' dir='ltr'>mortafiter</span> <span class='ocrx_word' id='word_1_169' title='bbox 463 2089 639 2149; x_wconf 86' lang='lat' dir='ltr'>peccet.</span> <span class='ocrx_word' id='word_1_170' title='bbox 672 2085 867 2135; x_wconf 87' lang='lat' dir='ltr'>Videtur</span> <span class='ocrx_word' id='word_1_171' title='bbox 898 2098 1007 2148; x_wconf 84' lang='lat' dir='ltr'>ergo</span> <span class='ocrx_word' id='word_1_172' title='bbox 1028 2086 1118 2136; x_wconf 89' lang='lat' dir='ltr'>hoc</span> <span class='ocrx_word' id='word_1_173' title='bbox 1153 2084 1307 2148; x_wconf 77' lang='lat' dir='ltr'>potius</span> <span class='ocrx_word' id='word_1_174' title='bbox 1339 2098 1441 2136; x_wconf 91' lang='lat' dir='ltr'>esse</span> <span class='ocrx_word' id='word_1_175' title='bbox 1470 2085 1551 2135; x_wconf 47' lang='lat' dir='ltr'>elif</span> 
     </span>
     <span class='ocr_line' id='line_1_25' title="bbox 0 2156 1551 2222; baseline 0.001 -16"><span class='ocrx_word' id='word_1_176' title='bbox 0 2160 181 2221; x_wconf 76' lang='lat' dir='ltr'>=ndum,</span> <span class='ocrx_word' id='word_1_177' title='bbox 208 2157 331 2222; x_wconf 80' lang='lat' dir='ltr'>quod</span> <span class='ocrx_word' id='word_1_178' title='bbox 361 2158 437 2207; x_wconf 85' lang='lat' dir='ltr'>vel</span> <span class='ocrx_word' id='word_1_179' title='bbox 456 2157 699 2208; x_wconf 84' lang='lat' dir='ltr'>infametur</span> <span class='ocrx_word' id='word_1_180' title='bbox 737 2159 950 2220; x_wconf 83' lang='lat' dir='ltr'>peccator</span> <span class='ocrx_word' id='word_1_181' title='bbox 970 2160 1132 2221; x_wconf 87' lang='lat' dir='ltr'>petens</span> <span class='ocrx_word' id='word_1_182' title='bbox 1157 2170 1324 2221; x_wconf 87' lang='lat' dir='ltr'>corpus</span> <span class='ocrx_word' id='word_1_183' title='bbox 1350 2156 1551 2216; x_wconf 75' lang='lat' dir='ltr'>Christi¹</span> 
     </span>
     <span class='ocr_line' id='line_1_26' title="bbox 0 2228 1208 2294; baseline -0.002 -16"><span class='ocrx_word' id='word_1_184' title='bbox 0 2231 23 2279; x_wconf 69' lang='lat' dir='ltr'>el</span> <span class='ocrx_word' id='word_1_185' title='bbox 51 2230 192 2280; x_wconf 89' lang='lat' dir='ltr'>etiam</span> <span class='ocrx_word' id='word_1_186' title='bbox 223 2229 341 2294; x_wconf 82' lang='lat' dir='ltr'>qubd</span> <span class='ocrx_word' id='word_1_187' title='bbox 372 2230 506 2280; x_wconf 88' lang='lat' dir='ltr'>detur</span> <span class='ocrx_word' id='word_1_188' title='bbox 525 2228 570 2280; x_wconf 90' lang='lat' dir='ltr'>ei</span> <span class='ocrx_word' id='word_1_189' title='bbox 594 2228 743 2279; x_wconf 87' lang='lat' dir='ltr'>hostia</span> <span class='ocrx_word' id='word_1_190' title='bbox 770 2241 863 2278; x_wconf 91' lang='lat' dir='ltr'>non</span> <span class='ocrx_word' id='word_1_191' title='bbox 884 2231 1165 2278; x_wconf 87' lang='lat' dir='ltr'>consecrata.</span> <span class='ocrx_word' id='word_1_192' title='bbox 1199 2284 1208 2291; x_wconf 26' lang='grc' dir='ltr'>ι</span> 
     </span>
    </p>

    <p class='ocr_par' dir='ltr' id='par_1_7' title="bbox 0 2298 1559 2795">
     <span class='ocr_line' id='line_1_27' title="bbox 13 2298 1559 2364; baseline -0.003 -13"><span class='ocrx_word' id='word_1_193' title='bbox 13 2307 62 2351; x_wconf 84' lang='lat'>3.</span> <span class='ocrx_word' id='word_1_194' title='bbox 90 2302 349 2363; x_wconf 87' lang='lat' dir='ltr'>Praeterea,</span> <span class='ocrx_word' id='word_1_195' title='bbox 379 2313 542 2364; x_wconf 90' lang='lat' dir='ltr'>corpus</span> <span class='ocrx_word' id='word_1_196' title='bbox 582 2298 758 2349; x_wconf 78' lang='lat' dir='ltr'>Christi</span> <span class='ocrx_word' id='word_1_197' title='bbox 798 2299 1025 2350; x_wconf 89' lang='lat' dir='ltr'>interdum</span> <span class='ocrx_word' id='word_1_198' title='bbox 1057 2300 1185 2349; x_wconf 87' lang='lat' dir='ltr'>datur</span> <span class='ocrx_word' id='word_1_199' title='bbox 1230 2298 1457 2364; x_wconf 84' lang='lat' dir='ltr'>suspectis</span> <span class='ocrx_word' id='word_1_200' title='bbox 1502 2299 1559 2347; x_wconf 72' lang='lat' dir='ltr'>da</span> 
     </span>
     <span class='ocr_line' id='line_1_28' title="bbox 0 2369 1555 2435; baseline -0.003 -12"><span class='ocrx_word' id='word_1_201' title='bbox 0 2372 163 2435; x_wconf 84' lang='lat' dir='ltr'>imine,</span> <span class='ocrx_word' id='word_1_202' title='bbox 188 2373 246 2422; x_wconf 89' lang='lat' dir='ltr'>ad</span> <span class='ocrx_word' id='word_1_203' title='bbox 269 2371 475 2422; x_wconf 85' lang='lat' dir='ltr'>criminis</span> <span class='ocrx_word' id='word_1_204' title='bbox 496 2370 924 2433; x_wconf 62' lang='lat' dir='ltr'>manifestationem</span> <span class='ocrx_word' id='word_1_205' title='bbox 948 2369 1113 2432; x_wconf 83' lang='lat' dir='ltr'>legitur</span> <span class='ocrx_word' id='word_1_206' title='bbox 1128 2370 1252 2420; x_wconf 88' lang='lat' dir='ltr'>enim</span> <span class='ocrx_word' id='word_1_207' title='bbox 1268 2370 1315 2419; x_wconf 92' lang='lat' dir='ltr'>in</span> <span class='ocrx_word' id='word_1_208' title='bbox 1337 2371 1555 2431; x_wconf 35' lang='lat' dir='ltr'>Beer-eti,</span> 
     </span>
     <span class='ocr_line' id='line_1_29' title="bbox 9 2442 1559 2509; baseline -0.003 -13"><span class='ocrx_word' id='word_1_209' title='bbox 9 2485 21 2506; x_wconf 89' lang='lat'>,</span> <span class='ocrx_word' id='word_1_210' title='bbox 57 2448 221 2509; x_wconf 84' lang='lat' dir='ltr'>quaest.</span> <span class='ocrx_word' id='word_1_211' title='bbox 248 2448 275 2493; x_wconf 74' lang='lat'><strong>4</strong></span> <span class='ocrx_word' id='word_1_212' title='bbox 299 2459 313 2493; x_wconf 70' lang='grc' dir='ltr'>ε</span> <span class='ocrx_word' id='word_1_213' title='bbox 344 2442 515 2508; x_wconf 78' lang='lat' dir='ltr'>«Saepe</span> <span class='ocrx_word' id='word_1_214' title='bbox 541 2442 762 2504; x_wconf 86' lang='lat' dir='ltr'>contingit</span> <span class='ocrx_word' id='word_1_215' title='bbox 785 2443 836 2491; x_wconf 87' lang='lat' dir='ltr'>ut</span> <span class='ocrx_word' id='word_1_216' title='bbox 858 2442 905 2490; x_wconf 91' lang='lat' dir='ltr'>in</span> <span class='ocrx_word' id='word_1_217' title='bbox 923 2442 1210 2493; x_wconf 84' lang='lat' dir='ltr'>monasteriis</span> <span class='ocrx_word' id='word_1_218' title='bbox 1229 2443 1559 2492; x_wconf 83' lang='lat' dir='ltr'>monachorum</span> 
     </span>
     <span class='ocr_line' id='line_1_30' title="bbox 4 2513 1559 2580; baseline -0.003 -13"><span class='ocrx_word' id='word_1_219' title='bbox 4 2520 73 2566; x_wconf 91' lang='lat' dir='ltr'>rta</span> <span class='ocrx_word' id='word_1_220' title='bbox 103 2519 449 2580; x_wconf 79' lang='lat' dir='ltr'>perpetrentur3</span> <span class='ocrx_word' id='word_1_221' title='bbox 470 2513 642 2565; x_wconf 90' lang='lat' dir='ltr'>idcirco</span> <span class='ocrx_word' id='word_1_222' title='bbox 668 2513 911 2563; x_wconf 86' lang='lat' dir='ltr'>statuimus</span> <span class='ocrx_word' id='word_1_223' title='bbox 943 2515 1023 2574; x_wconf 90' lang='lat' dir='ltr'>ut,</span> <span class='ocrx_word' id='word_1_224' title='bbox 1061 2514 1240 2576; x_wconf 85' lang='lat' dir='ltr'>quando</span> <span class='ocrx_word' id='word_1_225' title='bbox 1277 2513 1370 2577; x_wconf 89' lang='lat' dir='ltr'>ipsi</span> <span class='ocrx_word' id='word_1_226' title='bbox 1395 2513 1559 2563; x_wconf 73' lang='lat' dir='ltr'>fratres</span> 
     </span>
     <span class='ocr_line' id='line_1_31' title="bbox 0 2584 1555 2651; baseline -0.004 -14"><span class='ocrx_word' id='word_1_227' title='bbox 0 2603 8 2638; x_wconf 69' lang='grc' dir='ltr'>ε</span> <span class='ocrx_word' id='word_1_228' title='bbox 41 2588 210 2638; x_wconf 88' lang='lat' dir='ltr'>talibus</span> <span class='ocrx_word' id='word_1_229' title='bbox 236 2599 489 2651; x_wconf 78' lang='lat' dir='ltr'>expurgare</span> <span class='ocrx_word' id='word_1_230' title='bbox 517 2600 566 2637; x_wconf 92' lang='lat' dir='ltr'>se</span> <span class='ocrx_word' id='word_1_231' title='bbox 606 2586 771 2635; x_wconf 89' lang='lat' dir='ltr'>debent</span> <span class='ocrx_word' id='word_1_232' title='bbox 792 2624 804 2647; x_wconf 92' lang='lat'>,</span> <span class='ocrx_word' id='word_1_233' title='bbox 830 2584 968 2635; x_wconf 87' lang='lat' dir='ltr'>missa</span> <span class='ocrx_word' id='word_1_234' title='bbox 997 2584 1052 2634; x_wconf 86' lang='lat' dir='ltr'>ab</span> <span class='ocrx_word' id='word_1_235' title='bbox 1081 2585 1244 2635; x_wconf 86' lang='lat' dir='ltr'>abbate</span> <span class='ocrx_word' id='word_1_236' title='bbox 1283 2584 1555 2647; x_wconf 43' lang='lat' dir='ltr'>celebretur?</span> 
     </span>
     <span class='ocr_line' id='line_1_32' title="bbox 0 2655 1559 2723; baseline -0.004 -13"><span class='ocrx_word' id='word_1_237' title='bbox 0 2660 28 2710; x_wconf 68' lang='lat' dir='ltr'>tl</span> <span class='ocrx_word' id='word_1_238' title='bbox 56 2660 112 2710; x_wconf 92' lang='lat' dir='ltr'>ab</span> <span class='ocrx_word' id='word_1_239' title='bbox 140 2660 292 2723; x_wconf 88' lang='lat' dir='ltr'>aliquo</span> <span class='ocrx_word' id='word_1_240' title='bbox 320 2659 395 2709; x_wconf 88' lang='lat' dir='ltr'>cui</span> <span class='ocrx_word' id='word_1_241' title='bbox 424 2658 563 2708; x_wconf 87' lang='lat' dir='ltr'>abbas</span> <span class='ocrx_word' id='word_1_242' title='bbox 585 2656 882 2721; x_wconf 72' lang='lat' dir='ltr'>praeceperit,</span> <span class='ocrx_word' id='word_1_243' title='bbox 915 2656 1218 2720; x_wconf 83' lang='lat' dir='ltr'>praesentibus</span> <span class='ocrx_word' id='word_1_244' title='bbox 1250 2655 1484 2718; x_wconf 81' lang='lat' dir='ltr'>fratribus,</span> <span class='ocrx_word' id='word_1_245' title='bbox 1511 2659 1559 2703; x_wconf 75' lang='lat' dir='ltr'>et</span> 
     </span>
     <span class='ocr_line' id='line_1_33' title="bbox 0 2727 1559 2795; baseline -0.003 -15"><span class='ocrx_word' id='word_1_246' title='bbox 0 2746 25 2780; x_wconf 90' lang='lat' dir='ltr'>c</span> <span class='ocrx_word' id='word_1_247' title='bbox 51 2730 232 2795; x_wconf 76' lang='lat' dir='ltr'>expleta</span> <span class='ocrx_word' id='word_1_248' title='bbox 252 2729 410 2792; x_wconf 64' lang='lat' dir='ltr'>misse,</span> <span class='ocrx_word' id='word_1_249' title='bbox 436 2743 595 2781; x_wconf 86' lang='lat' dir='ltr'>omnes</span> <span class='ocrx_word' id='word_1_250' title='bbox 614 2728 949 2780; x_wconf 88' lang='lat' dir='ltr'>communicent</span> <span class='ocrx_word' id='word_1_251' title='bbox 977 2728 1027 2777; x_wconf 89' lang='lat' dir='ltr'>in</span> <span class='ocrx_word' id='word_1_252' title='bbox 1049 2731 1153 2778; x_wconf 85' lang='lat' dir='ltr'>haec</span> <span class='ocrx_word' id='word_1_253' title='bbox 1175 2729 1313 2777; x_wconf 83' lang='lat' dir='ltr'>verba</span> <span class='ocrx_word' id='word_1_254' title='bbox 1341 2742 1353 2776; x_wconf 74' lang='grc' dir='ltr'>ε</span> <span class='ocrx_word' id='word_1_255' title='bbox 1380 2727 1559 2789; x_wconf 76' lang='lat' dir='ltr'>Corpus</span> 
     </span>
    </p>
   </div>
   <div class='ocr_carea' id='block_1_6' title="bbox 0 2797 1563 2865">
    <p class='ocr_par' dir='ltr' id='par_1_8' title="bbox 0 2797 1563 2865">
     <span class='ocr_line' id='line_1_34' title="bbox 0 2797 1563 2865; baseline -0.005 -14"><span class='ocrx_word' id='word_1_256' title='bbox 0 2802 136 2851; x_wconf 85' lang='lat' dir='ltr'>nmini</span> <span class='ocrx_word' id='word_1_257' title='bbox 164 2803 226 2853; x_wconf 87' lang='lat' dir='ltr'>sit</span> <span class='ocrx_word' id='word_1_258' title='bbox 254 2802 371 2851; x_wconf 85' lang='lat' dir='ltr'>mibi</span> <span class='ocrx_word' id='word_1_259' title='bbox 398 2802 535 2852; x_wconf 85' lang='lat' dir='ltr'>bodie</span> <span class='ocrx_word' id='word_1_260' title='bbox 568 2802 623 2850; x_wconf 87' lang='lat' dir='ltr'>ad</span> <span class='ocrx_word' id='word_1_261' title='bbox 644 2800 972 2865; x_wconf 81' lang='lat' dir='ltr'>probationem.</span> <span class='ocrx_word' id='word_1_262' title='bbox 1000 2817 1028 2847; x_wconf 85' lang='lat'>»</span> <span class='ocrx_word' id='word_1_263' title='bbox 1057 2799 1116 2849; x_wconf 87' lang='lat' dir='ltr'>Et</span> <span class='ocrx_word' id='word_1_264' title='bbox 1134 2798 1253 2849; x_wconf 77' lang='lat' dir='ltr'>infra</span> <span class='ocrx_word' id='word_1_265' title='bbox 1284 2814 1296 2848; x_wconf 73' lang='grc' dir='ltr'>ε</span> <span class='ocrx_word' id='word_1_266' title='bbox 1333 2813 1360 2846; x_wconf 88' lang='lat'>«</span> <span class='ocrx_word' id='word_1_267' title='bbox 1387 2797 1438 2847; x_wconf 92' lang='lat' dir='ltr'>Si</span> <span class='ocrx_word' id='word_1_268' title='bbox 1466 2799 1563 2861; x_wconf 62' lang='lat' dir='ltr'>epi-³</span> 
     </span>
    </p>
   </div>
   <div class='ocr_carea' id='block_1_7' title="bbox 0 2870 1559 3012">
    <p class='ocr_par' dir='ltr' id='par_1_9' title="bbox 0 2870 1559 3012">
     <span class='ocr_line' id='line_1_35' title="bbox 0 2870 1555 2937; baseline -0.004 -14"><span class='ocrx_word' id='word_1_269' title='bbox 0 2886 99 2937; x_wconf 76' lang='lat' dir='ltr'>:opo</span> <span class='ocrx_word' id='word_1_270' title='bbox 136 2878 216 2923; x_wconf 89' lang='lat' dir='ltr'>aut</span> <span class='ocrx_word' id='word_1_271' title='bbox 246 2872 515 2937; x_wconf 78' lang='lat' dir='ltr'>presbytero</span> <span class='ocrx_word' id='word_1_272' title='bbox 554 2872 734 2935; x_wconf 87' lang='lat' dir='ltr'>aliquod</span> <span class='ocrx_word' id='word_1_273' title='bbox 769 2870 1042 2921; x_wconf 79' lang='lat' dir='ltr'>maleficium</span> <span class='ocrx_word' id='word_1_274' title='bbox 1081 2872 1222 2921; x_wconf 84' lang='lat' dir='ltr'>fuerit</span> <span class='ocrx_word' id='word_1_275' title='bbox 1256 2870 1555 2933; x_wconf 45' lang='lat' dir='ltr'>imputatum*</span> 
     </span>
     <span class='ocr_line' id='line_1_36' title="bbox 0 2939 1559 3012; baseline -0.002 -18"><span class='ocrx_word' id='word_1_276' title='bbox 0 2958 43 2995; x_wconf 90' lang='lat' dir='ltr'>ro</span> <span class='ocrx_word' id='word_1_277' title='bbox 63 2945 259 3012; x_wconf 85' lang='lat' dir='ltr'>singulis</span> <span class='ocrx_word' id='word_1_278' title='bbox 282 2944 468 3000; x_wconf 84' lang='lat' dir='ltr'>missam</span> <span class='ocrx_word' id='word_1_279' title='bbox 496 2944 721 3003; x_wconf 75' lang='lat' dir='ltr'>celebrare</span> <span class='ocrx_word' id='word_1_280' title='bbox 736 2943 870 2995; x_wconf 85' lang='lat' dir='ltr'>debet</span> <span class='ocrx_word' id='word_1_281' title='bbox 895 2948 941 3003; x_wconf 79' lang='lat' dir='ltr'>et</span> <span class='ocrx_word' id='word_1_282' title='bbox 963 2943 1314 3011; x_wconf 76' lang='lat' dir='ltr'>communicare,</span> <span class='ocrx_word' id='word_1_283' title='bbox 1331 2943 1378 2991; x_wconf 88' lang='lat' dir='ltr'>et</span> <span class='ocrx_word' id='word_1_284' title='bbox 1397 2940 1451 2992; x_wconf 91' lang='lat' dir='ltr'>de</span> <span class='ocrx_word' id='word_1_285' title='bbox 1465 2939 1559 2991; x_wconf 75' lang='lat' dir='ltr'>sin-</span> 
     </span>
    </p>
   </div>
  </div>
 </body>
</html>
