1942 3284
108 141 153 190 litt
278 152 337 190 rsus
353 152 394 200 ιιι,
408 150 503 196 numer.
519 149 623 200 unm,
638 150 694 190 ιιι.
710 151 734 186 v.

108 231 209 294 missam,
218 228 374 293 significantur
386 227 421 276 illi
430 226 470 290 qui
484 227 559 276 adbuc
569 229 623 277 sunt
635 226 758 290 participes
772 228 903 292 parnomu

105 302 199 354 Christi.
221 299 269 350 llio
288 299 353 350 modo
365 302 441 361 polest
454 296 578 362 significari
589 296 667 347 fruitio
678 297 755 360 bonta,
768 313 820 360 oue
836 301 904 351 etiam

105 375 129 426 iu
146 376 191 425 hoc
207 373 348 422 sacramento
366 371 536 434 praefiguratum
551 375 574 420 et
587 370 638 420 ideo
652 369 687 418 illi
703 383 799 433 quorum
811 385 903 435 corpora

102 449 151 512 jam
161 451 215 496 sunt
225 445 248 494 in
259 444 326 508 plena
342 441 496 501 beatitudine,
507 441 663 504 significamur
676 455 716 505 per
729 447 820 504 partem
833 443 902 494 inm·

104 520 169 570 licem
182 518 282 568 missam.
299 517 326 564 lit
342 521 378 566 est
394 513 520 566 notandum
532 511 594 576 qnbd
606 525 659 576 pars
671 514 698 562 in
714 514 810 565 calicem
826 516 901 578 missa,

102 604 148 641 non
165 590 231 639 debet
249 587 333 651 populo
347 585 394 635 dari
410 585 435 633 iu
454 584 638 648 supplementum
651 585 840 649 communionis,
853 587 903 650 quia

103 675 186 726 panem
202 661 323 710 intinctum
339 670 384 706 uon
404 655 504 720 porrexit
523 654 628 706 cbristus
641 655 685 704 uisi
705 655 773 707 Juda
786 659 900 722 proditori.

134 734 167 782 dd
185 733 296 782 decimum
317 730 445 790 dicendum,
459 727 520 791 qudd
531 727 625 789 uinum,
636 728 726 779 ratione
741 743 791 780 sue
807 732 900 782 humidi·

103 804 173 866 tatisp
181 807 216 852 cst
232 802 363 852 ablutivum.
375 803 403 850 ut
415 800 467 850 idco
480 800 577 849 sumitur
591 803 644 863 post
654 801 830 864 susceptionem
838 805 900 866 buius

103 875 246 937 sacramenti,
258 875 286 924 ad
304 873 440 924 abluendum
451 886 491 935 os,
503 886 532 922 ne
544 872 626 935 alique
640 872 745 935 reliquie
760 879 899 936 remaneant,

102 949 162 1012 quod
176 946 275 1011 pertinet
286 946 314 995 nd
328 945 478 994 reverentiam
488 943 635 1005 sacramenti3
645 944 706 993 unde
717 945 806 994 Extra
822 946 856 995 de
867 960 900 994 ce·

104 1019 195 1070 lebret.
207 1021 356 1076 ldisscrnm,
370 1030 420 1080 cap.
436 1017 477 1066 Ec
486 1019 561 1080 purte
570 1016 639 1080 (quod
652 1020 688 1066 est
701 1017 899 1082 innocentum),

104 1091 138 1141 sic
153 1091 236 1141 dicitur
250 1105 257 1139 ι
273 1107 287 1137 u
304 1090 398 1152 Semper
418 1090 524 1138 sacerdos
543 1086 598 1137 rino
618 1101 644 1138 os
662 1088 803 1152 pertundere
825 1092 898 1153 debet,

103 1167 223 1228 postquam
238 1165 309 1211 totum
324 1160 426 1224 percepit
444 1159 587 1209 eucharistie
598 1164 784 1223 sacramentum
798 1162 844 1212 nisi
855 1161 900 1212 ciunt

104 1237 184 1286 ecdem
199 1235 235 1284 die
251 1233 317 1282 aliam
331 1231 421 1282 missam
432 1231 535 1282 debuerit
544 1230 668 1291 celebrare,
679 1244 709 1281 ne
723 1233 744 1281 si
754 1233 814 1283 fortir
828 1234 899 1284 riuum

103 1305 243 1369 perfusionis
264 1303 392 1366 acciperet,
407 1303 582 1353 retentationem
601 1302 667 1352 aliam
690 1303 854 1366 impediret.»
874 1305 898 1353 Et

103 1379 182 1428 eadem
202 1375 290 1427 ratione
308 1375 424 1438 pertundit
439 1374 495 1425 uino
515 1374 600 1438 digitos
619 1374 703 1436 ouibus
722 1388 807 1439 corpus
819 1375 898 1426 Christi
940 1386 941 1399 ¹

104 1450 219 1513 tetigerat.

135 1522 167 1570 ld
182 1521 327 1570 undecimum
345 1518 473 1580 dicendum,
481 1517 542 1580 qubd
557 1518 642 1568 ueritas
652 1516 763 1581 ouantium
777 1519 807 1570 ad
820 1520 897 1582 aliquid

101 1593 170 1644 debet
180 1593 317 1658 respondere
332 1591 423 1654 ligure,
441 1589 495 1653 quia
509 1590 600 1640 scilicet
612 1603 660 1640 uon
673 1590 741 1641 debet
755 1603 809 1655 pars
825 1591 897 1642 bosia

102 1671 257 1728 consecrator,
272 1665 300 1714 de
316 1677 359 1728 oua
379 1663 485 1713 sacerdos
503 1666 528 1712 et
543 1662 643 1712 ministri
659 1663 697 1712 uel
715 1663 785 1713 etiam
807 1663 896 1728 populus

102 1736 266 1798 communicat,
281 1735 304 1784 in
324 1734 448 1784 crastiuum
468 1733 590 1783 reservari.
610 1734 728 1794 Unde‚ut
752 1735 848 1786 babetur
866 1735 896 1782 lle

102 1811 248 1864 consecrat„
262 1807 313 1857 dist.
326 1811 349 1867 t,
365 1807 472 1856 Clemens
488 1807 548 1868 Papa
561 1805 653 1866 statuit,
663 1805 725 1868 qudd
740 1823 755 1854 ι
764 1811 830 1856 tanta
839 1807 894 1856 bolo

103 1884 181 1930 calista
196 1879 219 1928 in
238 1879 304 1928 uitari
317 1878 449 1940 offerantur,
464 1881 549 1940 quauta
562 1877 647 1940 populo
665 1877 774 1928 sulficere
791 1879 893 1938 debeant3

102 1949 161 2012 qudd
180 1949 200 1999 si
211 1948 377 2008 remanserint,
391 1948 550 1998 incrastinum
565 1961 611 1998 uon
624 1953 781 2009 reserrentur,
794 1951 834 2000 sed
849 1961 894 1998 cun

104 2020 184 2071 timore
197 2023 220 2070 et
237 2023 334 2069 tremore
348 2019 481 2070 clericorum
497 2018 616 2083 diligentil
628 2023 803 2069 consumantur.
816 2037 831 2068 ι
844 2019 893 2077 tinia
941 2036 942 2077 l

104 2094 179 2140 tamen
195 2092 238 2140 boc
252 2094 417 2140 sacramentum
432 2091 534 2154 quotidie
548 2092 685 2141 sumendum
700 2096 736 2141 est
748 2092 758 2155 (
768 2105 813 2142 nou
825 2095 893 2140 auten
941 2128 942 2163 p

103 2176 176 2225 agnus
187 2161 299 2226 paschalis
314 2161 414 2224 quotidie
430 2161 591 2225 sumebatur),
605 2161 658 2212 ideo
671 2167 763 2226 oportet
777 2164 833 2213 alias
842 2164 892 2211 bos-
941 2176 942 2207 l

102 2234 145 2283 tias
162 2239 305 2285 consecratas
319 2247 360 2298 pro
375 2234 471 2284 infirmis
485 2245 628 2284 conseruare.
645 2233 709 2284 Unde
723 2234 747 2284 iu
756 2236 833 2285 eadem
845 2234 890 2283 dist
941 2234 942 2297 j

102 2304 185 2368 legitur
198 2305 232 2369 (1)
251 2322 278 2356 :u
287 2305 408 2374 Presbyter
421 2305 581 2356 eucharistiam
595 2317 684 2369 semper
692 2307 778 2358 babeat
791 2309 890 2371 parabo,
941 2302 942 2353 l

102 2383 127 2426 ut
145 2377 235 2440 quaudo
249 2377 301 2440 quis
312 2377 438 2426 intirmatus
449 2376 527 2440 luerit,
540 2377 615 2426 statim
627 2390 680 2426 eunt
689 2378 853 2436 communicet,
868 2389 891 2424 ue
941 2370 942 2393 ¹

100 2449 152 2498 sinc
164 2449 322 2498 communione
337 2448 453 2498 moriatur.
465 2464 478 2495 n

64 2526 67 2536 ·
135 2520 166 2569 ld
188 2519 346 2570 duodecimum
366 2520 499 2580 dicendum,
513 2519 576 2584 qudd
589 2520 614 2568 in
633 2519 730 2569 solemni
749 2519 889 2572 celebratione
941 2518 942 2589 J

103 2591 179 2642 misse
190 2591 267 2654 plures
278 2591 362 2640 debent
371 2591 463 2652 adesse3
476 2592 538 2641 unde
546 2592 611 2640 Soter
622 2591 683 2654 Papa
693 2591 794 2656 dicittot
805 2591 889 2641 babetur

104 2663 139 2712 be
155 2665 301 2721 consecrat,
314 2662 367 2712 dist.
378 2662 402 2726 l)
414 2678 420 2711 :
433 2679 446 2708 u
457 2662 506 2711 Hoc
515 2675 605 2726 quoque
617 2665 726 2712 statutum
736 2668 781 2727 est,
790 2667 816 2713 ut
825 2659 890 2712 nutu

103 2735 285 2800 presbyterorum
301 2733 419 2784 missarum
438 2734 548 2784 solemnia
569 2733 683 2784 celebrare
699 2739 835 2798 prasumat,
852 2729 889 2781 nisi

137 2877 168 2939 (l)
186 2882 220 2926 Ex
235 2877 337 2926 donoilin
353 2879 539 2937 wormatiensi,
558 2891 609 2936 cap.
621 2878 645 2925 5.
