1942 3284
221 217 253 256 os
268 217 373 257 minero
388 217 465 258 norun
482 217 642 258 secutura.
752 191 758 198 ’
785 209 831 260 etl

53 292 197 357 Respondet>
206 292 339 356 dicendum,
348 292 410 356 quod
422 293 482 344 sicut
494 293 622 358 bnplismns
636 306 677 358 pen
689 293 829 347 ablutionem

12 363 171 428 corporalem
190 363 245 414 tecit
264 362 407 428 spiritualem
423 365 607 417 emundationem
621 365 636 418 t
648 365 745 417 nuculis
763 366 832 431 spiri·

12 437 142 498 landinus,
159 436 191 486 ita
203 437 246 486 hoc
259 438 426 492 sacramentum
439 448 480 499 per
493 437 665 488 medicationem
676 440 831 490 moramenta-

12 509 70 560 lem
84 506 232 567 exteriorem,
248 505 302 556 iacit
315 505 456 557 sanationem
470 506 612 559 interiorem.
631 509 660 558 itt
673 508 734 560 sicut
747 508 833 561 ablutio

12 579 136 645 baptismi
150 578 217 635 nabet
228 579 333 630 ellectum
349 577 472 642 corporalis
481 579 617 643 ablutionis,
630 579 687 644 quin
702 579 773 632 etiam
782 593 833 632 cor·

12 651 131 718 penalem
143 649 314 702 mundationem
324 648 397 710 tacit,
416 650 448 700 ita
463 649 531 700 etiam
546 655 647 702 extrema
663 651 743 703 unctio
759 652 831 704 halet

12 725 136 778 effectum
151 721 273 786 corporalis
286 720 461 784 medicationis,
473 721 562 772 scilicet
574 724 715 787 corporalem
729 724 832 776 sanatio·

13 807 92 846 mem.
107 791 152 842 Sed
166 794 216 842 limo
225 796 262 842 est
272 790 411 854 differentia,
424 791 484 856 qudd
497 792 622 856 corporalis
638 794 725 846 ablutio
741 808 771 846 ex
782 795 834 860 ipsa

13 862 130 916 natust
146 863 283 927 proprietate
293 862 401 914 elementi
414 861 468 914 iacit
485 864 626 927 corporalem
642 866 830 929 mundationem,

15 940 46 990 et
57 935 116 986 ideo
127 947 216 999 semper
226 947 277 986 eam
291 933 360 997 taeit3
375 934 415 986 sed
425 938 529 985 extrema
538 937 617 986 unctio
630 949 677 987 noo
685 936 741 988 iacit
752 952 834 1004 corpo-

15 1009 103 1062 ralem
113 1007 252 1057 sanationem
265 1019 293 1055 ex
301 1005 439 1068 proprietate
453 1006 553 1056 naturali
563 1007 662 1059 maerim
668 1044 678 1070 ,
689 1010 730 1059 sed
742 1022 772 1060 ex
784 1010 832 1060 uir·

14 1083 80 1131 tute
93 1077 183 1139 diviua,
195 1090 245 1140 que
256 1075 419 1127 rationabiliter
430 1082 547 1141 operatur.
556 1079 585 1128 ut
597 1079 653 1143 quia
664 1081 722 1130 ratio
733 1093 832 1144 operans

14 1159 148 1211 numquam
161 1146 249 1198 inducit
262 1147 420 1198 secundarium
441 1147 564 1211 ellectum,
579 1148 624 1198 nisi
634 1147 760 1200 secundirm
770 1149 832 1212 qnod

15 1219 127 1284 expedit
138 1219 167 1268 ad
182 1217 347 1283 principalem,
359 1219 411 1269 ideo
425 1231 455 1270 ex
468 1221 513 1270 hoc
525 1224 666 1272 sacramento
680 1232 725 1270 non
741 1234 833 1286 semper

16 1293 137 1356 sequitur
147 1289 269 1354 corporalis
277 1291 379 1352 sanatio,
392 1291 430 1341 sed
442 1291 533 1354 quando
547 1294 641 1356 expedit
651 1293 679 1361 ad
688 1292 832 1357 spiritualem

15 1363 192 1426 sanationem
207 1366 231 1412 et
247 1366 302 1412 tuno
313 1375 404 1426 semper
419 1375 470 1412 eam
482 1363 584 1426 inducit,
597 1364 720 1415 dummodo
740 1377 787 1415 non
802 1364 833 1416 sit

12 1432 217 1502 impedimentum
231 1447 260 1484 er
278 1438 342 1497 parte
355 1433 497 1498 recipientis.

54 1504 97 1558 Ad
113 1506 210 1569 primum
221 1518 275 1568 ergo
290 1506 425 1568 dicendum,
435 1505 496 1570 quod
512 1507 612 1570 objectio
625 1506 665 1557 illa
674 1507 756 1571 probat
770 1506 832 1572 qudd

14 1576 157 1644 corporalis
166 1576 253 1627 sanitas
263 1590 309 1628 noo
320 1577 350 1626 sil
358 1576 456 1628 effectus
465 1575 599 1641 principalis
607 1577 678 1641 lmus
686 1577 831 1641 sacramenti

14 1657 42 1706 el
61 1653 112 1702 hoc
129 1661 209 1698 uerum
221 1653 265 1700 est.

53 1722 96 1774 Ad
109 1721 235 1771 secuudum
249 1724 311 1784 patet
325 1721 410 1772 solutio
423 1734 453 1772 er
463 1720 539 1772 dictis.

52 1791 97 1844 Ad
113 1790 206 1841 tertium
219 1791 356 1856 dicendum,
369 1790 430 1856 qood
443 1792 516 1842 oratio
528 1792 567 1842 illa
584 1795 620 1842 est
633 1790 706 1841 torma
715 1790 788 1855 hujus
796 1803 834 1842 na·

15 1863 157 1924 coamenti,
169 1862 290 1914 utdictum
306 1866 342 1914 est
354 1864 403 1928 (qu.
414 1867 453 1926 29,
469 1866 539 1913 arte
552 1866 577 1913 et
587 1865 664 1926 nep).
679 1864 709 1912 ut
723 1862 776 1913 ideo
789 1864 834 1913 lnoe

15 1939 201 1992 sacramentum
214 1948 244 1985 er
254 1947 296 1986 sun
312 1935 385 1986 torma
397 1936 466 1986 habet
482 1935 623 1998 ettlcaeiam,
638 1933 748 1999 quantirm
759 1934 833 1986 estde

16 2025 55 2074 re,
75 2005 262 2058 adornationem
274 2007 421 2072 corporalem.

324 2184 481 2236 numenius
497 2185 537 2235 111.

110 2307 197 2352 Utraim
211 2309 253 2354 ltoc
262 2311 438 2353 sacramentum
455 2308 618 2353 characterem
627 2282 759 2365 imprimat.

54 2437 97 2492 Ad
110 2433 206 2485 tertium
218 2435 251 2486 sic
271 2434 407 2499 proceditur.
421 2434 518 2485 Videtur
531 2433 591 2498 qudd
612 2436 656 2486 hoc
668 2437 836 2486 sacramentum

20 2511 188 2566 :haracterem
204 2507 328 2570 imprimat.
345 2506 468 2556 character
481 2505 543 2556 euim
559 2510 596 2557 est
614 2506 704 2570 signum
716 2504 833 2556 distincti·

21 2595 93 2638 pum,
117 2577 164 2628 Sed
177 2576 237 2628 sicut
248 2578 376 2642 baptizalus
397 2575 546 2640 distinguitur
563 2577 576 2626 d
596 2588 642 2627 non
659 2576 789 2640 baptizato,
804 2576 836 2627 ila

22 2655 117 2708 unctus
132 2647 145 2697 it
158 2661 205 2698 non
218 2650 365 2712 nantelmo
382 2647 443 2699 sicut
455 2647 582 2712 baptismus
598 2647 709 2712 imprimit
719 2649 837 2698 characte-

22 2739 89 2787 rem,
102 2721 174 2770 itaet
188 2723 290 2770 extrema
308 2720 395 2772 unctio.

55 2803 86 2848 2.
103 2795 220 2844 Preterea
228 2829 237 2856 ‚
252 2792 277 2844 in
297 2793 382 2844 ordinis
401 2796 424 2844 et
438 2791 617 2844 confirmationis
636 2791 783 2842 sucmmentis
800 2795 837 2843 est

23 2866 127 2926 unctio,
149 2862 209 2913 sieut
225 2865 248 2913 et
266 2861 290 2914 in
304 2866 349 2915 hoo
362 2867 511 2916 sacramento.
526 2863 572 2915 Sed
591 2862 616 2914 iu
633 2863 680 2914 illis
697 2861 836 2927 imprimitur

24 2933 265 2996 incrementorum
279 2935 304 2986 lu
321 2936 377 2988 isto.
