1942 3284
164 242 195 279 us
211 241 403 282 muuuunnmsus
419 241 468 281 noc
486 243 673 283 sacuuuunuur.
774 235 820 309 tol

25 325 88 374 poam
110 322 262 382 acceperunt,
276 323 339 384 patet
358 317 420 382 quod
434 321 566 384 exequendo
581 333 646 371 suam
665 323 819 385 potestatem,

25 396 95 437 reram
111 390 304 442 consecrationem
318 391 419 454 laciuut3
435 391 488 442 idco
497 391 553 443 uere
567 393 669 443 tribuunt
678 406 770 444 omuem
780 407 823 458 po·

25 460 124 510 testatem
138 473 188 524 qum
202 475 253 511 cum
265 461 437 513 consecratione
448 463 524 525 datur,
539 467 562 514 et
582 462 616 514 sic
629 464 727 515 ordinati
740 466 770 515 ab
786 465 822 516 eis

25 528 55 577 uel
68 533 166 592 promoti
180 532 265 583 habeut
276 535 379 584 camdem
386 537 524 598 potestatem
536 548 605 599 quam
616 535 670 600 ipsi.
681 537 711 585 Et
721 534 772 587 ideo
782 535 822 588 alii

25 598 125 652 lirerunt
139 603 200 667 quod
213 603 280 655 etiam
293 605 384 670 precisi
397 606 425 656 ab
436 606 539 657 Ecclesia
553 612 651 672 possunt
659 607 752 659 ordines
765 621 821 660 oon·

25 669 76 722 'erre
91 677 115 724 et
125 675 170 724 alia
182 681 324 726 sacramenta
337 677 468 742 (dummodo
482 677 579 728 iormam
594 679 694 729 debitam
708 682 732 730 et
744 679 822 730 inten-

25 739 103 793 ionenr
117 748 241 808 servent),
257 749 280 797 et
294 747 403 811 quantbm
423 750 452 799 ad
468 749 567 813 primum
583 750 706 813 ellectum,
724 751 764 816 qui
784 753 821 801 est

25 813 108 866 olatio
127 817 277 884 sacramenti,
291 820 431 882 etquanthm
450 821 478 870 ad
493 819 615 882 ultimum,
628 821 668 885 qui
683 827 719 872 est
729 822 821 874 collatio
836 839 854 876 ι(

25 885 106 950 pratia3
122 889 145 937 et
155 888 205 940 hec
220 892 255 939 est
267 891 369 940 secunda
382 890 470 954 opinio.
482 891 528 940 Sed
541 892 587 941 hoc
602 892 671 941 etiam
684 906 731 944 nou
744 895 822 956 potest

25 957 86 1019 itare,
96 957 150 1022 qnia
163 972 191 1010 en
199 961 243 1011 hoc
253 961 303 1024 ipso
312 961 371 1025 qubd
387 961 469 1026 aliquis
477 961 586 1012 haeretico
597 961 692 1026 preciso
702 964 730 1014 ab
742 964 820 1014 Ecule-

25 1025 50 1076 tia
60 1027 87 1078 in
95 1031 244 1082 sacramentis
255 1033 414 1096 communicat,
427 1036 520 1098 pcccat3
536 1037 560 1083 et
573 1032 605 1084 ita
615 1033 682 1084 rictus
690 1035 784 1096 accedit,
795 1038 821 1086 ct

25 1099 113 1158 patiam
127 1103 235 1164 consequi
247 1117 293 1154 uon
302 1107 392 1166 potest,
403 1105 448 1154 uisi
461 1102 519 1154 lortb
527 1103 553 1154 in
563 1105 675 1169 baptismo
687 1105 712 1154 in
722 1104 820 1158 articulo
898 1108 902 1115 '

25 1171 169 1223 necessitatis.
182 1174 211 1223 lit
229 1173 280 1224 ideo
297 1173 336 1224 alii
349 1173 428 1224 hicum
442 1175 502 1239 quod
514 1188 568 1226 uera
585 1180 726 1226 sacramenta
740 1176 820 1228 conlc-

26 1247 79 1306 unt‚
97 1244 138 1294 sed
149 1258 200 1294 cum
213 1243 247 1295 eis
258 1246 353 1309 gratiam
367 1259 413 1296 nou
422 1247 494 1310 dant,
507 1259 554 1297 non
564 1250 656 1311 propter
668 1246 819 1298 inefficaciam

25 1318 219 1378 aeramentorum,
231 1317 271 1366 secl
283 1320 375 1380 propter
384 1321 478 1381 peccata
488 1317 648 1382 recipientium
661 1318 691 1368 ab
700 1317 733 1369 eis
745 1331 821 1370 sacra·

25 1387 95 1435 nenia
110 1391 187 1437 contra
203 1387 379 1450 prohibitionem
394 1389 519 1453 Ecclesiae3
533 1394 557 1440 et
570 1391 621 1441 haec
639 1393 675 1440 est
687 1388 755 1440 tertia
769 1389 820 1454 opi·

25 1455 259 1520 mmmm

44 1529 81 1578 hcl
99 1527 199 1592 primunr
211 1543 265 1594 ergo
275 1530 409 1595 dicendum,
423 1531 485 1596 qubd
499 1533 595 1583 eiectus
609 1531 759 1584 absolutionis
772 1544 821 1583 uon

25 1601 48 1648 st
63 1599 127 1650 aliud
143 1601 211 1663 qnam
224 1603 329 1654 remissio
343 1607 497 1667 peccatorum,
515 1617 565 1667 quae
577 1615 619 1668 per
634 1603 731 1666 gratiam
743 1601 782 1665 lit;
795 1604 821 1652 et

25 1671 65 1723 leo
77 1673 202 1723 hereticus
215 1686 261 1724 nou
271 1677 347 1738 potest
357 1675 489 1737 absoluere,
506 1675 565 1725 sicut
578 1688 622 1725 nec
636 1675 731 1737 gratiam
744 1673 769 1723 in
782 1685 820 1724 sa·

25 1743 142 1794 ramentis
159 1743 279 1811 coulerre;
293 1751 317 1797 et
335 1747 433 1810 iterum,
448 1747 503 1810 quia
522 1748 550 1798 ad
562 1746 728 1796 absolutionem
743 1744 821 1808 requi-

25 1814 70 1865 itur
79 1815 226 1880 jurisdictio,
243 1829 310 1883 quarn
324 1831 370 1868 uon
384 1819 453 1868 habet
467 1819 496 1868 ab
509 1817 611 1868 Ecclesia
623 1817 741 1881 praecisus.

41 1887 80 1936 Ad
91 1887 218 1936 secuudum
231 1888 359 1952 dicendum,
371 1887 430 1951 quod
444 1890 467 1938 in
477 1889 621 1954 promotione
634 1887 707 1951 ipsius
716 1887 821 1951 episcopi

25 1961 81 2007 atur
97 1957 144 2007 sibi
156 1961 257 2022 potestas
273 1973 324 2022 quo
341 1960 452 2024 perpetub
468 1960 579 2011 manetin
597 1974 639 2022 eo,
657 1958 762 2022 quamuis
772 1957 820 2008 dici

25 2041 58 2080 on
74 2027 153 2092 possit
163 2031 285 2092 character,
301 2031 354 2094 quia
371 2044 412 2094 pau
430 2044 480 2082 eam
498 2045 544 2082 nou
561 2031 677 2082 ordinatur
696 2031 765 2080 homo
784 2028 819 2079 ui-

25 2099 74 2150 ectb
96 2100 126 2150 ad
141 2101 226 2164 iteum,
240 2102 281 2152 secl
298 2101 325 2151 ad
344 2115 426 2167 corpus
443 2093 529 2154 Christi
550 2102 687 2167 mysticum3
702 2104 726 2151 et
742 2104 820 2152 tamen

25 2171 171 2222 rdelcbiliter
183 2177 259 2222 manet
276 2172 336 2222 sicut
352 2174 480 2237 character,
498 2173 551 2239 quia
567 2187 608 2237 per
623 2172 819 2223 consecrationem

25 2246 88 2293 itur.

39 2315 81 2364 hu
96 2312 191 2362 tertium
205 2313 339 2374 dicendum,
354 2313 415 2377 qubul
427 2314 461 2363 illi
474 2314 515 2377 qui
527 2319 691 2379 promoventur
704 2317 732 2366 ab
746 2317 820 2365 harc-

25 2386 84 2448 cis,
103 2383 208 2446 quamvis
225 2385 338 2448 accipiant
354 2385 470 2447 ordinem,
482 2399 529 2437 uon
541 2389 616 2436 amen
634 2387 749 2451 recipiunt
765 2398 820 2436 exe·

25 2458 146 2517 utionem,
154 2458 179 2504 ut
192 2455 255 2506 licite
265 2456 354 2520 possint
364 2457 388 2506 iu
399 2456 446 2507 suis
457 2457 574 2508 ordinibus
585 2458 723 2519 ministrare,
733 2456 820 2507 ratione

25 2529 46 2579 la
61 2538 137 2590 quam
152 2526 249 2590 objectio
263 2527 344 2590 tangit.

34 2594 80 2652 nh
106 2600 212 2660 quartum
233 2599 365 2662 (licendum,
388 2598 447 2662 qubd
469 2611 511 2662 per
531 2597 598 2649 iidem
618 2599 728 2650 Ecclesiae
747 2595 821 2647 couti-

25 2673 119 2724 rantur
133 2669 234 2732 passioni
247 2671 346 2728 Christi,
361 2670 414 2734 quia
427 2669 534 2732 quamuis
545 2671 569 2719 in
584 2683 612 2720 ea
624 2683 670 2719 uon
679 2669 725 2719 siut
737 2679 821 2717 secuu-

25 2749 64 2794 im
86 2753 128 2800 se,
141 2744 194 2791 sunt
206 2745 282 2792 tamen
295 2741 320 2790 in
334 2753 361 2792 ea
375 2739 502 2791 secundbm
515 2741 612 2791 formam
625 2739 734 2790 Ecclesia
751 2749 820 2801 qoam

26 2813 121 2868 ruant.

33 2887 79 2940 Ad
92 2881 199 2946 quintum
208 2884 338 2946 dicendum,
350 2883 412 2948 quod
424 2885 468 2932 hoc
478 2886 513 2933 est
521 2882 664 2934 relerendum
676 2882 705 2931 ad
714 2881 820 2932 ultimum

25 2961 126 3011 lectum
140 2959 345 3019 sacramentorum,
359 2959 384 3006 ut
401 2955 469 3008 tertia
480 2955 560 3020 opinio
574 2953 638 3004 dicit.
