1942 3284
135 230 165 276 to
321 237 382 274 runs
397 237 438 286 ιιι,
455 236 548 280 oonsr.
565 237 629 289 mr„
645 235 701 272 nur.
718 236 744 273 ιι.

135 314 198 366 sicut
215 314 391 365 instrumentum
407 315 545 376 separatum.
555 312 591 367 lit
609 311 660 361 ideo
676 314 764 374 oportet
781 310 843 375 quhul
861 310 936 362 uirtus

136 385 253 437 salutifera
266 385 280 434 i
291 384 410 435 diuinitate
432 384 516 434 Christi
535 396 576 447 per
591 383 642 446 eJus
659 382 825 433 humanitatem
845 382 870 431 in
890 383 940 447 ipsa

136 458 275 508 sacramenta
286 456 408 507 derivetur.
423 455 500 505 Gratia
514 458 588 504 autom
602 453 772 504 sacramentalis
787 454 815 503 aul
826 455 870 504 duo
881 467 940 517 pre·

135 526 203 592 ciput
213 526 310 577 ordinari
322 527 420 587 uidetur,
429 526 540 577 videlicet
551 526 580 576 ad
593 526 703 575 tollendos
720 524 823 575 delectus
837 525 940 589 praeteri-

135 602 210 651 torum
229 601 389 661 peccatorum,
403 598 427 648 in
443 600 554 661 quantum
570 600 689 647 transeunt
708 598 760 646 actu
775 599 799 645 et
822 599 941 647 remanent

136 674 215 733 reatu,
230 674 254 719 et
265 669 387 720 iterumad
399 668 561 734 perficiendam
572 669 669 718 enimam
679 667 703 717 in
713 668 751 717 his
761 680 812 731 quc
824 668 941 731 pertinent

137 742 166 792 ad
181 743 266 792 cultum
281 742 337 805 liei,
352 740 475 793 morutium
496 740 628 803 religionem
648 739 700 789 ritae
712 739 851 790 christiane.
867 738 943 789 Mani-

137 814 223 865 festum
235 818 269 864 est
281 818 358 864 autem
369 828 399 865 er
409 813 446 863 his
462 827 513 877 quae
527 811 594 875 sopri
604 810 663 861 dicta
676 813 789 873 sunthu.
807 812 870 861 liet
883 810 941 873 ts),

138 884 202 948 quod
221 884 324 935 Christus
345 884 450 935 liberauit
464 897 506 934 nos
522 883 536 933 a
551 882 751 945 peccatisnostris
772 880 889 945 precipue
903 895 942 946 per

138 969 204 1007 snam
214 955 499 1021 passionem,nonsoli1m
513 954 639 1005 efficienter
647 956 670 1003 et
684 951 862 1015 peritonaeon
875 954 942 1003 etiam

139 1026 300 1078 satisfactorie.
311 1028 421 1077 Similiter
427 1026 496 1077 etiam
503 1039 544 1089 per
552 1038 615 1074 suam
624 1021 754 1087 passionem
760 1022 863 1073 initiavit
873 1024 942 1073 ritum

140 1098 272 1149 christiane
288 1098 418 1162 religionis,
431 1114 446 1144 ι
462 1097 560 1147 offerens
578 1095 679 1158 scipsum
692 1094 831 1145 oblationem
847 1099 874 1145 et
890 1096 943 1145 hos·

140 1168 196 1219 tiam
208 1171 267 1230 lieo,
278 1186 292 1216 o
306 1174 333 1219 ut
344 1170 426 1220 dicitur
441 1170 542 1231 Ephes„
558 1168 586 1215 V.
601 1166 666 1217 Unde
679 1166 826 1215 manifestum
836 1170 874 1215 est
884 1165 943 1230 quod

139 1244 283 1291 sacramenta
294 1240 400 1291 Ecclesia
413 1239 543 1303 specialiter
560 1238 646 1287 hahent
662 1235 768 1287 uirtutem
788 1249 817 1286 ει
835 1238 943 1299 passione

141 1310 241 1375 Christi,
255 1313 322 1376 cujus
333 1312 405 1363 uirtus
419 1308 661 1375 quodammodouohis
673 1308 841 1371 copulaturper
850 1320 946 1372 suscep·

141 1382 229 1433 tionem
240 1387 448 1444 sacramentorum,
461 1381 485 1430 in
497 1381 565 1444 cujus
575 1380 665 1444 signum
675 1380 703 1429 de
714 1380 784 1429 latere
793 1377 880 1430 Christi
891 1391 946 1443 pen·

142 1453 219 1504 (lentis
234 1454 258 1503 in
279 1467 345 1504 cruce
368 1454 483 1502 tinxerunt
501 1466 560 1515 aqua
579 1456 601 1503 et
624 1451 732 1513 sanguis,
756 1463 853 1514 quorum
877 1462 946 1501 unum

142 1526 243 1591 pertinet
259 1526 288 1575 ad
300 1525 453 1590 baptismum,
467 1524 529 1574 aliud
543 1524 571 1574 ad
582 1522 761 1586 Eucharistiam,
771 1536 821 1586 quae
833 1526 892 1573 sunt
905 1536 946 1588 po·

143 1595 229 1647 tissirrm
248 1601 398 1647 sacramenta.

175 1668 209 1718 hd
228 1667 326 1728 primum
340 1680 394 1730 ergo
406 1667 540 1728 licendum,
552 1664 613 1729 qruid
626 1664 759 1727 roverium,
773 1666 841 1727 prout
856 1668 908 1716 erat
925 1664 948 1714 in

144 1738 259 1803 principio
276 1741 336 1803 apud
348 1740 435 1801 heum,
447 1738 546 1789 vivificat
561 1737 662 1797 animas,
674 1752 688 1783 ι)
704 1734 762 1785 sicut
777 1747 847 1798 agens
865 1735 948 1800 princi-

145 1810 212 1873 pale;
227 1824 279 1861 caro
295 1816 371 1862 tamen
384 1811 434 1874 ejus
445 1814 470 1861 et
483 1808 590 1873 mysteria
601 1808 626 1857 iu
643 1820 672 1857 ea
682 1808 813 1871 perpetrata
826 1810 948 1869 operantur

144 1880 347 1931 instrumentaliter
365 1881 394 1931 ad
409 1881 492 1930 auimae
510 1882 598 1943 uitam,
613 1880 642 1929 ad
657 1879 729 1929 vitam
749 1880 825 1927 autem
846 1878 949 1942 corporis

146 1964 192 2002 non
211 1952 285 2001 solium
299 1951 515 2015 instrumentaliter,
530 1952 570 2001 sed
587 1950 657 2001 etiam
672 1963 713 2013 ρει
730 1949 851 2013 quamdam
873 1960 948 1998 exeun

145 2022 291 2087 planitatem,
305 2029 331 2072 ut
343 2022 410 2086 sopri
423 2021 553 2072 dictumest
564 2025 619 2085 (qu.
629 2025 671 2082 to,
685 2023 728 2071 art.
740 2024 768 2079 1,
785 2019 811 2068 ad
826 2018 862 2081 3).

178 2094 213 2143 hd
232 2094 355 2145 secundum
375 2093 513 2153 dicendum,
527 2092 589 2155 quod
601 2106 643 2157 per
659 2090 727 2142 sudem
741 2090 845 2141 Christus
865 2089 951 2140 hahitat

147 2164 173 2215 in
181 2164 255 2228 nohis,
264 2169 290 2215 ut
304 2164 387 2215 dicitur
397 2164 497 2229 tiphon,
507 2164 551 2227 lll3
561 2168 584 2214 et
593 2164 645 2215 ileo
653 2164 727 2213 virtus
736 2160 821 2213 Christi
832 2162 950 2226 copulatur

147 2237 213 2288 nohis
227 2250 269 2300 per
283 2236 360 2287 fidem.
375 2237 454 2287 Virtus
472 2240 549 2287 autem
566 2236 682 2287 remissiva
699 2236 844 2299 peccatorum
858 2230 951 2297 speciali

148 2309 246 2372 quodam
266 2309 334 2358 modo
353 2308 451 2371 pertinet
470 2309 498 2358 ad
512 2307 641 2372 passionem
659 2306 731 2370 ipsius
745 2302 845 2365 Christi3
861 2307 887 2355 et
902 2305 951 2355 ideo

149 2391 191 2442 per
200 2379 266 2429 tidem
280 2378 394 2442 passionis
406 2382 457 2441 elus
472 2378 603 2443 specialiter
616 2377 720 2427 homiues
736 2374 884 2425 liberanturt
897 2386 951 2439 pec·

150 2450 216 2512 catis,
225 2448 349 2501 secundhm
364 2450 420 2500 illud
434 2452 517 2509 Rom„
528 2450 557 2499 lll
570 2463 576 2497 z
590 2465 603 2495 o
615 2450 687 2508 Quom
699 2447 817 2511 proposuit
830 2446 893 2495 heus
903 2456 952 2509 pro

150 2520 278 2587 pitiatorem
292 2536 332 2587 per
346 2523 413 2573 tillem
426 2521 451 2571 in
468 2520 579 2583 sanguiue
594 2519 676 2583 ipsius.
691 2534 705 2565 u
721 2518 749 2568 lit
763 2517 814 2567 ideo
828 2516 903 2567 uirtus
914 2528 952 2565 sa·

151 2596 393 2657 numerorumque
415 2593 530 2644 ordinatur
545 2591 574 2641 acl
594 2589 693 2641 tollenda
710 2590 819 2654 peccata,
837 2584 952 2652 precipui

151 2668 228 2716 estex
243 2666 287 2716 tide
301 2664 414 2731 passionis
429 2662 523 2713 Christi.

184 2739 219 2790 ht
230 2739 324 2790 tertium
338 2736 467 2793 dicendum,
479 2732 540 2798 quun
552 2730 683 2797 justificatio
697 2731 826 2783 attribuitur
838 2740 952 2781 resurrec-

153 2809 211 2861 tioni
223 2811 310 2862 ratione
323 2808 414 2859 termini
427 2806 463 2856 ool
477 2818 560 2870 quem,
575 2802 615 2868 qui
630 2808 666 2856 est
676 2804 767 2856 novitas
782 2804 835 2854 vita
850 2815 891 2867 per
904 2812 954 2864 gra·

153 2880 218 2934 tiana
238 2879 371 2933 Attrihuitur
385 2882 459 2929 tamen
473 2874 574 2941 passioni
588 2876 675 2929 ratione
687 2874 809 2929 terminio
828 2888 895 2939 quo,
908 2870 955 2923 sci·

153 2952 209 3004 licet
221 2949 330 3017 quanthm
343 2950 371 2999 ad
384 2947 540 3000 dimissionem
552 2947 632 3012 culpe.
