1942 3284
200 167 231 202 ns
246 166 414 204 runmrusnrrs
429 167 505 205 suros
524 167 684 206 ssmsrssnrr.
795 161 841 208 stt)

25 239 145 304 citrensi,
155 240 192 293 rel
206 241 251 290 nisi
264 241 364 294 omiserit
379 241 476 294 debitam
493 242 645 305 diligentiam,
658 243 772 307 quiajam
785 251 841 308 qno

28 311 163 367 dammodo
180 310 277 360 eflicitur
290 310 452 362 voluntarium.
471 311 525 363 Non
541 317 617 364 autem
635 315 679 364 boe
695 318 732 364 εει
749 319 843 378 propter

26 389 86 438 boc
100 381 161 447 qubd
175 381 241 445 culpl
254 386 345 444 careat,
361 382 412 446 quia
423 383 491 433 etium
509 383 559 434 sine
570 383 638 448 culpa
651 383 772 434 incurritur
785 387 843 436 irre·

24 456 166 524 gularltos3
182 457 205 504 ει
218 453 268 504 ideo
281 453 351 505 eliam
363 454 401 504 ille
416 454 455 518 qui
474 467 499 506 se
513 454 655 507 defendendo
669 454 777 518 inaliuuo
786 469 842 510 cusu

23 540 87 582 non
100 529 198 590 peccat,
212 525 361 578 homicidium
376 525 540 590 committens,
551 527 700 578 nibilominus
714 526 843 590 irregularis

23 603 85 652 est.

337 670 497 755 nnrrcunns
512 704 540 753 u.

61 831 157 881 vorum
169 832 293 888 illepitime
305 832 358 876 nuti
371 832 509 940 dfhea'yffb
518 832 646 878 ordinibus
659 835 814 892 suscipiendis

386 906 447 952 impe
464 907 504 940 err.

69 1027 111 1080 Ad
120 1025 225 1088 quintum
237 1025 270 1076 sic
281 1025 418 1090 proceditur.
429 1023 525 1076 Videtur
535 1025 598 1090 qnbd
608 1025 727 1090 illegitimi
737 1027 786 1077 nali
799 1039 847 1078 non

26 1103 143 1160 debeant
155 1098 183 1152 ab
197 1097 314 1149 ordinibus
328 1097 478 1161 suscipiendis
490 1097 613 1161 impediri.
628 1097 686 1158 Quin
698 1115 713 1146 u
726 1098 786 1161 filim
798 1112 846 1150 nun

24 1175 110 1232 debet
124 1173 214 1235 portare
224 1169 367 1234 iniquitatem
377 1169 472 1234 putris»
489 1169 611 1234 (diresin,
626 1170 715 1232 lllllll)
726 1185 733 1232 ;
745 1172 847 1231 portaret

27 1249 122 1300 autem
137 1241 158 1292 si
174 1244 264 1306 propter
278 1243 322 1293 boc
335 1239 482 1304 impediretur
499 1241 528 1292 ob
546 1240 666 1293 ordinibus
684 1240 847 1305 suscipiendis.

28 1321 116 1380 Ergo,
133 1315 179 1362 etc.
704 1342 706 1347 κ

71 1391 102 1439 2.
117 1385 238 1448 Pretereu,
249 1384 321 1448 magis
331 1383 453 1448 impeditur
464 1383 547 1448 ebonis
555 1387 652 1449 propter
665 1385 780 1437 delectum
793 1395 847 1449 pro-

27 1462 133 1532 prium,
145 1455 210 1518 quin
220 1455 329 1508 alienum.
340 1457 385 1508 Sed
396 1455 568 1520 dsusccptione
582 1457 689 1508 ordinum
698 1460 792 1521 propter
802 1455 848 1506 illi-

26 1537 117 1588 citum
136 1527 279 1580 concubitum
293 1542 358 1578 suum
372 1541 420 1578 non
434 1540 525 1592 semper
546 1527 630 1590 aliquus
645 1527 775 1592 impeditur.
788 1528 848 1591 llrgo

24 1618 88 1662 nen
102 1603 196 1665 propter
209 1598 312 1652 illicitum
323 1599 466 1650 concubitum
481 1597 553 1663 patris
565 1599 610 1649 sui.

72 1672 125 1726 Sed
135 1674 212 1724 contro
220 1673 268 1734 est,
283 1671 344 1734 quod
353 1669 433 1722 dicitnr
444 1671 562 1728 Denter„
573 1671 647 1721 xxlll
664 1685 670 1720 e
685 1669 761 1720 «Non
774 1669 849 1734 ingre-

29 1749 126 1805 dietur
139 1757 237 1796 mamzer
247 1747 305 1808 (boc
314 1749 350 1795 est
362 1744 391 1796 de
406 1746 479 1794 scorto
490 1743 569 1807 nutus)
580 1744 605 1792 in
614 1742 739 1793 Ecclesium
750 1743 850 1805 bomini,

27 1817 162 1886 usquead
178 1816 289 1869 decimam
303 1816 482 1880 generationem.
500 1832 514 1864 u
531 1816 590 1880 Ergo
605 1815 679 1866 multo
693 1813 769 1865 minis
782 1814 850 1866 debet

27 1887 178 1964 promoveri
190 1888 219 1938 ad
235 1888 343 1940 ordines.

76 1961 284 2027 (Concnnsro.-
296 1959 355 2009 Cbrn
366 1957 465 2009 ordinati
479 1958 645 2009 constituantur
658 1958 683 2008 in
696 1958 792 2023 quadam
804 1970 852 2022 prm

30 2035 103 2094 auis
120 2030 248 2095 dignitate,
266 2046 317 2096 qum
330 2045 360 2084 ex
371 2031 453 2083 vitiosa
474 2031 561 2093 origine
577 2031 719 2093 obscuretur,
732 2030 854 2094 illegitimi

29 2106 98 2165 nati
118 2103 273 2166 impediuntur
296 2103 309 2154 d
327 2103 480 2168 suscipiendis
498 2103 634 2164 ordinibus,
653 2101 761 2167 precepti
777 2101 855 2168 polibs

30 2179 119 2248 (ῃιιιω
137 2175 271 2227 ornamenti
284 2174 446 2238 necessitate.)

78 2245 223 2308 Respondes
241 2245 378 2308 dicendum,
393 2245 452 2310 qnbd
469 2244 566 2296 ordinati
585 2244 611 2294 in
629 2244 726 2308 quadum
746 2245 854 2307 dignitate

33 2335 98 2394 91·ae
111 2315 164 2367 aliis
179 2317 363 2379 constituuntur3
378 2320 401 2368 et
413 2317 464 2368 ideo
480 2329 510 2367 ex
523 2315 626 2380 quadam
642 2316 762 2365 honestate
775 2315 853 2378 requi·

27 2396 109 2452 fitur
122 2387 148 2438 in
161 2387 195 2437 eis
211 2386 302 2438 claritas
318 2388 435 2450 quedam,
446 2401 493 2439 non
510 2387 539 2437 de
552 2386 694 2436 necessitate
709 2384 854 2449 sacramenti,

31 2464 90 2522 aad
102 2459 135 2512 de
148 2459 282 2511 necessitate
290 2458 411 2523 praeruptu
422 2462 447 2509 nt
458 2458 544 2510 scilicet
561 2459 610 2510 sint
622 2458 689 2508 bone
701 2457 777 2519 tome,
787 2456 855 2507 bonis

36 2531 157 2594 moribus
176 2530 264 2594 ornati,
280 2543 326 2580 non
344 2529 432 2594 publice
447 2531 598 2594 portunus.
614 2530 644 2580 m
656 2529 710 2594 qur
722 2528 856 2580 obscuratur

35 2601 154 2664 nominis
170 2601 258 2652 claritas
276 2615 303 2652 ex
317 2601 399 2652 uitiosa
417 2601 525 2666 origine,
539 2602 590 2652 ideo
609 2601 677 2652 uiam
696 2613 726 2650 ex
737 2597 855 2662 illegitimo

38 2687 104 2733 toro
116 2671 165 2724 nati
176 2671 188 2722 b
201 2673 344 2737 susceptione
357 2673 460 2724 ordinum
473 2673 632 2737 repelluntur,
643 2671 689 2722 nisi
701 2669 752 2721 sirm
766 2671 800 2721 eis
808 2669 856 2721 dis-

41 2748 182 2819 pensetur3
197 2748 220 2796 ει
240 2743 303 2795 tantb
321 2746 357 2796 est
373 2743 485 2794 dildeilior
500 2757 578 2795 eorum
600 2742 757 2806 dispensatio,
772 2740 857 2806 quanti

40 2831 138 2880 sorum
151 2817 214 2880 origo
229 2821 263 2869 est
276 2819 374 2882 turpior.

80 2891 121 2945 Ad
130 2888 228 2954 primum
242 2901 295 2953 ergo
307 2887 506 2952 dicendumqubd
522 2885 677 2950 irregularitas
688 2897 734 2936 non
744 2890 781 2938 est
790 2896 858 2950 pona
