1942 3284
197 176 228 214 D!
244 176 291 214 USU
305 176 476 215 RUCHAllfflAE
493 176 537 215 PER
552 174 680 216 cnmsnttn.
794 168 839 215 409

29 252 119 316 (Epist.
137 252 203 313 cut:
217 252 346 303 «domiuus
357 254 423 304 tescs
432 253 535 307 Christus
549 252 598 318 ipse
608 252 705 305 couuiua
720 257 744 305 et
756 254 839 305 conu-

27 323 92 373 uium
99 361 108 387 ,
123 324 181 387 ipse
195 325 320 377 comedens
330 330 354 376 et
366 325 406 388 qni
417 325 542 376 comeditur
559 326 629 390 (1).»

59 396 390 457 (corausto-Ciminum
405 394 457 446 cdm
471 409 522 460 qua
541 396 592 446 aliis
609 396 749 449 obseruanda
769 397 841 450 insti-

26 466 80 527 tuit,
94 467 153 532 ipse
165 468 253 533 primus
263 469 381 519 obseruare
391 468 550 530 consueverit,
561 480 606 519 non
616 468 682 520 modi
695 468 731 519 sui
739 470 840 535 corporis

27 543 204 590 sacramentum
230 540 329 591 instituit
352 540 488 591 sumendum
515 540 581 605 aliis,
606 541 646 591 sed
670 541 745 605 ipsum
771 542 839 593 stiam

29 611 163 675 sumpsit.)

58 683 205 747 despondeo
220 684 343 734 dicendum
350 720 358 746 ,
371 682 534 747 quodquidam
546 681 652 733 dixerunt
664 684 841 747 quddctristus

29 752 53 802 in
68 767 143 805 coena
165 767 247 819 corpus
260 758 284 805 et
296 755 430 818 sanguinem
451 767 519 804 suum
536 752 651 817 discipulis
669 754 838 819 suotradidit,

29 836 74 874 non
83 828 169 875 tamen
177 825 230 887 ipse
240 825 345 889 sumpsit.
357 826 399 875 Sed
409 827 453 875 hoc
463 838 509 875 non
516 823 606 874 uidetur
614 826 777 877 conuenienter
784 827 840 889 dici,

29 896 82 958 onia
96 898 207 949 Chmstns
221 912 248 948 ea
263 912 315 963 qne
325 898 378 949 aliis
387 898 530 949 obseruanda
547 897 660 961 instituit,
673 898 724 963 ipse
737 899 841 963 primitiis

31 970 183 1034 obseruauit3
202 972 263 1021 nude
282 976 306 1022 et
325 971 375 1035 ipse
394 971 458 1035 prius
471 971 582 1034 baptizari
605 971 692 1031 uoluit,
705 971 772 1035 quim
791 972 840 1022 eliis

30 1040 175 1104 baptismum
194 1044 340 1107 imponeret,
351 1042 476 1094 secundini
488 1042 543 1093 ittud
561 1044 628 1099 Act„
647 1044 678 1092 t:
695 1060 708 1091 u
722 1044 797 1107 Coepit
805 1046 842 1095 te-

32 1125 71 1162 sus
86 1115 200 1165 iacereet
208 1117 299 1165 docere.
308 1131 323 1161 u
332 1115 396 1166 Unde
404 1119 427 1165 et
439 1113 514 1178 primd
522 1115 572 1178 ipse
587 1126 669 1179 corpus
677 1128 743 1165 suum
755 1119 779 1165 et
789 1128 841 1165 san-

32 1186 128 1247 guinem
151 1188 264 1251 sumpsit,
276 1191 300 1237 ot
312 1192 393 1251 postea
407 1186 524 1251 discipulis
545 1187 677 1237 sumendum
697 1186 797 1237 tradidit.
814 1188 842 1238 st

32 1257 75 1306 hoc
90 1260 206 1322 estquod
221 1261 295 1313 Ruit,
312 1260 359 1317 lit,
375 1271 444 1322 super
461 1258 517 1307 ittud
534 1274 540 1306 :
558 1274 572 1306 u
586 1257 691 1320 Cumque
704 1258 843 1310 comedisset

34 1331 57 1376 et
64 1328 173 1392 bibisset,
184 1335 240 1393 etc,
249 1348 262 1378 o
275 1330 330 1381 dicit
340 1331 429 1392 Glossar,
439 1328 499 1392 quod
510 1328 635 1380 ‹uchristns
645 1329 744 1379 comedit
754 1330 842 1380 sitibit

34 1397 58 1447 in
76 1402 229 1465 coena,ci1m
246 1402 346 1466 corporis
359 1407 383 1451 et
400 1400 519 1464 sanguinis
530 1402 566 1451 sni
585 1405 752 1451 sacramentum
774 1402 843 1452 disci·

34 1472 96 1533 pulis
110 1474 214 1526 tradidit.
230 1492 244 1522 »
255 1475 344 1525 Under
359 1474 411 1537 quia
422 1472 488 1538 pueri
501 1474 726 1523 communicaverunt
739 1473 801 1523 carni
819 1477 843 1524 et

37 1546 157 1607 sanguini,
169 1550 193 1597 et
206 1547 255 1611 ipse
269 1545 413 1610 participavit
424 1546 520 1596 eisdem,
532 1561 546 1592 s

67 1617 103 1665 dd
115 1617 214 1681 primum
225 1631 279 1681 ergo
293 1618 431 1677 dicendum,
443 1616 504 1680 quod
518 1616 542 1666 in
553 1615 682 1679 Euangeliis
690 1616 773 1679 legitur
781 1616 842 1680 qudd

38 1684 145 1739 Christus
158 1689 248 1753 accepit
262 1702 346 1752 panem
359 1692 384 1738 et
396 1688 504 1751 calicem;
521 1689 613 1739 nonest
624 1690 699 1737 auum
710 1687 843 1750 intelligen-

40 1756 92 1807 dum
103 1758 168 1823 qudd
176 1761 291 1825 acceperit
307 1759 381 1811 adim
394 1759 419 1810 in
431 1760 553 1821 manibus,
567 1764 593 1809 ut
606 1758 699 1821 quidam
710 1759 796 1819 dicunt,
804 1760 844 1809 sed

40 1840 66 1878 eo
87 1831 158 1881 modo
175 1831 262 1896 accepit
280 1845 326 1895 quo
344 1832 396 1882 aliis
412 1831 571 1896 accipiendum
591 1830 691 1880 tradidit.
708 1830 771 1881 Unde
791 1829 843 1880 cum

43 1900 162 1967 discipulis
171 1904 255 1954 dixerit
267 1920 273 1954 :
287 1904 412 1967 «Accipite
426 1907 450 1953 et
458 1904 601 1966 comedite»
613 1902 727 1953 etiterum
739 1916 745 1951 r
756 1904 844 1953 uncci-

42 1971 89 2034 pite
97 1978 121 2025 et
129 1976 229 2036 bibite»
243 1976 414 2039 intelligendum
423 1979 459 2026 est
469 1974 529 2038 quod
539 1976 589 2040 ipsa
598 1974 713 2038 occipiens
722 1974 845 2026 comederit

43 2047 65 2092 et
77 2046 171 2098 biberit.
190 2048 255 2099 Unde
266 2052 291 2099 et
303 2048 396 2111 quidam
409 2046 502 2099 metrice
517 2048 622 2097 dixerunt
634 2062 641 2097 ι

135 2181 142 2199 ι
154 2167 193 2204 uer
205 2166 259 2203 sedet
270 2167 291 2203 in
304 2178 366 2209 curua,
379 2165 436 2203 turba
449 2166 524 2204 cinctus
536 2164 634 2211 duodena,

132 2223 156 2260 Se
168 2229 223 2261 tenet
234 2222 254 2259 in
266 2223 362 2269 manibus,
376 2235 396 2260 se
409 2222 461 2260 cibat
472 2223 512 2273 ipse
525 2222 585 2259 cibus.
599 2238 607 2257 ι

77 2325 111 2375 td
118 2326 243 2377 secundum
251 2326 381 2387 dicendum,
389 2325 450 2390 quod
460 2326 520 2376 sicut
529 2325 597 2389 sopri
605 2324 691 2375 dictum
701 2331 736 2376 est
744 2325 794 2389 (qu.
805 2328 845 2386 to,

48 2399 89 2447 art.
104 2398 145 2461 5),
159 2398 283 2460 Christus,
302 2397 426 2449 meandum
441 2396 502 2461 qudd
522 2399 558 2448 est
571 2398 614 2448 suh
628 2398 673 2448 hoc
688 2401 845 2455 sacramento,

49 2474 190 2534 eomparatur
207 2471 236 2521 ad
249 2470 339 2532 locum,
353 2483 400 2519 non
413 2468 536 2519 secundum
557 2469 659 2533 proprias
673 2468 843 2531 dimensiones,

51 2540 90 2589 sed
97 2540 219 2593 semnddm
228 2540 382 2591 dimensiones
393 2540 520 2605 specierum
530 2538 735 2603 sacramentalium
745 2539 778 2589 ita
787 2538 846 2601 codd

50 2607 73 2659 iu
89 2626 228 2677 quocumque
243 2612 293 2662 loco
306 2612 345 2662 ubi
359 2616 412 2662 sunt
424 2612 470 2664 ittae
482 2612 588 2675 species,
610 2614 646 2661 est
664 2611 715 2676 ipse
728 2610 845 2661 Christus.

51 2679 138 2747 Etonia
146 2683 289 2749 speciositlc
297 2686 421 2747 potuerunt
429 2696 479 2735 esse
486 2684 512 2733 in
522 2682 625 2734 manibus
631 2685 655 2733 et
666 2682 690 2733 iu
698 2694 738 2733 ore
749 2679 844 2740 Christi,

84 2836 115 2899 (1)
125 2841 212 2893 oraru.
225 2837 292 2896 aad
301 2837 398 2897 nouo„
408 2838 509 2886 reconda
527 2838 552 2885 tn
565 2837 689 2889 necron,
701 2834 755 2882 oisc.
770 2834 799 2892 2,
816 2834 849 2879 ue

55 2905 191 2959 wem„
202 2912 256 2961 enp-
267 2900 317 2950 Nec
328 2899 428 2959 Unuca.
