1942 3284
251 232 282 268 on
297 231 456 269 euenturum
471 230 642 270 rounurmrua.
792 223 838 270 tta

48 319 114 368 rum,
129 307 217 370 oportet
232 305 345 356 tamenin
363 305 456 356 homine
468 318 611 370 perseverare
623 306 797 372 poententiam,
814 323 842 361 no

48 378 132 428 iterum
147 376 231 426 incidat
240 376 266 426 iu
278 379 404 441 peccatum.

80 447 116 497 Xd
131 447 255 497 secundum
267 447 403 510 dicendum,
417 445 477 512 quod
492 459 558 510 agere
572 447 729 512 poenitentium
747 449 841 504 interio-

46 531 96 570 rem
107 516 178 568 simul
190 521 214 568 et
225 518 373 580 exteriorem,
385 517 484 581 pertinet
494 519 521 569 ad
532 520 615 568 statum
625 518 792 584 incipientium,
803 523 843 587 qui

44 587 135 639 scilicet
149 588 178 638 de
193 599 254 638 nouo
271 586 396 638 redeunti
416 592 522 652 pemato3
538 589 579 639 sed
595 589 729 653 punitentia
748 590 842 644 Interior

44 659 117 711 hahet
131 659 206 711 Iocum
220 660 289 710 etiam
307 659 332 710 in
344 660 516 723 proficientibus
536 663 560 710 et
579 660 701 723 perfectis,
716 663 841 714 secundiun

44 729 101 781 iilud
112 729 183 782 Psoi.
194 729 319 782 LXXXIII:
335 729 510 781 dimensiones
520 729 546 781 iu
559 729 625 782 cordo
636 743 678 782 suo
692 731 804 797 disposuit
816 734 841 784 iu

44 801 107 852 reIIe
124 802 283 866 lacrymamm.
299 815 314 849 s
331 800 396 852 IIude
414 804 438 851 et
455 800 506 864 ipse
523 800 606 852 mulne
622 799 726 866 ditetat,
745 804 755 854 I
770 803 841 862 cor„

44 871 87 923 XV
97 887 103 922 ε
115 887 130 919 o
141 873 192 922 Iton
203 885 253 923 sum
266 872 348 934 dignus
361 871 437 922 uocari
450 871 583 936 Apostolos,
595 873 702 936 quondm
711 879 844 938 persecutus

43 957 98 996 som
109 942 233 994 Ecclesiam
247 943 321 994 [teia

75 1013 112 1064 nd
122 1012 214 1064 tertium
222 1011 350 1074 timendum,
359 1011 418 1077 quid
428 1011 466 1064 illa
474 1017 577 1078 tempore
585 1013 757 1079 pradgarnntur
770 1015 842 1081 poeni·

18 1119 21 1126 .
44 1083 164 1145 tenuius,
178 1091 286 1146 quantum
297 1083 325 1133 ad
338 1083 450 1135 actionem
463 1083 582 1135 exterioris
592 1085 741 1149 poenItentio.

337 1259 496 1314 strictius
511 1260 550 1312 IX.

197 1389 283 1434 Uirrius
292 1387 431 1446 petilentia
439 1389 512 1444 possit
520 1401 569 1433 esee
579 1391 700 1438 motiano.

74 1521 114 1574 ud
122 1531 208 1572 nonum
218 1517 252 1569 sio
258 1515 393 1580 proceditur.
400 1515 494 1566 Videtur
503 1517 563 1580 qudd
570 1517 704 1582 poenitentia
712 1534 759 1574 uon
768 1525 843 1587 possit

42 1605 99 1648 esse
112 1589 229 1643 condona.
243 1585 397 1638 diciturenim
410 1587 514 1644 demun..
524 1587 573 1638 XIII
585 1601 592 1638 z
603 1605 618 1636 u
628 1589 733 1648 Quieseat
746 1605 791 1644 uox
802 1599 841 1646 tua

42 1665 57 1716 tr
71 1661 182 1729 plorato,
196 1661 219 1709 et
228 1656 288 1708 oculi
302 1655 337 1706 tui
346 1655 480 1721 ilacrpmis.
491 1673 506 1704 n
520 1657 565 1708 Sed
576 1659 620 1708 Inoo
635 1670 686 1710 esse
699 1672 746 1713 nou
753 1669 841 1726 posset,

42 1734 64 1785 si
77 1727 220 1798 punitentia
229 1727 404 1790 continuaretur,
414 1739 466 1791 quae
479 1727 585 1778 consistit
599 1728 624 1778 iu
632 1728 720 1793 plorato
733 1735 758 1782 ct
769 1733 842 1798 Iaerp·

42 1803 101 1855 rute.
120 1799 180 1862 Ergo
194 1795 330 1862 penitentia
342 1807 388 1846 uon
395 1798 473 1860 potest
484 1795 620 1848 coniuncti.

76 1879 105 1923 2.
121 1871 252 1929 rieures,
262 1868 290 1918 de
304 1865 405 1931 metuet
422 1867 481 1918 bono
492 1879 561 1931 opere
575 1868 643 1920 debet
654 1869 724 1923 homo
734 1871 841 1938 gaudere,

41 1937 176 1996 secundum
184 1937 241 1989 utun
253 1935 348 1987 Peotm.
360 1935 429 1988 XCIX
441 1952 447 1986 :
466 1935 574 1988 «servite
587 1937 682 1990 Itomiuo
690 1940 717 1992 in
727 1941 815 1993 latitia.
825 1962 840 1993 u

41 2012 92 2066 sed
103 2021 174 2075 agero
181 2005 337 2073 poeniteutiam
346 2010 383 2058 est
390 2007 475 2058 Ionum
483 2019 550 2072 opus.
559 2007 618 2072 Idrpo
628 2009 657 2060 de
667 2010 768 2076 trocipso
775 2012 843 2064 dotet

40 2088 118 2137 homo
131 2080 238 2145 gaudere.
247 2073 292 2129 Sed
302 2089 348 2128 uon
355 2080 431 2142 potest
440 2079 508 2129 homo
520 2079 588 2130 simui
601 2081 698 2143 gaudere
712 2085 736 2133 et
747 2083 840 2148 umori,

39 2160 69 2208 ut
85 2154 155 2219 patet
168 2161 209 2214 per
220 2147 382 2211 Phitosophum
398 2146 424 2196 io
441 2147 472 2197 IX
485 2147 570 2198 motio.
583 2149 652 2214 (dep.
665 2149 707 2215 t).
724 2151 783 2216 Ergo
795 2167 842 2206 non

39 2225 189 2292 potestesse
197 2217 257 2283 quod
269 2218 382 2282 poenitens
392 2215 500 2268 continue
509 2219 613 2270 tristetur
626 2219 767 2285 depereatis
779 2237 841 2288 prn-

38 2289 204 2356 teritis,quod
214 2287 353 2354 pertinetur
363 2287 473 2340 rationem
483 2289 630 2352 penitentie.
639 2291 698 2356 Ergo
707 2292 841 2357 penitentia

37 2378 93 2419 non
101 2363 181 2429 potest
189 2371 243 2412 esse
252 2357 368 2410 continue.

77 2440 102 2485 a.
118 2434 244 2492 ructaret,
257 2429 278 2480 II
291 2425 327 2480 ud
339 2428 409 2489 Cor„
425 2429 460 2491 II,
474 2427 596 2495 Apostotue
609 2429 663 2482 dIcit
678 2446 685 2481 t
700 2449 715 2481 u
728 2432 842 2485 consola·

37 2504 104 2559 mini
121 2499 223 2568 (scilicet
243 2499 425 2564 penitentem),
440 2512 469 2550 ne
489 2503 548 2552 toute
570 2501 729 2554 abundantiori
748 2501 841 2553 trIsiitiu

37 2573 206 2634 absorbeatur,
219 2571 258 2634 qui
272 2569 382 2635 ejusmodi
400 2575 443 2622 est.
457 2587 471 2619 n
488 2571 533 2622 Sed
542 2571 668 2624 consolatio
681 2573 772 2638 depellit
783 2571 841 2623 iris·

37 2644 137 2708 titiom,
151 2654 202 2706 qoae
214 2640 314 2706 pertinet
325 2639 354 2690 ad
362 2639 472 2692 rationem
481 2640 628 2706 penitentie.
637 2641 697 2707 Ergo
706 2640 841 2708 penitentia

37 2727 93 2768 uon
107 2711 176 2764 debet
188 2723 238 2762 esse
253 2708 368 2762 contiuua.

76 2783 125 2835 Sed
137 2785 216 2833 contra
225 2785 269 2846 est,
279 2779 338 2846 quid
347 2780 486 2846 Augustinus
496 2779 551 2832 dicit
558 2779 583 2831 iu
590 2779 632 2831 Iit.
644 2778 842 2834 DePoenitentz'o

38 2855 100 2908 vert
110 2848 216 2913 ettalsd,
229 2856 256 2902 ut
266 2851 315 2917 jam
329 2851 426 2916 suprtt:
440 2851 529 2904 «Dolor
540 2851 565 2904 in
579 2853 714 2916 penitentia
733 2850 841 2905 continui

41 2925 197 2980 custodietur.
212 2937 226 2972 u

695 2998 735 3044 ItI
