1942 3284
130 183 177 229 zio
312 197 372 232 rsus
386 198 427 244 ιιι,
443 197 536 240 ouusr.
554 198 622 244 unxi,
639 197 702 234 surr⁸>
714 198 747 234 iv.

163 275 187 318 ε).
203 272 330 334 Praeterea,
349 272 506 322 catechumeni
524 273 665 323 instruuntur
684 273 713 324 cle
729 273 773 324 flde
786 285 829 335 per
845 284 916 322 menn
944 291 947 324 l

131 342 287 405 Sulpiciam,
304 356 355 405 quae
377 343 401 392 in
418 344 516 394 ccclesia
534 358 574 408 per
596 344 713 396 ministros
733 344 855 404 recitatnr3
870 344 917 392 sicut
946 361 947 412 i

131 413 191 463 euim
204 427 246 476 per
258 414 355 464 lectores
368 414 393 462 in
404 415 502 464 ecclesia
514 415 598 477 legitur
616 418 682 466 uetus
697 416 882 476 Testamentum,
893 414 917 461 ita
946 437 947 468 l

131 484 201 534 etiam
216 498 258 548 pcr
274 483 381 536 diaconos
394 489 418 534 et
437 486 587 536 subdiaconos
598 487 680 550 legitur
697 501 799 550 norum3
814 492 839 538 et
854 486 886 536 sie
897 484 918 532 al
938 497 947 538 :l

132 554 249 605 ministros
266 556 364 620 pertinet
378 557 525 609 catechizare.
542 558 653 610 Similiter
663 558 730 608 etiam
745 561 769 609 et
783 557 915 614 exorcizare,
938 570 947 610 ἰ

131 627 270 693 muldeins,
284 628 311 676 ao
327 626 444 678 ministros
456 629 570 692 pertinet3
585 629 710 679 dicitenim
723 629 822 680 Isidorus
836 629 861 680 in
873 637 915 689 out·
946 641 947 656 ι

33 716 37 723 ’
133 691 183 746 dam
196 698 296 761 Epistola
310 698 346 763 (1)
359 713 365 748 ε
381 715 396 746 u
414 699 448 748 td
466 699 600 750 exorcistam
617 698 717 763 pertinet
730 693 869 750 exorcismos
881 708 917 745 ne·

133 768 225 818 moriter
240 768 351 830 retinere,
368 784 493 834 manusque
512 785 581 836 snper
593 785 759 836 energumenos
778 775 804 820 et
822 770 918 821 catechu-

133 852 212 889 menos
223 839 247 888 in
257 841 382 897 exorcismo
391 841 516 906 imponere.
526 859 539 890 u
552 843 604 893 Non
615 856 668 906 ergo
680 842 779 907 pertinet
790 843 819 892 ad
830 840 917 893 cilicium

133 914 258 964 sacerdotis
270 916 410 980 catechizare
422 920 446 980 ct
458 916 598 968 exorcizare.

166 989 188 1033 3.
205 988 329 1050 preterea,
339 987 479 1038 catechizare
490 988 550 1038 idem
563 989 667 1051 estquod
680 988 774 1051 docere,
784 991 809 1038 et
817 985 919 1036 hocilem
938 998 947 1037 o

133 1057 239 1118 estquod
250 1058 374 1128 peronne
386 1060 446 1125 quod
459 1059 487 1108 acl
499 1057 597 1108 officium
608 1060 764 1123 opiscoporum
772 1059 888 1128 pertinet,
900 1055 920 1101 rt
939 1073 947 1113 :l

133 1126 190 1176 dicit
202 1128 333 1192 Dionysius,
347 1129 375 1178 V.
392 1142 443 1194 cap.
459 1129 551 1181 Eccles.
561 1129 687 1180 hierarch.
702 1129 753 1179 Nou
764 1143 820 1193 ergo
833 1127 919 1193 pertinet
938 1134 944 1187 Ι

134 1198 161 1246 ad
172 1198 272 1249 officium
286 1199 418 1250 sacerdotis.
939 1212 947 1263 a

164 1270 210 1320 Sed
227 1275 305 1320 contra
321 1275 372 1334 est,
385 1274 446 1335 qnod
463 1273 572 1322 Nicotaus
589 1274 650 1334 Papa
666 1271 722 1322 dicit
741 1288 747 1321 :
763 1289 776 1320 u
793 1265 920 1322 catechismi
941 1298 947 1322 ll

132 1341 320 1404 baptizandorum
342 1325 525 1393 lsacerdotibus
549 1341 730 1406 uniuscujusque
753 1343 860 1393 Ecclesia
883 1337 947 1392 istil

132 1417 239 1476 possunt.
251 1429 265 1460 n
275 1413 338 1462 Unde
351 1413 471 1474 Gregorius
486 1413 556 1462 ctiam
570 1425 639 1476 super
654 1415 747 1472 Eoocp.
763 1413 820 1462 dicit
833 1407 918 1474 (ilonil
946 1415 947 1418 ’

133 1484 211 1545 lllllll)
226 1499 258 1532 t«
268 1484 408 1545 Sacerdotes,
424 1483 477 1548 cium
490 1497 531 1548 per
544 1485 666 1546 exorcismi
676 1483 773 1548 gretiam
788 1496 869 1532 manns
881 1491 919 1528 cre·

133 1555 239 1606 dentibus
256 1555 388 1619 imponunt,
403 1556 458 1619 quid
478 1554 540 1613 aliud
560 1556 662 1616 iaciunt,
677 1555 722 1605 nisi
741 1553 804 1618 quod
823 1549 919 1605 damonia

134 1625 270 1689 ejiciuntin
711 1672 713 1676 .

167 1697 502 1762 (concursio-sacerdotis
521 1711 605 1756 munus
624 1702 659 1748 est
678 1696 826 1760 baptizandos
847 1695 871 1744 in
888 1691 920 1741 lile

133 1768 256 1831 instruere,
272 1774 296 1821 et
308 1782 348 1834 per
366 1771 508 1820 exorcismos
523 1768 576 1820 illos
586 1768 668 1830 iuvare
680 1767 828 1830 interiores)

164 1841 300 1904 Respondeo
320 1841 455 1902 dicendum,
466 1839 527 1902 quod
541 1839 644 1890 minister
658 1843 805 1903 comparatur
817 1839 846 1889 ad
858 1845 920 1887 sacer·

134 1913 210 1960 dotem
223 1915 285 1962 sicut
295 1911 452 1962 secundarium
465 1916 489 1962 et
500 1911 671 1978 instrumentalo
682 1923 753 1974 agens
761 1911 788 1960 ad
800 1907 918 1974 principue,

134 1985 159 2030 ut
176 1982 264 2031 indicat
280 1982 354 2045 ipsum
378 1995 461 2032 nomen
481 1985 607 2033 me'nistri.
630 1985 706 2045 Agens
724 1985 800 2032 autem
821 1977 918 2051 secunda·¹

134 2053 194 2112 rium
207 2067 254 2104 nou
265 2054 312 2116 agit
325 2053 375 2104 sine
384 2053 504 2119 principali
513 2061 602 2119 egente,
611 2055 651 2104 sed
666 2059 801 2118 cooperatur
812 2045 919 2116 principali

134 2122 211 2187 agenti
228 2124 252 2173 in
271 2125 394 2188 operando.
409 2124 498 2183 Quanto
512 2130 588 2176 autem
599 2125 673 2190 potior
690 2129 725 2179 est
739 2123 856 2189 operatio,
867 2114 918 2171 terli

133 2194 259 2258 principale
278 2208 349 2256 agens
366 2194 492 2259 potioribus
509 2196 597 2260 indiget
613 2195 772 2246 instrumentis
793 2209 834 2246 seu
853 2188 919 2242 minis·
946 2225 947 2282 1

134 2266 185 2315 tris.
200 2265 278 2315 Potior
288 2270 363 2316 autem
382 2270 417 2316 est
429 2267 531 2330 operalio
547 2266 670 2318 sacerdotis
683 2266 707 2316 in
725 2271 835 2329 quantum
846 2260 920 2314 uoolerl

133 2337 208 2399 ipsum
220 2340 386 2386 mouumentum
394 2362 402 2397 ·,
417 2338 486 2400 quim
494 2337 519 2388 in
534 2337 702 2402 persp-aratoriis
715 2337 743 2386 ad
756 2339 917 2386 sacramentnm·

133 2406 222 2456 Etideo
235 2408 336 2470 supremi
346 2408 457 2469 ministri,
470 2409 510 2472 qui
521 2409 624 2458 licuntur
639 2407 767 2464 diacones,
783 2405 919 2471 cooperantur
946 2429 947 2474 p

133 2478 245 2529 sacerdoti
255 2479 280 2529 in
291 2479 341 2543 ipsa
354 2479 474 2530 collutione
488 2483 692 2542 sacramentorum
703 2479 757 2528 dicit
765 2479 825 2529 enim
835 2477 919 2528 isidorus

134 2550 278 2619 (ubisnpra),
289 2551 349 2616 quod
359 2553 387 2603 acl
398 2552 517 2602 diaconum
532 2551 628 2616 pertinet
642 2553 748 2602 assistere
767 2547 917 2602 sacertotibus
946 2555 947 2608 ξ

165 2719 198 2784 (l)
215 2722 306 2770 Scilicet
325 2724 354 2768 ad
368 2723 517 2769 lantfredum
533 2737 574 2768 scu
590 2723 750 2779 ludifredum,
765 2729 790 2768 ut
800 2733 852 2778 cap.
870 2720 917 2763 lor·

132 2785 216 2834 teoto,
230 2787 254 2830 in
275 2789 381 2832 Decretis
399 2787 510 2843 retertur,
529 2787 582 2831 olet.
603 2786 647 2839 253
664 2786 713 2831 slve
734 2786 763 2830 ad
782 2780 916 2830 Luoelreluu
946 2793 947 2802 ¹

132 2849 305 2894 cordubensem
322 2849 476 2906 Episcopum,
487 2850 548 2905 apud
563 2852 674 2905 leonem,
690 2854 750 2904 part.
763 2851 809 2900 vl.
824 2859 873 2902 cap.
884 2840 915 2884 ²⁰·

131 2912 235 2957 liabetur
246 2912 295 2957 laec
309 2913 406 2970 epistola
418 2920 471 2968 post
483 2912 610 2957 Concilium
624 2910 761 2956 Toletanum
776 2912 839 2956 lllll.
946 2917 947 2920 ’
