1942 3284
287 111 494 152 mensunusum
511 111 689 154 nomrrnnrra.
836 115 883 164 lsi

64 197 141 234 nuum
154 183 335 250 impositionem
345 185 489 251 designetnm
505 189 540 240 sic
549 189 611 240 eninr
623 187 650 240 S.
658 187 782 255 Clemens,
796 192 840 244 tib.
848 193 878 246 li.

64 253 222 306 Constitui.
236 256 368 321 apostolic.
380 259 445 323 (cap.
457 260 553 323 18),ιο
564 259 747 314 mmnciiutioue
754 263 880 328 peccatoris

64 339 159 391 agens:
177 343 195 376 a
203 327 269 378 Eum
278 329 318 391 qni
327 327 386 379 luxit
395 329 482 394 (iuquit
491 331 516 394 ),
528 330 581 382 cius
593 331 615 382 ei
626 344 722 384 manum
735 333 878 399 imposueris,

63 398 146 462 recipe
159 409 193 448 ac
210 399 322 462 permitte
332 399 356 448 in
369 399 471 452 Ecclesia
487 413 555 465 esse3
565 417 581 450 n
594 406 656 453 utet
666 416 718 468 cap.
731 407 760 456 tt
775 420 783 455 z
796 404 879 456 «Cim

64 467 88 518 ei
99 481 194 521 manus
208 469 357 534 imposueris,
366 471 391 522 in
400 471 495 535 antiqua
503 485 586 536 pascua
596 473 699 525 restitue.
708 475 770 536 »Sic
780 474 878 540 cypria·

63 551 127 602 uus,
142 539 192 590 lib.
213 539 255 590 De
269 541 359 606 Lepcis
371 557 380 590 .·
393 543 475 592 «tute
487 542 579 606 expiata
588 542 683 606 delicta,
698 547 751 596 anm
764 546 879 599 exomolo-

63 609 141 672 gesim
157 610 205 672 (id
221 615 259 662 ost
273 612 454 675 cenfessionem)
473 612 556 663 lamam
568 614 686 677 criminis,
696 621 750 668 rute
759 619 879 680 purgatam

64 680 247 732 conscientiam
259 682 369 732 sacrificio
381 687 405 733 et
414 695 483 734 manu
496 684 629 748 sacerdotis,
641 697 721 750 paoem
734 691 878 751 puteolense

64 765 136 814 quam
144 753 252 818 qnidam
259 753 333 806 serbis
343 753 461 806 fallacibus
467 756 595 818 venffllunt,
607 762 676 807 etc.»
685 757 723 807 Sic
729 757 877 822 Augustinus,

64 823 103 872 Dc
118 825 278 889 Baptismo,
298 825 420 876 adversos
433 827 581 878 Donatisios
596 827 660 892 (lib.
673 828 704 879 iit
716 865 724 889 ,
737 841 789 894 cap.
802 831 853 890 to)
866 843 876 879 t

67 909 83 940 ‹r
95 894 186 946 Manus
204 895 322 959 impositio
337 895 376 958 (id
390 899 426 948 est
438 897 574 960 penitentia
591 899 630 949 rel
642 898 818 962 romncilinlio)
831 910 878 952 non

65 964 129 1017 siem
145 967 284 1032 baptismus
300 967 372 1030 repeti
390 980 436 1018 nou
448 971 538 1031 potem
554 968 608 1031 quid
626 973 662 1020 est
677 968 739 1020 eninr
754 969 815 1021 aboi
832 969 879 1022 uisi

65 1037 144 1088 oratio
155 1051 235 1103 super
246 1037 377 1089 bominem?
389 1055 403 1086 n
413 1038 478 1102 qnasi
490 1039 551 1090 dicat
559 1039 696 1104 baptismum
703 1040 795 1102 quiden
801 1040 878 1092 iterari

68 1119 117 1158 nnn
133 1121 223 1172 posse,
233 1121 302 1174 posse
313 1112 388 1160 autem
403 1109 560 1173 poeniteutiam
572 1111 610 1161 sel
617 1111 825 1162 reconciliationem
834 1111 878 1164 ile·

28 1193 30 1206 ¹
67 1178 123 1230 rari.
138 1179 181 1230 sic
195 1180 224 1230 S.
238 1179 296 1243 beo,
311 1181 395 1244 Epiri.
408 1181 477 1244 licii,
492 1194 544 1246 cup.
562 1185 607 1245 lt,
621 1195 662 1232 eos
674 1180 715 1246 qui
726 1181 785 1235 eoois
797 1182 878 1234 immo

66 1249 151 1302 latitiin
161 1251 204 1302 usi
216 1252 279 1312 sunt,
291 1249 395 1300 amonis
405 1249 550 1314 impositione
561 1252 675 1316 purgaris
686 1252 726 1303 uit.
735 1253 774 1303 Sic
781 1254 878 1318 optatus

68 1320 241 1384 milevitanus,
256 1321 298 1372 lib.
319 1322 339 1371 li
353 1335 359 1370 ε
376 1337 391 1370 n
407 1322 465 1372 ilum
478 1336 559 1374 uranos
570 1323 689 1388 imponitis
703 1328 727 1375 et
739 1323 823 1377 delicta
834 1324 876 1377 (lo

68 1393 149 1457 natis,
166 1398 233 1454 etn.;
246 1409 260 1442 u
275 1395 301 1442 nt
320 1395 344 1444 ei
355 1391 381 1442 in
397 1394 485 1444 concilo
504 1395 680 1459 Carthaginensi
692 1397 741 1459 tt,
754 1409 806 1460 cap.
826 1400 875 1446 se:

71 1464 249 1518 «sicontinnb
258 1463 355 1516 creditor
364 1463 496 1527 moriturus,
508 1465 669 1517 reconcilietur
681 1479 724 1532 per
736 1467 818 1518 mauris
833 1468 876 1518 im·

68 1537 217 1600 pulionem,
233 1539 321 1598 etc.;»
343 1538 367 1587 ct
386 1536 411 1586 in
431 1534 577 1596 transituro,
598 1549 653 1601 cap.
676 1543 749 1587 ot«
767 1539 832 1588 stent
851 1539 876 1589 in

70 1607 152 1660 ordine
160 1605 339 1674 poenitentium,
353 1608 380 1656 ut
398 1605 500 1657 ostensis
513 1606 649 1656 nummariis
666 1607 806 1670 poenitentis
817 1608 876 1657 truc·

73 1677 153 1742 tibus,
174 1676 303 1742 legitimum
323 1677 504 1728 communionem
525 1689 578 1725 cunr
597 1676 775 1728 reconciliatoria
795 1675 877 1726 mauis

72 1745 224 1813 impositione
233 1745 353 1811 rccipiunt.
364 1747 430 1797 »Sei
444 1747 457 1796 i
471 1747 604 1797 ceremonia
614 1745 703 1797 tantim
713 1745 875 1809 exteriorique

71 1819 222 1872 nuncetiam
233 1817 259 1869 in
272 1831 315 1869 usn
328 1821 377 1880 est,
393 1821 557 1869 sacramentum
568 1815 710 1880 poenitentia
724 1817 759 1869 sic
769 1820 872 1878 uocatur,

74 1901 120 1941 non
138 1891 204 1956 quoi
221 1890 249 1940 ad
262 1888 313 1954 ejus
327 1889 450 1940 essentiam
468 1888 505 1938 rel
517 1886 663 1939 intrinsecam
681 1888 792 1939 rationein
804 1900 874 1940 cero

74 1962 153 2013 monis
166 1962 209 2013 illa
219 1959 410 2025 perniciemne
419 1959 488 2010 etiam
500 1963 653 2010 stramentum
665 1959 808 2011 eucharistion
818 1958 874 2010 Ter·

74 2032 206 2096 miliacus,
221 2032 261 2084 tib.
275 2032 313 2082 Dc
324 2030 471 2086 Pudicitia,
483 2043 534 2094 cap.
545 2033 793 2090 1t,csaorannentnm
804 2031 873 2082 bono·

76 2103 185 2156 dictionis
202 2106 314 2166 auocat,
329 2104 354 2152 et
367 2101 496 2166 colonium
513 2101 593 2152 eodem
613 2114 683 2152 sensu
702 2101 774 2153 Greci
789 2102 873 2166 passm

75 2174 267 2240 appellantque
277 2173 337 2226 ineo
347 2173 486 2224 conficiendo
496 2173 624 2226 benedictio
636 2173 758 2225 adhibetur
768 2173 873 2236 exemplo

77 2245 174 2311 christi,
191 2244 295 2312 quamvis
309 2245 360 2309 eins
372 2244 510 2295 confectioni
519 2244 558 2294 uel
566 2243 734 2296 consecrationi
745 2242 875 2294 essentialis

78 2325 124 2368 uon
136 2317 169 2370 sit
197 2321 243 2369 eto.

107 2389 142 2440 ιι
163 2355 260 2454 ρ’τὶιιιιι
280 2385 486 2449 argenceium,
506 2383 568 2449 quoi
583 2385 622 2436 illa
640 2397 747 2437 rosunum
759 2383 875 2448 impositio

78 2463 173 2512 nonest
186 2456 370 2520 sacromentaiis,
383 2456 423 2506 sei
439 2455 554 2507 oriimtur
565 2457 596 2507 ui
604 2455 713 2508 mimouta
725 2455 872 2520 perficientia,

80 2534 106 2580 nt
122 2531 211 2583 scilicet
222 2541 263 2594 per
279 2531 409 2580 contactum
427 2526 509 2578 mannis
524 2525 625 2578 bominis
640 2527 790 2587 sanctificati,
805 2527 873 2578 etiam

79 2603 200 2666 corporalis
212 2599 332 2652 infimitas
343 2598 438 2650 tollatur
454 2612 460 2647 :
476 2597 537 2648 sicut
545 2598 616 2648 etim
628 2596 711 2658 legitur
725 2599 753 2648 oe
767 2596 872 2660 nomino,

82 2670 167 2732 llum,
178 2672 223 2734 vi,
236 2669 296 2734 quoi
309 2667 431 2720 oiolirmns
441 2668 548 2720 munibus
559 2667 674 2731 impositis
685 2667 787 2730 curarit;
802 2683 817 2715 o
837 2673 869 2719 et.

82 2741 255 2804 Mattb.,illii‚
263 2739 346 2804 legitur
357 2738 417 2802 quod
430 2737 545 2802 leprosum
555 2737 673 2788 mundavit
683 2749 724 2800 per
733 2741 870 2788 mntaetonn·
943 2742 944 2783 i

111 2813 144 2866 ιι
159 2811 284 2868 neronom
296 2807 508 2872 dicendum,an
525 2820 572 2860 non
586 2808 695 2873 qonbbct
711 2808 814 2872 acceptio
826 2806 869 2872 spi
