1942 3284
214 174 245 210 ns
259 171 423 212 orsrruurrous
439 171 633 221 oneraremus.
698 181 700 184 ·
776 163 823 213 85³

44 250 86 302 nd
110 251 215 298 octauum
234 247 369 308 dicendum,
388 249 449 312 qudd
472 252 536 299 actus
557 248 695 312 sculptorum
715 261 741 299 se
756 249 826 301 hahet

14 317 171 387 propinquius
196 319 225 370 ed
248 323 312 370 actus
329 319 466 384 principales
489 317 631 384 superiorum
655 319 826 384 ministrorum,

14 391 88 457 puhm
100 392 164 440 actus
179 389 277 441 eliorum
291 390 403 441 minorum
417 389 532 451 ordinum,
542 394 569 440 ut
582 403 624 454 per
635 395 746 454 sopatet,
758 393 782 442 et
793 391 826 442 si·

14 463 108 516 niliier
121 459 190 510 otiam
205 460 314 524 quanthm
330 462 358 512 ad
371 464 437 512 actus
450 461 606 524 secundarios,
616 461 699 525 quihus
716 462 828 526 populum

14 549 59 602 pcr
77 533 203 584 doctrinam
213 534 357 596 disponunt3
371 533 425 598 quia
440 534 544 598 acolytus
559 533 684 585 doctrinam
696 534 752 585 nori
766 535 823 585 'les-

14 604 119 660 amenti
137 603 258 656 visibiliter
270 606 352 668 figurat
361 606 438 656 lumen
447 609 557 669 portans,
574 606 613 656 sed
627 606 699 656 lector
708 605 826 658 remtando

14 680 106 743 iguras
124 675 179 725 alias
189 691 196 724 ι
207 675 260 726 ideo
271 677 374 741 acolytus
384 679 419 726 est
431 675 543 739 superior.
554 675 664 726 similitor
677 677 747 726 etiam
759 689 827 728 exor-

14 749 96 810 :ista3
109 746 162 810 quia
173 747 232 796 sicut
245 759 270 798 se
281 747 350 798 hahet
361 750 424 798 actus
433 745 526 798 lectoris
539 748 567 796 ad
577 751 652 797 actum
666 747 826 799 secundarium

14 816 114 874 liaconi
126 823 150 869 et
162 817 312 882 subdiaconi,
326 817 359 868 ita
372 831 396 868 se
407 818 477 869 hahet
492 821 555 870 actus
565 819 684 870 exorcistae
701 821 730 870 ad
743 832 825 870 sccun-

14 891 112 946 larium
124 893 199 941 actum
210 890 341 953 sacerdotis,
350 890 525 956 scilicet‚ligare
534 894 558 940 et
567 890 684 940 ahsolvcre
692 926 699 953 ,
707 904 825 956 perquem

14 961 122 1016 nimiter
139 963 208 1014 homo
224 961 361 1014 heeruitute
378 962 461 1012 diaholi
477 961 595 1012 liheratur.
610 962 638 1010 Et
654 961 679 1010 in
699 963 744 1012 hoc
762 966 826 1028 patet
867 982 872 990 .

14 1033 204 1089 ordinatissimus
218 1035 303 1086 ordinis
317 1047 458 1099 progressus,
475 1033 530 1097 quia
540 1033 659 1094 sacerdoti,
675 1032 785 1096 quantum
794 1033 825 1084 ad

14 1110 98 1158 retum
118 1104 168 1168 ejus
188 1103 351 1170 principalem,
367 1103 454 1154 scilicet
469 1117 601 1155 consecrare
619 1116 703 1167 corpus
722 1103 822 1169 Christi,

14 1179 171 1241 :cuperantur
181 1175 270 1226 tantdrn
283 1181 331 1227 tres
352 1175 480 1239 superiores
495 1176 601 1238 ordincs;
612 1175 653 1224 sed
666 1174 779 1238 quantum
794 1175 825 1225 ad

14 1252 98 1301 retum
117 1247 169 1310 ejus
186 1247 359 1310 secundarium,
374 1245 413 1310 qui
426 1249 460 1296 cst
471 1245 589 1297 absoluere
602 1247 625 1296 et
638 1245 727 1310 ligare,
742 1257 825 1311 coope-

14 1323 100 1372 antur
115 1318 243 1382 superiores
259 1322 283 1370 et
295 1318 427 1370 interiores.

44 1389 87 1442 nd
106 1402 191 1439 nouum
212 1389 349 1453 dicendum,
367 1388 427 1454 quhd
448 1389 541 1454 quidam
559 1389 637 1440 dicunt
652 1387 713 1453 qudd
733 1389 758 1439 in
774 1402 827 1440 sus·

14 1461 126 1528 :optione
140 1459 241 1522 ordinis,
254 1460 346 1512 ostiario
360 1461 426 1512 datur
441 1460 544 1524 quaedam
559 1460 595 1510 vis
609 1459 697 1522 divina,
709 1463 735 1509 ut
748 1473 827 1512 arcere

14 1530 96 1588 sossii
109 1531 165 1582 alios
184 1532 212 1582 ah
227 1531 319 1583 introitu
333 1531 425 1596 templi,
439 1532 498 1582 sicut
508 1535 532 1582 ct
545 1531 667 1582 inchristo
680 1531 724 1580 luit
733 1533 825 1594 quando

14 1603 376 1672 ejecitveudeutesdetcmp103
388 1603 428 1654 sed
438 1603 483 1653 hoc
492 1603 565 1665 magis
575 1602 675 1666 pertinet
683 1603 712 1651 ud
726 1601 823 1665 gretiam

14 1673 91 1744 pratis
102 1674 179 1724 daiam
188 1674 272 1738 ,quina
282 1673 309 1724 ad
321 1673 416 1737 gratiam
430 1674 576 1724 sacramenti.

43 1747 80 1798 Et
93 1744 146 1810 ideo
165 1745 285 1796 dicendum
297 1783 304 1808 ,
323 1743 383 1808 quhd
394 1745 491 1808 suscipit
504 1747 652 1809 potestatem,
668 1748 694 1794 ut
704 1757 734 1796 eu
747 1743 822 1797 cilicio

14 1833 62 1872 roc
80 1828 149 1879 agere
163 1816 251 1881 possit,
263 1815 367 1880 quumvis
380 1815 450 1866 etiam
460 1815 490 1866 ah
503 1815 554 1865 eliis
569 1815 620 1865 heri
632 1817 713 1879 possit,
725 1817 765 1867 scd
776 1828 823 1866 non

14 1907 42 1945 cx
60 1885 141 1939 officio
156 1903 162 1937 ε
179 1889 248 1938 etita
269 1890 304 1938 est
316 1887 340 1936 in
354 1887 462 1938 omnihus
479 1886 566 1936 actibus
588 1886 700 1937 minorum
719 1887 825 1939 ordinum

14 1959 81 2029 [uod
94 1957 187 2023 possint
195 1971 236 2023 pcr
247 1957 304 2009 alios
315 1957 377 2008 licitu
389 1957 448 2020 lucri,
460 1957 565 2022 quamuis
577 1957 611 2006 illi
623 1959 652 2008 ad
664 1960 708 2009 hoc
721 1971 768 2009 non
780 1959 823 2009 ha·

14 2034 89 2086 »eant
100 2029 192 2094 aliquod
203 2029 313 2092 officium,
325 2030 384 2080 sicut
396 2029 466 2080 etiam
476 2031 501 2079 in
510 2031 577 2080 domo
586 2043 632 2080 non
640 2036 771 2080 consecrem
780 2043 824 2094 po-

15 2107 62 2158 est
73 2101 120 2154 diei
134 2102 211 2166 missa,
222 2101 327 2165 quamvis
338 2102 480 2154 consecratio
488 2102 596 2152 Ecclesia
605 2101 633 2152 ad
641 2103 685 2152 hoc
693 2101 820 2165 ordinetur,
921 2091 935 2115 '

14 2183 35 2232 rt
51 2177 81 2228 in
94 2186 123 2226 ea
136 2175 208 2225 missa
218 2174 316 2224 dicatur.

325 2289 488 2340 numenius
508 2291 536 2339 ll.

53 2418 147 2468 Utrum
164 2415 281 2462 eucmdoii
294 2417 419 2462 character
431 2416 588 2523 {deprimatur
597 2417 625 2460 io
638 2415 692 2473 ipro
704 2416 788 2460 culicis

346 2491 432 2537 porrcc
444 2491 509 2526 rone.

41 2609 84 2664 nd
98 2607 207 2672 quintum
218 2607 251 2658 sic
261 2605 396 2672 proceditur.
410 2606 505 2657 Videtur
517 2604 579 2668 ouhd
588 2602 701 2654 sacerdoti
710 2602 826 2654 character

14 2699 64 2741 ron
78 2679 228 2745 imprimatur
243 2679 268 2729 in
287 2679 338 2744 ipsu
353 2677 430 2730 calicis
444 2676 596 2740 porrectione.
608 2673 666 2734 Quia
685 2673 828 2724 consecratio

14 2754 146 2814 ¹‚acerdolis
156 2752 183 2802 lit
197 2766 248 2802 cum
263 2754 362 2818 quadam
375 2750 499 2812 unctione,
512 2749 606 2799 sicutet
620 2745 760 2798 confirmatio
770 2759 777 2794 :
787 2744 831 2796 sed

14 2848 34 2884 n
60 2823 239 2880 confirmatione
250 2824 274 2874 in
286 2823 337 2888 ipsu
355 2822 461 2873 unctione
475 2819 612 2884 imprimitur
626 2819 751 2868 character.
766 2816 827 2878 hugo

14 2903 87 2958 etiam
101 2897 129 2950 in
142 2894 282 2959 sacerdotio,
297 2898 321 2946 et
334 2908 380 2946 uon
396 2893 421 2944 in
437 2893 516 2948 calicis
529 2891 682 2958 porrectione.

692 2986 736 3036 hi*
