1942 3284
456 127 544 171 :t'lffi
808 135 926 173 uns
957 134 1037 184 111,
1069 134 1255 179 QUAESY.
1289 135 1442 185 Lxxx,
1475 134 1585 172 ΛΒΤ.
1619 134 1691 171 m.

1057 316 1370 370 ARTICULUS
1401 318 1478 369 ΙΙΙ.

472 451 647 495 Uir-itm
679 449 807 494 solus
844 448 980 493 homo
1004 448 1166 503 justus
1189 447 1335 503 possit
1370 447 1612 493 Christum
1647 451 1942 494 sacramentoel

1099 510 1407 555 manducare.

524 647 587 696 ad
621 643 806 694 tertium
829 642 896 693 sic
920 642 1198 705 proceditur.
1219 640 1408 691 Videtur
1432 640 1554 704 quod
1582 641 1735 692 nullus
1761 642 1898 707 possit
1913 656 1942 691 n

464 719 624 767 durare
646 714 873 765 Christum
899 712 1281 763 sacramentaliter
1308 711 1404 762 nisi
1424 714 1564 763 homo
1589 713 1762 774 justus.
1792 715 1898 765 Dicit
1924 728 1942 765 e

464 787 739 851 augustinus
758 786 808 836 in
837 786 951 835 libro
984 786 1055 834 De
1087 784 1325 833 Remedio
1345 785 1654 848 poenitentzoe
1684 802 1701 834 .·
1729 803 1757 829 ec
1782 787 1890 846 Quid
1914 800 1942 850 p

464 863 647 911 alentem
688 862 735 910 et
777 856 1016 908 ventrem?
1045 857 1184 906 Crede
1214 858 1261 906 et
1299 856 1606 912 manducasti;
1649 860 1834 909 credere
1866 858 1942 908 enis

464 945 568 983 rum
585 968 602 993 ‚
623 933 710 981 hoc
736 934 806 981 est
833 942 997 993 panem
1044 928 1199 977 vivum
1235 928 1525 977 manducare.
1555 943 1582 975 t)
1617 930 1709 978 Sed
1737 934 1934 992 peccator

464 1002 603 1051 *tradit
622 1002 667 1051 in
693 1014 816 1061 eum,
841 1000 947 1064 quia
976 1013 1065 1050 non
1092 999 1229 1048 hahet
1262 999 1397 1049 [idem
1439 998 1696 1059 formatam,
1718 1002 1774 1050 ad
1807 1014 1931 1064 quam

468 1077 583 1123 tinet
612 1074 793 1123 credere
816 1072 865 1121 in
891 1074 1059 1134 Deum,
1087 1075 1138 1120 ut
1165 1071 1212 1119 in
1249 1072 1447 1121 secunda
1471 1075 1596 1135 parte
1632 1072 1839 1122 habitum
1865 1076 1931 1123 est

468 1151 524 1207 ΙΙ,
552 1162 629 1211 qu.
669 1149 726 1204 4,
757 1148 843 1194 art.
875 1145 952 1208 5).
981 1146 1094 1208 Ergo
1122 1147 1331 1209 peccator
1377 1156 1470 1194 non
1500 1147 1651 1207 potest
1677 1146 1942 1195 manducare

468 1221 813 1277 sacramentum,
846 1217 966 1278 quod
995 1221 1066 1266 est·
1086 1216 1215 1280 panis
1245 1215 1394 1265 vivus.

532 1295 574 1339 ε.
606 1292 853 1349 Praeterea,
879 1290 966 1338 hoc
992 1291 1327 1338 sacramentum
1357 1286 1554 1337 maxime
1591 1288 1758 1338 dicitur
1787 1303 1891 1340 esse
1917 1304 1942 1339 ε

472 1365 673 1411 *neutum
713 1359 980 1420 charitatis„
1027 1364 1076 1409 ut
1121 1358 1260 1422 supra
1296 1358 1464 1409 dictum
1505 1363 1576 1410 εει
1605 1361 1718 1423 (qu.
1763 1366 1852 1423 79,
1882 1364 1942 1411 art

468 1435 520 1483 ad
552 1438 578 1481 3
595 1431 633 1495 ).
661 1432 750 1484 Sed
773 1431 891 1480 sicut
919 1431 1125 1482 infideles
1150 1432 1386 1496 privantur
1414 1431 1518 1492 fide,
1539 1432 1603 1480 ita
1628 1445 1791 1482 omnes
1813 1446 1942 1497 pecca

472 1503 697 1567 privantur
740 1503 974 1553 charitate.
1006 1504 1216 1554 Infideles
1245 1512 1395 1553 autem
1438 1517 1527 1553 non
1572 1504 1785 1553 videntur
1821 1518 1942 1569 poss<

472 1575 805 1627 eramentaliter
823 1588 1015 1627 ,sumere
1043 1576 1132 1625 hoc
1161 1578 1521 1637 sacramentum,
1554 1574 1657 1625 cum
1686 1576 1736 1625 in
1767 1577 1909 1626 forma
1935 1577 1942 1625 l

471 1648 738 1699 sacramenti
760 1648 948 1710 dicatur,
978 1648 1285 1711 mysterium
1307 1646 1451 1710 fidei.
1474 1647 1588 1709 Ergo
1608 1646 1708 1711 pari
1731 1648 1909 1699 ratione
1924 1661 1942 1696 r

476 1720 635 1784 :siliquis
655 1724 865 1784 peccator
888 1723 1039 1784 potest
1073 1732 1237 1782 corpus
1268 1718 1442 1769 Christi
1480 1719 1870 1771 sacramentaliter
1891 1717 1942 1769 in:

476 1806 592 1843 [ΕΗΓΘ.

540 1869 583 1911 3.
614 1865 849 1923 Praeterea,
890 1867 1098 1927 peccator
1140 1863 1286 1927 magis
1326 1866 1397 1913 est
1440 1861 1754 1914 abominabilis
1786 1864 1942 1923 Deo‚‹

476 1939 678 1985 ereatura
717 1935 1032 1985 irrationalis:
1064 1935 1231 1986 dicitur
1277 1934 1400 1985 enim
1439 1934 1488 1984 in
1527 1935 1733 1983 Psalmo
1772 1935 1942 1985 XLVII!

476 2006 657 2055 humine
684 2010 921 2070 peccatore
952 2022 962 2055 :
993 2024 1020 2055 u
1043 2010 1205 2068 Homo,
1230 2006 1336 2057 cum
1364 2007 1414 2056 in
1440 2008 1614 2057 honore
1637 2010 1780 2066 esset,
1812 2019 1906 2057 non
1934 2005 1942 2053 i

476 2076 615 2139 lexit3
642 2082 929 2141 comparatus
957 2083 1027 2129 est
1045 2078 1267 2143 jumentis
1294 2078 1646 2142 insipientibus,
1668 2081 1716 2127 et
1739 2078 1904 2128 similis
1930 2078 1942 2126 1

476 2155 544 2199 est
587 2148 695 2201 illis.
726 2164 753 2195 »
792 2144 885 2199 Sed
928 2150 1094 2199 animal
1134 2150 1318 2200 brutum
1347 2153 1528 2214 (puta,
1556 2162 1658 2199 mus
1682 2153 1763 2199 aut
1790 2150 1942 2199 canis'

480 2223 627 2283 potest
654 2233 832 2271 sumere
861 2222 949 2271 hoc
978 2224 1346 2284 sacramentum3
1377 2222 1498 2271 sicut
1533 2221 1669 2271 etiam
1699 2233 1796 2270 non
1821 2224 1942 2284 potes

476 2304 595 2343 incre
623 2298 956 2345 sacramentum
981 2294 1217 2359 baptismi.
1257 2294 1377 2357 Ergo
1418 2293 1599 2343 videtur
1622 2292 1744 2356 quod
1773 2292 1873 2357 pari
1906 2305 1942 2343 ra

480 2375 626 2426 neque
671 2369 932 2428 peccatores
958 2369 1046 2417 hoc
1076 2369 1409 2416 sacramentum
1441 2366 1734 2416 manducent.

540 2436 631 2487 Sed
662 2441 821 2487 contra
848 2442 947 2502 est,
979 2438 1101 2502 quod
1138 2452 1274 2503 super
1311 2438 1422 2488 illud
1455 2437 1682 2497 Joannis,
1722 2438 1779 2487 vl
1813 2453 1825 2486 ε
1858 2453 1886 2484 α
1924 2436 1942 2485 f

480 2507 619 2557 πεεινί
660 2510 1047 2561 manducaverunt
1089 2522 1257 2559 manna
1294 2510 1343 2559 in
1369 2511 1576 2569 deserto,
1601 2512 1648 2558 et
1682 2509 1847 2558 mortui
1874 2521 1942 2558 sur

476 2579 586 2629 dicit
630 2581 909 2642 Augustinus
945 2585 960 2645 (
990 2586 1121 2631 tract.
1163 2580 1260 2646 26)
1294 2597 1307 2631 z
1345 2598 1374 2630 u
1397 2580 1526 2633 Multi
1568 2581 1623 2631 de
1652 2581 1784 2631 altari
1824 2580 1942 2643 accip

476 2655 524 2701 et
566 2652 833 2715 accipiendo
870 2654 1159 2719 moriuntur;
1203 2671 1232 2700 »
1281 2655 1399 2705 unde
1446 2652 1561 2703 dicit
1613 2653 1860 2717 Apostolus
1895 2652 1942 2713 (l

480 2727 617 2781 Cur„
646 2723 749 2788 xl)
790 2741 800 2774 :
832 2743 859 2775 «
880 2726 1105 2777 Judicium
1143 2726 1233 2777 sibi
1264 2728 1507 2776 manducat
1554 2730 1600 2775 et
1633 2724 1764 2775 bibit.
1804 2741 1832 2772 »
1864 2724 1942 2774 sed

496 2796 731 2847 moriuntur
763 2800 984 2848 sumendo
1019 2797 1106 2848 nisi
1152 2803 1433 2863 peccatores.
1469 2799 1590 2860 Ergo
1625 2802 1890 2860 peccatores
1921 2810 1942 2845 c

480 2866 656 2918 Christi
695 2869 1084 2927 sacramentaliter
1124 2871 1427 2934 manducant,
1458 2872 1506 2920 et
1531 2882 1623 2919 non
1653 2865 1799 2919 solhm
1833 2868 1942 2931 justi.
