1942 3284
230 252 263 296 ns
278 250 468 298 comminianus
484 245 631 298 imitanum.
789 240 835 296 lar
936 217 937 220 ¹

32 337 126 400 peccata
134 334 376 398 toilitliidetnrerpo
390 335 586 400 qnbdbaptismns
599 333 681 386 debeat
694 333 835 387 diudiiierrl.
938 377 939 384 ,

60 408 107 458 sed
121 410 258 465 contraest,
273 408 334 470 quod
348 406 430 456 dicitm
442 407 533 464 ticeli„
547 409 566 456 i
582 424 588 456 :
605 406 837 458 «ticuurdescom
939 445 940 448 ,

33 479 90 530 uerti
103 478 133 528 ad
146 477 282 540 bominum,
297 481 322 528 et
331 491 360 528 ue
379 476 470 528 ditiores
483 479 512 529 de
525 478 561 528 dle
574 477 598 528 in
612 479 681 529 diem.
696 493 710 526 u
725 479 770 528 Sed
784 493 836 543 per·
940 473 941 496 ¹

34 551 89 602 lecta
100 552 223 602 conversio
235 549 342 599 addeum
354 552 390 600 est
399 561 478 599 eorum
490 550 529 614 qui
541 553 702 614 regenerantur
710 549 735 599 in
747 549 837 603 Christo
941 557 942 560 ’

35 637 72 688 per
89 623 238 688 baptismum.
253 622 304 672 lion
321 635 376 686 erpo
389 622 458 672 debet
470 621 597 687 baptismus
614 621 701 672 diiierri
721 622 748 672 de
764 621 801 674 die
812 623 837 673 ln

38 695 104 744 diem.

70 766 222 827 [Cosmusro.
230 789 260 801 -
271 763 339 814 Pueri
353 765 429 816 atatim
440 767 495 815 aunt
508 763 655 830 baptizandi,
667 767 759 828 propter
772 763 838 828 peri-

41 838 108 887 culum
122 837 222 900 mortia;
235 836 307 885 adniti
317 835 372 886 rerd
383 849 430 888 non
445 837 532 899 statim,
542 837 582 887 sed
592 839 654 886 certo
664 839 766 898 tempore
780 835 838 902 bup-

38 907 95 958 brari
112 909 214 970 debent,
226 906 272 957 nisi
289 907 374 958 luerint
387 908 412 957 in
425 908 470 959 ilde
491 907 611 968 instructi,
628 909 667 957 aut
680 907 704 956 in
717 907 838 959 manifesto

38 981 110 1031 mortis
123 979 254 1046 periculo.)

66 1054 203 1118 despondeo
225 1052 363 1115 dicendum,
378 1052 439 1117 qubd
461 1053 520 1104 circa
541 1056 585 1105 boc
603 1051 788 1118 distinguendum
805 1057 840 1104 est

38 1124 108 1174 nbbnr
128 1125 178 1175 sint
200 1123 331 1188 baptizandi
348 1125 414 1187 pueri
433 1125 469 1175 rel
490 1125 569 1175 adniti.
584 1124 609 1174 Si
629 1125 690 1176 eninr
711 1124 777 1189 pueri
791 1125 838 1175 sint

40 1195 178 1259 baptizandi,
194 1207 241 1246 non
266 1199 302 1245 est
323 1194 472 1246 differendum
492 1197 616 1260 baptisma.
638 1193 714 1247 Primo
731 1195 838 1260 quidem,

41 1267 89 1330 quis
101 1281 148 1319 non
158 1270 294 1331 expectatur
303 1266 329 1316 in
341 1269 374 1318 eis
387 1268 459 1332 maior
470 1269 604 1330 instructio,
617 1271 656 1318 aut
670 1267 738 1318 etiam
753 1267 840 1332 plenior

43 1339 164 1390 conversio.
179 1336 300 1402 Secundo,
318 1343 410 1404 propter
422 1339 550 1402 pericolum
564 1339 657 1402 mortis,
670 1339 723 1403 qnia
736 1349 782 1389 uon
797 1351 839 1402 po·

43 1413 85 1460 test
93 1411 127 1461 eis
135 1411 181 1460 alio
191 1409 294 1460 remedio
304 1410 429 1472 subreniri,
442 1411 488 1462 uisi
497 1425 538 1476 per
546 1415 712 1462 sacramentum
721 1411 838 1474 baptismi.

46 1481 124 1532 linitis
140 1481 197 1533 rerb
213 1483 332 1532 subreniri
345 1485 422 1547 potest
434 1493 476 1546 per
488 1483 561 1535 solum
574 1482 682 1548 baptismi
694 1482 839 1545 desiderium,

49 1553 143 1618 utsupra
156 1553 246 1603 dictum
259 1556 296 1602 est
307 1551 360 1618 (art.
373 1554 409 1618 t).
422 1552 452 1604 nt
465 1553 516 1606 idco
530 1555 614 1606 adultis
630 1567 676 1604 uon
695 1553 772 1603 statim
788 1552 840 1602 ciro

53 1630 204 1676 muremnntnr
222 1629 259 1676 est
284 1631 453 1677 sacramentum
473 1626 583 1690 baptismi
603 1626 782 1687 conterendum,
801 1626 841 1676 sed

54 1701 126 1759 oportet
141 1697 236 1748 dillerre
250 1711 323 1762 usque
336 1700 364 1747 ad
377 1698 469 1760 aliquod
482 1701 570 1748 certum
581 1701 672 1761 tempus
684 1710 690 1744 ι
701 1693 778 1744 Primd
791 1695 842 1760 qni-

52 1767 107 1834 den,
119 1774 213 1834 propter
230 1769 341 1819 cautelam
356 1768 476 1831 Ecclesiae,
486 1779 515 1820 ne
529 1769 662 1833 decipiatur,
676 1771 841 1817 sacramentum

51 1838 95 1890 dcte
112 1840 274 1891 recedentibus
295 1840 428 1904 conterens,
445 1839 571 1891 secundum
585 1839 638 1890 iilud
653 1841 672 1891 i.
693 1839 775 1896 ioco,
791 1837 840 1889 iv:

50 1911 142 1963 «botae
151 1911 218 1963 omni
230 1911 319 1975 spiritui
329 1912 435 1974 credere,
446 1912 485 1961 sed
498 1913 592 1976 probate
603 1912 696 1977 spiritus
715 1910 736 1961 si
751 1923 780 1961 ex
796 1911 842 1962 lieo

48 1981 126 2047 sint;»
140 1997 193 2048 qnae
209 1983 302 2047 quidem
312 1983 415 2047 probatio
430 1983 527 2033 sumitur
536 1983 563 2034 dc
576 1983 735 2034 accedentibus
747 1983 775 2033 ad
788 1981 844 2047 bap-

50 2053 147 2118 tismum,
163 2053 257 2119 qunndb
274 2067 315 2118 per
332 2053 424 2118 aliquod
443 2054 543 2118 spatium
564 2067 641 2105 eorum
655 2054 710 2104 tides
729 2057 752 2104 et
769 2065 844 2104 mores

50 2127 210 2176 examinantur.
218 2125 332 2185 Secundi,
343 2125 428 2176 bocest
436 2125 588 2176 necessarium
598 2126 626 2175 ad
636 2125 758 2175 utilitatem
766 2135 843 2176 eorum

53 2197 86 2258 poi
104 2197 262 2263 baptizantur,
277 2197 332 2260 quia
344 2196 420 2260 aliquo
433 2197 541 2261 temporis
555 2197 629 2261 spatio
641 2195 745 2258 indigent
758 2198 787 2247 ad
800 2197 844 2247 boc

53 2268 104 2329 pubi
119 2269 188 2334 piene
204 2273 345 2320 instruantur
361 2269 390 2318 de
408 2269 467 2332 tide,
482 2273 508 2318 et
527 2269 680 2320 exercitentur
693 2269 719 2317 in
737 2268 774 2318 bis
792 2281 843 2332 que

54 2341 157 2401 moment
169 2342 200 2392 ad
216 2342 287 2391 vitam
297 2341 453 2391 christianam.
473 2340 569 2404 lertio,
584 2342 628 2391 boc
644 2343 679 2390 est
691 2341 845 2390 necessarium

55 2412 77 2460 ad
87 2415 205 2476 qnamdam
222 2411 374 2463 reverentiam
386 2412 537 2473 sacramenti,
549 2411 604 2462 dim
616 2412 641 2462 in
662 2410 845 2462 solemnitatibus

56 2485 177 2549 laudunis,
192 2484 281 2535 scilicet
301 2485 396 2535 Pascbm
414 2487 438 2534 et
452 2484 616 2547 Pentecosten,
628 2483 733 2534 homines
746 2483 774 2534 ud
789 2483 845 2546 bap·

56 2552 137 2605 mom
151 2556 314 2617 admittuntur,
328 2555 398 2604 etita
411 2552 515 2605 devotiirs
531 2557 695 2604 sacramentum
709 2554 844 2618 suscipiunt.

58 2622 101 2676 dec
113 2631 190 2678 tamen
200 2625 279 2677 dilatio
294 2631 330 2678 est
344 2626 538 2691 praetermittenda
549 2625 634 2690 duplici
648 2625 735 2676 ratione
750 2641 756 2676 z
769 2625 845 2676 Primb

60 2697 155 2763 quidem,
170 2696 262 2762 quandin
280 2697 314 2747 iiii
334 2697 374 2762 qui
391 2700 445 2748 sunt
462 2697 594 2760 baptizandi
616 2701 725 2761 apparent
745 2695 845 2760 perfecte

58 2763 149 2820 instructi
158 2769 183 2819 in
193 2769 237 2820 tide
245 2771 270 2819 et
281 2769 310 2819 nd
320 2768 458 2833 baptismum
467 2769 559 2831 idonei,
571 2769 631 2820 sicut
642 2768 760 2832 Pbiiippui
768 2767 845 2816 statim

58 2836 172 2902 hptbnrit
180 2841 325 2902 Eunuchum,
335 2844 361 2891 ut
371 2841 465 2891 babetur
476 2833 572 2897 lictor„
583 2836 633 2889 tilii
643 2878 650 2902 ,
661 2844 684 2890 et
699 2840 780 2888 Petrus
793 2837 848 2886 ilor-

58 2911 131 2964 tclinm
144 2919 169 2966 et
182 2912 275 2978 eosqui
292 2926 345 2964 curn
357 2926 385 2964 eo
408 2915 488 2976 erant,
500 2915 526 2962 ut
539 2911 637 2962 babetur
648 2912 746 2966 Actor..
761 2910 791 2959 ii.
805 2909 847 2957 se.

56 2983 409 3051 animumanimumum
431 2985 470 3034 sut
490 2983 582 3048 obnubit
601 2981 728 3048 parbulum
749 2979 802 3030 mt‘*
