1942 3284
339 196 370 233 ns
385 196 577 234 sarrsrscrrous.
814 184 857 231 661

94 268 130 319 fd
140 270 265 319 secondum
278 268 414 334 dicendum,
423 270 484 334 quod
499 284 546 322 non
562 270 674 334 obligatur
689 270 783 322 audieus
799 285 873 341 con-5

59 339 187 391 sessionem
202 341 230 390 ad
243 342 286 393 hoc
299 340 359 404 quito
374 354 420 393 nou
433 341 519 393 revelet
530 345 646 405 peccatum
661 342 801 404 simpliciter,
814 344 853 392 serf

58 413 132 475 prout
153 415 190 461 est
206 410 231 460 in
251 411 396 463 confessione
414 412 530 476 auditum3
541 411 604 463 nuffo
622 412 685 463 enim
703 425 759 463 casu
779 412 853 463 dicere

59 482 133 533 debet
144 494 170 531 se
180 480 294 533 audivisse
307 482 333 534 in
344 483 496 541 confessione.

95 552 131 603 Ad
145 552 239 603 tertium
255 552 385 615 dicendum,
399 554 460 617 quod
472 556 517 605 hoo
526 553 698 618 inteiligendum
711 558 748 606 est
757 555 787 605 de
800 554 855 606 duo·

58 624 107 675 hus
125 636 177 687 quac
189 625 274 680 hahent
289 625 453 690 oppositionem
470 640 477 676 ι
492 626 533 676 sed
548 626 643 677 scicntia
655 640 700 691 qua
717 626 760 678 scit
773 627 856 690 aliquis

59 697 185 759 peccatum
199 698 225 745 ut
237 696 308 759 Deus,
323 701 347 747 et
359 696 403 747 alia
415 709 461 761 qua
475 696 520 747 scit
532 701 559 747 ut
567 700 649 761 homo,
660 710 707 749 nun
718 703 773 747 sunt
786 710 856 762 oppo-

57 765 495 831 mmmmmmm.

97 837 133 889 Ad
142 842 246 901 quartum
259 838 394 902 timendum,
410 838 469 903 quod
482 851 530 890 non
542 838 609 889 debet
621 839 653 889 ita
663 838 731 889 vitari
737 842 855 903 peccatum

59 922 93 961 ex
107 912 244 973 crepante,
258 909 317 973 quod
331 922 358 959 ex
376 910 421 960 alia
432 911 521 973 iustitia
533 910 673 973 relinquatur
684 911 785 961 :veritas
794 911 856 961 enim

61 991 113 1031 uon
126 982 162 1029 cst
175 983 266 1043 propter
282 978 412 1029 scandalum
427 980 570 1030 dimittenda.
591 980 621 1030 fft
633 980 685 1029 ideo
701 982 791 1041 quando
809 981 857 1029 im-

62 1050 141 1099 minet
153 1049 280 1113 periculum
290 1048 388 1112 justitie
403 1054 427 1100 et
436 1050 551 1113 veritatis,
560 1063 607 1101 non
618 1050 687 1101 debet
698 1050 780 1100 dimitti
793 1062 859 1102 rere-

61 1120 122 1171 latio
135 1119 186 1183 ejus
199 1120 259 1183 qnod
278 1120 329 1183 quis
344 1120 368 1169 iu
382 1121 527 1172 confessione
545 1120 650 1183 audiuit,
667 1119 769 1170 sialiter
785 1120 856 1180 sciat,

61 1193 161 1255 propter
174 1190 317 1250 scandalum
330 1194 486 1242 verumtamen
503 1190 647 1253 mandalum,
663 1188 773 1254 qnantum
790 1189 816 1239 in
832 1202 859 1241 se

62 1264 111 1325 est,
126 1260 211 1313 euitare
224 1263 323 1312 tenetur.
918 1267 922 1275 ’

344 1530 507 1601 Qumsnlo
523 1532 593 1598 Xll.

65 1682 101 1727 Do
114 1676 277 1735 satisfactione
290 1674 369 1734 quood
382 1675 436 1732 ejus
446 1674 622 1732 quiddr'totcm,
633 1677 664 1719 fo
681 1679 730 1721 troc
742 1647 862 1723 articulos

417 1746 508 1791 diuiso.

98 1900 186 1951 Deinde
206 1898 393 1951 considerandum
409 1902 444 1949 est
464 1897 492 1948 dc
511 1896 680 1959 satisfactionum
695 1896 723 1949 de
743 1911 789 1961 qua
806 1904 861 1948 sunt

64 1974 165 2037 quatuor
184 1969 356 2021 consideranda.
375 1967 508 2031 Primo‚,de
526 1968 577 2031 ejus
595 1967 728 2031 quidditate.
742 1968 859 2031 ὃειιιιιιιὸ,

68 2046 98 2094 de
118 2040 192 2106 ipsius
203 2039 363 2105 possibilitate.
376 2038 462 2101 fertio,
476 2039 506 2090 de
521 2040 572 2103 eJ'us
589 2038 706 2103 qualitate.
722 2039 817 2100 Quarto,
831 2039 861 2089 dc

66 2115 107 2166 his
118 2124 161 2176 per
170 2124 220 2175 que
230 2112 299 2162 homo
311 2111 357 2160 ffeo
368 2108 487 2160 satisfacit.

100 2184 166 2235 Circa
186 2181 283 2247 primum
304 2183 438 2245 queramur
456 2178 502 2229 tria
521 2192 529 2227 a
548 2181 575 2227 1⁰
587 2178 666 2228 Utrfrm
688 2178 814 2230 satisfactio
831 2180 862 2230 sit

66 2256 144 2306 uirtus
152 2252 261 2305 relactns
270 2249 368 2302 virtutis.
379 2255 408 2299 ιο
417 2250 495 2301 Utrfrm
505 2250 536 2298 sit
548 2252 612 2299 actus
625 2249 729 2313 justitiae.
743 2254 770 2299 3⁰
782 2250 861 2301 Utrfum

67 2324 172 2377 definitio
186 2321 347 2374 satisfactionis
368 2334 418 2385 qne
435 2321 460 2369 in
479 2320 556 2369 littera
579 2320 686 2382 ponitur,
699 2322 864 2371 mureuienter

66 2395 205 2459 assignetur.

363 2496 522 2547 fastuosos
536 2497 555 2545 1.

142 2624 228 2670 Utrum
244 2620 375 2677 satisfactio
390 2621 422 2665 sit
442 2620 534 2671 uirtus,
548 2618 587 2662 vel
604 2620 672 2663 actus
689 2618 795 2663 virtutis.

100 2749 135 2801 no
150 2747 249 2812 primum
263 2746 296 2796 sic
313 2743 450 2809 proceditur.
463 2742 558 2793 Videtur
570 2741 630 2805 quod
643 2740 770 2792 satisfactio
787 2754 861 2806 neque

68 2820 102 2871 sit
113 2818 196 2879 virtus,
208 2828 282 2879 neque
292 2822 356 2866 actus
369 2812 467 2863 uirtutis.
482 2811 561 2863 Omnis
573 2812 634 2861 enim
647 2812 737 2861 virtutis
749 2815 813 2862 actus
827 2818 863 2861 est

69 2888 207 2941 meritorius.
223 2886 267 2937 Sed
283 2885 406 2937 satisfactio
417 2896 463 2937 non
474 2887 510 2934 est
524 2881 648 2945 meritoria,
657 2886 682 2932 nt
699 2882 796 2946 ridetur,
810 2882 863 2946 quia
