1942 3284
153 240 186 276 nn
200 239 240 276 urs
255 238 297 282 our
313 238 418 277 corsuna
437 236 656 286 xxconwurcm,
673 238 728 275 nnc.
799 228 844 275 'iti

31 318 139 370 alesiam.
151 316 212 378 Ergo
222 327 291 378 super
298 327 338 364 eos
346 312 449 363 Ecclesia
457 312 568 377 judicium
579 314 720 376 nonhabet,
730 314 841 377 utpossit

31 401 72 440 eos
85 387 176 437 iterum
191 384 399 435 excommunicare.

63 466 89 512 a.
104 460 237 519 hemma,
252 456 457 508 excommunicatio
477 458 514 508 est
528 456 642 521 separatio
654 456 758 520 quedam
772 457 785 507 i
799 458 840 508 di-

33 530 109 593 uinis,
124 532 150 579 et
170 528 184 579 l
202 527 360 579 communione
376 528 486 578 fidelium.
505 529 550 579 Sed
569 533 689 592 postquam
707 527 789 591 aliquis
804 532 840 581 est

31 602 139 666 priuatus
155 600 246 663 atquo,
261 612 308 649 non
320 603 398 663 potest
410 600 493 650 iterum
503 600 543 651 illo
552 600 648 664 privari.
660 601 719 663 Ergo
728 612 787 649 unns
796 610 839 651 ex-

31 672 219 725 communicatus
231 684 277 721 non
287 675 364 735 potest
377 671 459 722 iterum
474 670 677 721 excommunicari.

63 746 111 797 sed
122 747 203 795 contra
218 758 225 791 z
241 742 451 793 lixcommunicatio
460 744 562 807 quedam
574 755 642 805 poena
656 746 704 806 est,
715 744 739 793 et
748 742 842 793 madici-

31 815 236 868 incrementum.
250 814 381 878 Serpens
389 827 470 864 omnes
483 816 508 865 et
521 812 640 863 medicine
653 813 774 877 iterantur,
788 812 841 864 ciam

33 900 102 939 cansa
114 886 200 950 exigit.
215 886 275 949 Ergo
286 889 309 934 et
323 884 527 935 excommunicatio
540 883 618 933 iterari
629 888 716 946 potest.
817 924 820 929 ,

63 960 232 1023 (comasio.
241 982 273 994 —
285 955 365 1006 Toties
377 957 432 1021 quis
445 954 638 1005 excommunicari
652 958 736 1019 potest,
750 955 842 1019 quoties

28 1027 281 1081 excommnuicationis
295 1026 371 1091 aliqua
386 1028 485 1078 adiuerit
498 1038 583 1087 causa,
598 1038 643 1089 qua
652 1026 677 1075 fit
691 1029 717 1075 ut
731 1026 802 1091 magis
811 1028 842 1079 ab

34 1101 145 1152 Ecclesiae
164 1099 280 1161 suffragiis
294 1098 443 1163 elongetur.)

65 1172 206 1236 llespondeo
228 1171 362 1232 dicendum,
378 1168 441 1234 qnid
462 1168 501 1221 ilie
519 1170 559 1233 qui
576 1170 787 1220 excommunicatus
803 1174 841 1221 ut

37 1244 80 1294 unl
92 1242 349 1306 excommunicatione,
361 1245 436 1307 potest
450 1242 532 1292 iterum
540 1240 743 1303 excommunicari,
753 1241 791 1290 uel
799 1251 842 1305 pst

36 1314 141 1378 muntem
151 1313 398 1365 excommunicationis
412 1312 565 1375 iterationem,
579 1313 606 1362 ad
616 1312 725 1375 majorem
738 1309 774 1361 sul
785 1323 842 1362 con·

36 1384 167 1448 lusionem,
182 1388 209 1434 nt
219 1384 253 1434 sic
271 1383 285 1433 i
298 1389 392 1449 peccato
406 1383 508 1443 resiliat,
522 1384 560 1435 vel
575 1386 664 1448 propter
676 1382 731 1432 alias
745 1395 839 1447 causas;

37 1457 61 1504 et
75 1458 133 1505 tuuc
145 1458 183 1506 tot
197 1458 251 1505 sunt
267 1454 404 1519 principales
419 1454 681 1516 excommunicationes,
699 1455 755 1517 quot
766 1465 842 1503 cause

38 1538 77 1587 pro
88 1526 177 1590 quihus
191 1525 275 1589 aliquis
286 1526 505 1577 excommunicatur.

68 1596 219 1661 ltprimum
232 1610 286 1659 ergo
300 1597 432 1657 dicendum,
440 1596 503 1661 quid
517 1596 639 1661 Apostolus
653 1594 755 1659 loquitur
765 1595 793 1645 de
805 1586 847 1658 pa!

40 1669 103 1730 annis
120 1673 145 1720 et
157 1667 210 1719 aliis
229 1667 378 1731 infidelibus,
393 1667 433 1731 qni
451 1680 499 1718 non
515 1666 602 1717 habent
617 1668 785 1727 characterem,
803 1678 845 1729 per
898 1716 901 1725 ,

39 1750 105 1800 quem
116 1740 265 1791 annumerati
279 1739 326 1789 sint
338 1740 423 1804 populo
435 1739 485 1790 liei.
501 1738 546 1789 Sed
560 1737 614 1801 quia
624 1738 740 1787 character
753 1737 845 1801 baptis-

41 1810 105 1861 malis
114 1825 162 1877 quo
178 1811 232 1875 quis
243 1812 328 1875 populo
344 1810 386 1861 liei
399 1814 574 1873 annumeratur,
590 1812 626 1859 ost
641 1807 781 1870 indelebilis,
794 1808 844 1859 idon

39 1891 129 1945 semper
149 1887 254 1934 remanet
267 1882 397 1945 baptisatus
415 1881 491 1946 aliquo
506 1882 574 1932 modo
588 1882 618 1931 ts
638 1878 755 1942 Ecclesia;
771 1883 795 1929 ct
811 1878 845 1929 sic

41 1949 143 2003 Ecclesia
162 1965 254 2017 semper
272 1954 300 2003 rie
316 1953 366 2017 ipso
378 1952 482 2017 judicare
496 1955 583 2017 potest.

70 2022 239 2074 nummulum
256 2023 388 2086 (licendum,
398 2023 566 2088 quodprivntio
576 2021 681 2087 quamue
695 2034 741 2071 nou
751 2019 846 2084 recipiat

41 2093 112 2155 magu
129 2100 154 2146 et
168 2095 246 2145 minus
262 2094 387 2146 secundum
406 2108 444 2159 se,
458 2095 541 2159 recipit
555 2098 632 2145 tamen
646 2094 718 2155 magis
731 2096 754 2143 ct
772 2092 848 2141 minus

41 2164 164 2216 secuudum
180 2179 273 2217 cansam
291 2180 365 2217 suam.
385 2168 414 2217 lit
434 2166 560 2218 secundim
577 2168 622 2216 troc
640 2162 845 2217 excommunicatio

43 2238 118 2295 potest
135 2236 229 2298 iterari,
240 2242 264 2287 et
282 2238 355 2301 magis
375 2241 413 2288 est
425 2238 545 2301 elongatus
560 2234 700 2299 isullragiis
720 2234 843 2295 Ecclesia,

42 2303 81 2365 qui
90 2307 179 2371 pluries
192 2307 459 2370 estexcommunicatus,
474 2308 543 2373 quim
561 2308 601 2371 qui
614 2307 687 2358 mmet
702 2306 801 2357 tactim.
