1942 3284
301 224 332 260 titt
347 223 459 261 urtttstlto
474 191 668 267 ῦθΜΕὸδΙθΜε..
825 212 870 257 625

107 300 133 348 t.
147 298 277 360 Praeterea,
295 297 353 349 illud
366 299 395 349 al
407 299 467 362 quod
479 298 629 351 determinate
646 304 760 361 tenemur,
770 313 819 353 coo
835 287 885 370 esti

64 368 99 419 in
109 370 189 419 nostra
200 367 310 419 electione
318 367 476 419 mostitutum.
486 369 532 420 Sed
539 371 644 422 racemos
651 370 885 425 cuioortiteritcce·'

65 452 136 503 mur,
154 442 192 489 eet
209 438 234 489 in
251 443 326 490 nostra
338 439 451 491 electione
462 440 607 504 constitutus,
623 445 770 505 ctpatetper
782 444 871 508 iugur-

65 511 152 561 tirmm
166 509 190 559 in
203 508 279 561 littera
292 509 346 575 (lit.
361 511 441 570 sent„
454 510 507 561 dist.
526 515 565 574 tt,
579 524 643 561 nom.
659 512 703 575 t);
715 512 771 563 dicit
783 512 844 565 enim
862 530 869 563 :

67 596 87 629 ι
99 579 147 639 Qui
158 580 208 629 ruit
221 579 323 630 mcflteri
337 584 446 643 peccata,
458 584 483 630 ut
497 580 600 632 inveniat
609 583 720 646 gratiam,
733 587 821 647 querat
834 596 870 635 ea·

66 651 193 701 cerdotem
204 649 244 715 qui
256 650 314 701 sciat
325 651 413 701 solvere
426 654 449 701 et
461 651 565 714 ligare.»
580 652 740 716 irretitam
748 643 810 718 quil
823 666 870 705 noc

66 719 106 770 sit
117 720 271 771 neceesarium
283 721 373 785 proprio
390 722 502 773 sacerdoti
511 721 623 773 confiteri.

109 792 135 841 t.
149 791 277 855 Preterea,
288 792 378 857 quidam
396 796 464 855 sunt,
477 792 537 843 sieut
550 794 611 857 Papa
624 798 648 845 et
657 794 746 859 prolati
754 832 763 856 ‚
772 794 813 858 qui
823 808 869 846 non

65 862 186 913 videntur
198 862 282 913 haltere
300 862 415 927 proprium
428 864 576 925 sacerdotem,
589 863 642 914 cim
658 877 705 915 non
719 864 819 916 habeant
830 878 869 917 su·

65 933 200 999 perierem.
215 932 260 985 Sed
273 933 313 985 isti
326 936 433 985 tenemur
445 934 474 984 ad
490 933 665 985 contessionem.
679 935 738 998 Ergo
751 948 797 986 non
810 948 870 986 sem·

65 1016 117 1068 per
129 1008 221 1055 tenetur
232 1005 300 1056 homo
313 1003 416 1055 oonilteri
430 1004 523 1068 proprio
535 1004 657 1055 sacerdoti.

108 1081 132 1125 5.
143 1075 350 1139 Pretercamissud
360 1075 420 1140 quod
429 1076 602 1125 estimtitumm
613 1088 655 1139 pro
663 1075 782 1140 charitate,
791 1080 869 1127 eoctm

66 1146 210 1199 charitatem
222 1158 267 1198 non
280 1146 378 1208 militat,
389 1163 403 1194 t>
418 1152 444 1197 ut
456 1146 584 1198 Bemmdus
593 1146 691 1211 (tract.
703 1146 736 1196 de
743 1150 869 1212 praecepto

66 1221 99 1269 et
112 1217 311 1281 dispensatione)
325 1217 387 1269 dicit.
401 1219 447 1271 Sed
461 1218 577 1269 consessio
589 1232 640 1281 qum
653 1230 694 1283 pro
709 1218 820 1268 charitate
832 1217 869 1267 in-

67 1288 157 1340 stituta
168 1292 218 1352 eet,
228 1292 304 1339 matre
320 1287 452 1339 charitatem
465 1289 590 1350 militaret,
602 1288 623 1340 ei
635 1290 705 1340 immo
716 1289 746 1339 ad
758 1288 870 1339 coptiten·

68 1361 132 1411 dum
144 1359 186 1409 uni
200 1358 311 1411 sacerdoti
322 1364 383 1411 esset
400 1360 525 1424 obligatm3
539 1364 566 1409 ut
585 1359 639 1425 putt
654 1359 676 1411 ci
696 1363 800 1424 pecmtor
812 1357 869 1409 sciat

68 1430 217 1481 sacerdotem
236 1442 303 1481 cuum
321 1430 466 1492 hereticum,
480 1434 522 1481 aut
536 1429 705 1481 sollicitatorem
721 1431 749 1481 ad
769 1430 867 1493 malum,

69 1504 117 1551 aut
128 1500 242 1563 coprem,
252 1500 293 1565 qui
302 1500 332 1551 ad
341 1504 457 1565 peccatum
468 1500 529 1564 quod
538 1500 590 1564 quie
602 1501 626 1551 ei
634 1501 764 1563 confitetur,
772 1498 803 1553 eit
815 1512 869 1563 pro·

70 1584 130 1633 nus,
140 1571 178 1623 vel
188 1571 208 1621 ei
217 1572 327 1625 mvcletor
340 1583 391 1623 esse
400 1570 551 1623 confessionis
562 1569 706 1635 probabiliter
716 1570 867 1632 existimetur,

70 1640 114 1693 vel
130 1642 152 1692 si
167 1646 286 1706 peccatum
301 1645 379 1693 contm
394 1640 470 1705 ipsum
488 1640 634 1690 commissum
650 1641 696 1704 sit,
710 1638 739 1690 de
751 1652 797 1703 quo
816 1639 868 1702 quis

70 1712 181 1763 confiteri
193 1712 268 1765 debet.
281 1713 341 1777 Ergo
353 1711 443 1763 ridetur
453 1710 515 1777 quod
524 1723 573 1762 noc
584 1723 675 1775 semper
683 1712 788 1775 oporteat
797 1710 868 1763 conii-

70 1784 120 1836 teri
132 1783 224 1849 proprio
237 1784 357 1836 sacerdoti.

108 1858 133 1905 6.
147 1854 273 1915 Praeterea,
287 1856 311 1904 in
324 1866 352 1905 eo
371 1855 432 1919 quod
450 1858 488 1905 cst
506 1851 659 1903 necessarium
670 1852 700 1903 ad
711 1851 808 1903 sautem
821 1864 868 1903 noc

70 1929 130 1979 sunt
149 1924 252 1975 hominos
270 1924 388 1989 memnii,
403 1937 433 1976 ne
455 1923 608 1988 impediantur
626 1921 641 1973 l
657 1922 696 1972 ria
716 1920 804 1973 salutis.
823 1921 868 1972 Sed

68 2008 159 2059 magna
177 1995 270 2047 motatio
290 1996 390 2057 videtur,
403 1994 423 2046 si
437 1998 541 2059 oporteat
557 1992 599 2044 uni
615 1992 703 2043 homini
721 1991 826 2043 confiteri
839 1993 868 2043 de

69 2064 225 2129 necessitate3
240 2069 264 2116 et
277 2078 318 2129 per
331 2066 375 2115 hoc
395 2064 460 2116 molti
472 2069 567 2129 possent
581 2063 595 2113 i
607 2062 751 2114 confessione
765 2060 866 2125 retrahi,

70 2138 112 2188 vel
127 2136 222 2201 timom,
233 2136 271 2187 tel
284 2136 431 2199 verecundia,
443 2136 481 2186 rel
493 2134 569 2198 aliquo
582 2134 627 2184 alio
639 2131 780 2195 hujusmodi.
793 2132 865 2195 Ergo,
889 2155 892 2161 ,

69 2206 251 2259 commutatio
265 2207 295 2256 rit
308 2206 336 2255 de
352 2206 487 2261 necessitate
500 2204 649 2266 cauticum
665 2203 747 2253 debent
762 2202 867 2253 homines

70 2279 102 2329 ad
114 2278 161 2329 hoc
173 2277 254 2327 arctam
267 2277 304 2342 (ut
314 2275 426 2339 ridetur),
440 2276 502 2341 quod
516 2274 608 2341 pmprio
621 2271 732 2324 sacerdoti
738 2275 867 2324 *confitean-

68 2353 118 2400 tur.

101 2420 149 2471 sel
166 2423 245 2471 eontra
262 2423 298 2471 est
319 2418 441 2470 Decretaiis
461 2416 603 2479 innocentii,
624 2414 666 2481 qui
683 2413 783 2466 instituit
801 2411 864 2477 quac

70 2509 87 2541 α
98 2504 181 2543 omnes
192 2490 305 2555 utriusque
317 2488 384 2541 texit
397 2488 468 2539 remei
479 2488 502 2542 ἰτ
515 2499 574 2537 erno
584 2486 675 2553 proprio
683 2481 796 2536 sacerdoti
807 2495 865 2533 eon·

69 2563 188 2613 fiteatttur.
198 2576 213 2607 m

101 2635 230 2693 meteret,
244 2631 304 2681 sicut
315 2630 437 2695 episcopus
450 2642 475 2681 ee
489 2628 557 2679 hahet
572 2629 600 2679 ad
613 2626 728 2679 tlioecesim
740 2637 817 2684 suam,
832 2622 865 2674 ita

68 2702 177 2755 sacerdos
190 2700 219 2751 ad
238 2712 303 2751 suam
319 2700 458 2765 parochiam.
472 2699 517 2749 Sel
530 2710 577 2749 nort
591 2695 646 2749 ticet
658 2698 700 2749 uni
715 2694 824 2760 episcopo
839 2692 865 2743 in

68 2771 163 2825 dioecesi
171 2770 264 2821 alterius
275 2770 403 2834 episcopale
413 2770 514 2820 cilicium
523 2780 638 2831 exercerc,
646 2764 769 2821 recemiro
780 2765 865 2815 statuta
885 2784 889 2804 ι

67 2853 193 2895 canonem.
211 2840 397 2903 temnentem
414 2840 455 2891 uri
470 2838 581 2891 sacerdoti
597 2837 759 2903 parochianum
769 2833 864 2885 alterim

66 2915 156 2967 aulice.
