1942 3284
109 198 156 246 bib
263 202 463 254 coenomanensi,
479 201 573 249 omnem
589 204 646 250 viss,
661 205 717 241 sus.
735 204 762 240 n.

141 277 188 335 sed
204 282 281 331 conten
298 281 347 343 cet,
359 279 420 343 qnod
437 278 462 328 in
481 278 556 329 Ιὶιιεεε
570 277 753 339 determinatur,
770 276 817 327 lv.
831 280 911 339 sent.¹

112 353 166 405 dist.
186 354 216 401 li
232 350 275 415 (l),
290 362 353 400 num.
365 354 388 399 b.
818 346 824 355 '

142 420 445 488 (consensum-Nonnisi
457 420 483 471 in
494 419 639 472 necessitatis
652 418 750 474 articulo
762 420 835 471 alteri
843 420 915 484 pedm

109 492 221 548 sacerdoti
230 493 372 556 peoclnanm
380 490 496 543 coulmslc
508 490 558 540 lieni
569 492 671 554 potest.)

139 562 276 627 Respondes
290 560 424 624 dicendum,
437 560 498 627 qnid
510 562 572 611 siem
584 560 713 624 baptismus
724 565 762 613 est
775 573 915 613 sanamu-

110 636 159 685 tum
173 630 335 693 necessitatis,
349 632 382 682 ita
398 635 423 683 et
435 630 581 695 punitentia.
594 631 725 694 Baptismus
742 634 843 694 annm,
855 631 914 696 quia

108 708 146 758 est
160 706 327 755 munumentum
347 702 508 766 ucoonitab's,
523 701 637 765 duplicem
656 702 726 754 babet
746 702 912 754 ministrum:

109 786 189 839 unum,
205 772 245 825 cui
257 786 287 824 ex
299 772 375 824 oldoio
387 772 504 838 baptizare
515 774 637 837 incumbit,
652 772 741 825 scilicet
752 775 911 838 ncmdotem3

108 846 188 910 alium,
201 844 240 897 nnl
251 843 339 895 radone
353 843 513 906 necessitatis,
527 843 667 908 dispensatio
678 843 786 909 baptismi
800 843 914 895 munit

108 917 177 985 pituip
189 920 215 969 et
229 916 264 967 ite
274 915 344 966 etiem
354 913 458 966 minister
467 914 616 980 punientis,
629 915 669 967 sui
680 914 800 967 confessio
812 919 853 967 est
871 914 912 965 ia·

117 988 200 1041 cienda
213 1000 243 1040 ex
251 984 334 1048 ollclo,
344 988 381 1037 eet
389 984 509 1048 moordos3
518 985 592 1037 sedin
606 986 742 1038 necesitate
752 985 911 1038 etiamiaieus

108 1059 181 1112 noem
195 1057 319 1113 noemmin
332 1057 437 1121 supplet,
447 1060 475 1107 ut
487 1057 511 1108 ei
525 1057 641 1109 wniessio
651 1057 702 1109 lieri
716 1058 800 1122 possit.

139 1133 174 1185 ed
185 1130 283 1197 mimum
298 1138 353 1193 engo
369 1128 505 1191 dicendum,
515 1127 576 1193 quod
589 1129 614 1179 ln
623 1131 766 1180 mcmmeutb
782 1130 908 1193 penitenti

108 1215 155 1255 non
169 1202 243 1255 solim
261 1204 299 1252 est
311 1199 395 1265 aliqmd
408 1211 437 1249 ex
452 1203 516 1263 parte
528 1197 642 1261 ministri,
654 1199 742 1251 scilicet
754 1200 871 1253 absolutio
883 1207 909 1252 el

109 1270 275 1325 satisfactionis
288 1269 412 1334 iniunctb3
424 1270 464 1321 sed
477 1268 549 1319 etiam
559 1269 645 1335 aliquid
655 1282 686 1321 ex
695 1274 761 1335 parte
774 1271 853 1335 ipsius
864 1274 907 1337 pai

107 1342 205 1407 suscipit
216 1344 398 1401 commentum,
412 1340 472 1404 qnod
483 1344 520 1391 eet
531 1340 602 1392 etiam
613 1340 743 1393 deessentia
755 1344 905 1405 mmamend,

107 1411 281 1466 siontcontultlo
290 1415 316 1463 et
328 1410 452 1463 conlessio.
466 1409 596 1462 minando
609 1414 687 1462 autem
695 1411 746 1475 jam
760 1411 904 1476 incipitame

107 1483 252 1548 encloistre,
266 1484 293 1535 in
307 1486 418 1547 mantum
439 1494 491 1533 cam
508 1481 622 1546 injungit3
644 1486 669 1533 et
686 1482 860 1547 lpoenitente,
878 1484 905 1533 in

106 1559 216 1621 qnantum
232 1567 284 1606 eam
296 1553 377 1617 implet
390 1568 397 1603 :
411 1555 437 1605 ει
448 1552 477 1603 ad
485 1552 651 1616 plenitudinem
661 1554 800 1604 sacamenti
814 1558 907 1605 utram-
966 1535 968 1586 l

106 1638 153 1693 poc
164 1624 233 1678 debet
245 1633 394 1686 concussere,
414 1623 505 1688 quando
517 1622 625 1687 possibile
643 1626 687 1676 εει
700 1623 746 1675 sed
758 1622 854 1688 qundo
864 1638 907 1676 ne·
967 1617 969 1684 l

107 1698 205 1751 cessitas
220 1696 340 1759 inminet,
353 1693 422 1746 debet
441 1694 519 1745 lacere
533 1692 648 1759 puniens
662 1695 724 1759 quod
735 1707 766 1745 ex
778 1699 847 1759 parte
862 1710 904 1747 ena

107 1772 158 1832 est,
173 1766 261 1819 scilicet
272 1766 359 1819 connni
371 1768 396 1817 ct
409 1764 514 1816 oondnn
532 1764 570 1815 eni
588 1766 681 1829 polest;
697 1764 738 1829 qni
749 1767 859 1830 quamuis
866 1780 905 1818 sa·

106 1843 245 1890 canentum
264 1837 371 1902 pennen
389 1847 434 1888 non
448 1834 536 1901 possit,
548 1838 575 1885 ut
586 1835 658 1886 iacnt
672 1836 698 1888 ld
716 1836 778 1899 quod
792 1849 823 1887 cu
837 1842 904 1902 parte

107 1908 230 1960 nmodntis
241 1915 291 1969 est,
303 1906 468 1958 absolutionem
486 1904 591 1970 scilicet,
604 1906 716 1957 delectum
728 1910 807 1958 tamen
822 1920 902 1959 meer-

106 1977 167 2029 dotle
179 1984 280 2029 summus
294 1976 400 2027 sacerdos
414 1974 512 2040 supplet.
526 1975 681 2027 Nihilominus
693 1977 809 2029 conlessio
821 1990 854 2028 ex
862 1980 904 2029 de-

107 2048 168 2101 lectu
184 2046 308 2099 sacerdotis
325 2045 384 2098 leion
396 2047 470 2109 lacta,
482 2046 652 2099 monmentalis
665 2050 703 2099 est
716 2049 901 2110 quodammodo,

106 2117 211 2183 quamuis
222 2130 269 2169 non
282 2116 314 2169 sit
325 2121 492 2169 sacramentum
508 2117 647 2182 pennum
660 2117 716 2182 qaia
726 2118 794 2170 deest
803 2116 828 2169 id
839 2122 901 2183 quud

106 2190 144 2239 est
155 2200 185 2239 en
196 2190 261 2253 ponte
274 2187 407 2239 sunemotie.

137 2259 171 2311 lld
182 2259 306 2311 monadum
321 2258 450 2322 dicendum,
458 2260 519 2325 quod
528 2259 633 2325 qmmvb
646 2258 719 2310 laicus
728 2270 776 2311 non
786 2261 818 2312 sit
827 2261 901 2325 judex

106 2328 158 2394 eius
176 2330 216 2394 qui
228 2329 272 2382 sibi
284 2330 402 2382 confltetur
419 2328 535 2394 absoluti,
549 2333 628 2381 nmen
647 2317 736 2381 natione
754 2332 901 2383 necessitatis

107 2399 194 2463 aoeiplt
202 2400 313 2464 judicium
326 2398 608 2465 supercommune
619 2398 683 2465 qnid
696 2400 809 2453 confitens
820 2414 850 2453 cx
860 2402 901 2453 de-

107 2468 170 2521 lectu
182 2470 304 2522 sacerdotis
316 2484 341 2523 se
350 2471 374 2522 ei
387 2471 471 2523 subdit.

139 2542 174 2594 ld
183 2541 415 2606 tsninmdicendnm,
426 2542 535 2608 quodpea
544 2546 685 2595 commenta
693 2544 763 2595 bomo
771 2543 900 2596 nonsoldm

16 2628 18 2685 ’χ
109 2612 165 2674 beo,
179 2611 300 2664 sedetiam
310 2612 416 2665 Emissis
433 2616 523 2678 oportet
533 2612 595 2679 quod
611 2612 779 2666 reconcidetnr.
792 2614 899 2667 licclesie

17 2706 19 2746 χ
109 2686 184 2735 annm
203 2682 346 2736 reconciliari
358 2694 404 2735 non
417 2687 509 2749 potest,
522 2682 569 2734 nisi
585 2682 734 2736 mnnidmtlo
752 2682 857 2737 liceloeie
868 2686 899 2735 ad

141 2833 174 2895 (i)
187 2838 260 2881 Locus
272 2839 308 2881 est
320 2834 403 2881 elibac
411 2836 448 2880 cul
458 2836 547 2895 titulus,
558 2836 592 2881 De
601 2846 661 2882 cecc
671 2840 694 2883 ct
702 2838 767 2897 [msc
775 2838 894 2897 penites·

109 2896 162 2945 tin.
175 2901 268 2943 auclore
287 2897 384 2947 incerto.
395 2903 525 2955 excerptus.
