1942 3284
176 186 213 222 1>ss
227 183 380 222 uomitum
396 183 522 221 extuanti!
537 183 602 228 QUOD
616 185 660 221 EST
675 185 769 224 vannus.
822 183 867 232 501

66 263 109 310 art.
124 262 152 324 1,
166 263 185 308 Ξ
199 262 226 311 ει
241 259 273 322 t),
287 259 313 308 in
325 259 464 308 sacramento
476 256 618 321 penitentia
629 259 776 312 materialiter
791 275 818 314 εε
830 265 872 314 da·

65 333 123 382 ient
144 333 218 382 actus
233 329 340 392 humani3
360 330 420 392 quod
442 341 489 378 nou
509 328 620 392 confingit
636 329 662 381 in
685 332 813 396 baptismo,
833 336 873 386 uel

66 404 258 454 confirmatione.
278 402 308 451 Et
329 399 380 451 ideo
401 412 453 450 oum
472 399 546 450 uirtus
565 399 596 451 εἰι
614 400 751 466 principium
772 405 871 471 alicujus

65 478 142 536 actus,
158 473 241 537 potius
251 471 385 536 poenitentia
395 473 431 520 εει
440 469 514 520 virtus
523 470 561 521 vel
570 471 804 538 eumuirtute,quam
814 476 871 541 hap

66 544 150 594 demus
162 557 209 594 seu
220 541 369 594 confirmatio.

96 615 133 664 Ad
152 614 282 664 secundum
296 610 504 674 dicendum,un
519 610 654 675 punitentia
674 613 798 666 eecuudlrnr
810 617 870 680 quod

66 688 101 734 est
115 685 218 748 passio,
232 696 278 734 non
296 686 331 732 εει
350 682 434 744 uirtus,
449 685 475 732 ul
489 680 575 732 dietum
593 687 642 746 εει;
662 685 696 734 ric
713 690 788 737 autem
802 687 872 738 habet

66 756 215 820 corporalem
230 753 439 804 transmutationem
455 751 594 816 adjunctam.
605 754 646 803 list
664 760 739 806 autem
750 756 822 807 uirtus
833 770 870 808 se·

66 826 170 876 cundlrm
191 823 253 888 quid
270 825 339 874 habet
354 837 384 874 ex
397 827 462 887 parte
482 823 605 873 uoluntatis
618 823 753 876 electionem
774 832 869 878 rectam.

65 895 131 952 Quod
144 901 229 947 tamen
242 895 315 958 magis
327 898 404 958 potest
423 894 467 944 diei
480 893 509 944 de
521 892 656 956 penitentia
672 895 742 958 quarn
758 897 786 948 de
806 911 870 950 rere·

65 965 150 1017 cundia
163 981 170 1015 :
181 979 236 1015 nam
248 965 384 1016 uerecundia
397 963 489 1028 respicit
496 969 562 1028 turpe
571 963 656 1014 laetum
665 970 691 1015 ut
703 980 816 1029 praeens,
828 981 870 1032 pro

65 1049 111 1098 quo
124 1036 197 1088 timet
207 1035 329 1096 conlundi;
338 1034 472 1098 peonitentia
481 1047 536 1087 uero
545 1038 572 1084 ut
583 1035 732 1098 preteritum.
742 1037 784 1087 list
794 1043 869 1088 autem

66 1112 146 1158 contra
168 1106 334 1172 perfectionem
349 1104 452 1166 uirtutis,
465 1107 526 1168 quod
539 1105 619 1169 aliquis
631 1105 656 1156 in
664 1108 776 1171 prasenti
789 1109 871 1160 lrabeat

66 1184 134 1242 turpe
145 1177 245 1241 laetum,
257 1177 286 1228 dc
295 1189 339 1241 quo
349 1180 452 1240 oporteat
462 1189 515 1226 eum
523 1177 684 1240 remeandari3
693 1192 739 1230 uon
750 1184 786 1230 εει
793 1184 869 1230 autem

66 1254 147 1300 contra
170 1248 336 1314 perfectionem
357 1245 447 1297 uirtutis
468 1246 530 1310 quod
550 1246 633 1310 aliquis
649 1248 712 1312 prius
733 1249 872 1301 commiserit

67 1322 144 1384 turpia
154 1321 227 1381 laeta,
240 1319 361 1383 dequibus
371 1321 473 1381 operteat
483 1330 536 1368 eum
544 1318 667 1382 penitere,
680 1333 733 1371 eum
746 1333 776 1371 ex
788 1320 871 1372 vitioso

64 1391 107 1440 liat
118 1391 206 1455 aliquis
217 1390 338 1440 virtuosus.

98 1462 131 1512 nd
147 1460 245 1512 tertium
263 1458 381 1509 dicendum
389 1495 397 1522 ,
416 1457 477 1521 qudd
496 1458 572 1509 dolere
588 1459 617 1510 de
630 1472 658 1510 eo
670 1460 731 1523 quod
744 1460 809 1524 prius
824 1461 870 1512 lae·

68 1534 117 1580 tum
136 1535 190 1593 est,
211 1543 262 1580 cunr
275 1529 401 1579 intentione
420 1529 517 1580 conandi
531 1529 559 1578 ad
576 1529 621 1580 hoc
638 1531 700 1591 quod
719 1531 804 1580 iactum
823 1544 871 1582 non

68 1601 152 1664 luerit,
168 1614 222 1652 esse
235 1600 338 1650 stultum.
354 1599 402 1648 ΗεεΙ
418 1603 495 1648 εειεεε
509 1611 556 1648 non
573 1598 671 1649 intendit
683 1599 798 1662 penitens
809 1638 817 1664 ,
830 1603 870 1652 sed

70 1671 133 1722 dolor
145 1672 203 1736 ejus
216 1675 252 1722 est
265 1669 406 1734 displicentia
423 1683 463 1719 seu
477 1669 605 1731 reprobatio
622 1668 679 1718 lacti
698 1670 806 1734 preteriti
819 1684 870 1720 cunr

71 1742 203 1794 intentione
221 1739 353 1792 remouendi
369 1740 485 1804 sequelam
499 1739 588 1803 ipsius,
600 1737 687 1790 seilicet
705 1741 814 1791 offensam
829 1741 870 1792 Ilei

70 1816 93 1864 et
109 1819 203 1865 reatum
217 1825 299 1878 poue.
313 1813 342 1862 lit
353 1813 397 1862 hoo
411 1823 458 1862 non
473 1816 511 1861 eut
522 1810 628 1861 stultum.

374 1987 533 2040 tuniculas
547 1988 576 2038 ΙΙ.

232 2116 317 2162 Utricm
326 2112 464 2172 paenitentia
471 2112 505 2156 eit
513 2111 621 2168 specialia
629 2111 715 2156 virtue.

106 2241 140 2290 ad
157 2240 282 2292 secuudum
296 2238 329 2300 eie
343 2237 480 2300 proceditur.
493 2235 587 2286 Videtur
599 2234 659 2298 quod
670 2235 808 2298 punitentia
822 2249 869 2288 uon

74 2308 104 2357 eit
118 2309 224 2373 specialis
242 2308 323 2358 uirtus.
336 2306 443 2369 Ejusdem
457 2305 519 2357 euim
532 2305 625 2356 rationis
643 2303 796 2355 videturesse
815 2319 871 2369 gau-

75 2379 126 2430 dere
139 2381 168 2431 de
180 2378 247 2430 bouis
258 2376 322 2442 prius
335 2377 406 2439 actis,
420 2381 444 2427 ει
456 2376 533 2427 dolere
548 2376 578 2426 de
592 2375 657 2425 mair
667 2375 810 2438 perpetratis.
825 2375 871 2426 Sed

77 2449 181 2510 gaudium
194 2451 223 2500 de
233 2449 292 2499 bono
306 2447 369 2512 prius
378 2447 446 2510 laeto,
466 2459 513 2497 uon
526 2449 561 2496 εει
569 2445 674 2508 specialis
683 2445 769 2508 uirtus,
782 2446 822 2496 aed
836 2451 872 2497 εει

76 2520 167 2582 quidam
185 2519 279 2570 allectus
299 2517 418 2569 mudahilis
431 2530 461 2568 er
483 2515 592 2567 chadtate
610 2515 760 2579 proveniens,
772 2519 871 2580 utpatet

76 2605 117 2653 per
130 2591 280 2654 ligustrium
292 2590 341 2640 xlv
361 2591 398 2640 De
410 2589 495 2640 Civit.
510 2587 558 2636 Dei
570 2586 639 2650 (cap.
652 2587 691 2646 7),
704 2586 765 2636 unde
777 2589 801 2635 et
811 2588 872 2649 tipo

78 2663 147 2714 stolus
163 2664 174 2713 l
189 2662 259 2719 Cor„
270 2662 339 2723 lllll,
353 2659 408 2711 dicit
427 2659 487 2723 quod
500 2675 514 2705 u
527 2656 625 2706 charitas
642 2668 687 2706 nou
704 2656 787 2717 gaudet
803 2668 872 2718 super

77 2732 211 2796 iniquitate,
225 2732 352 2794 congaudet
365 2735 440 2781 autem
456 2727 580 2778 renati.»
595 2726 654 2789 Ergo
664 2725 714 2789 pari
724 2725 812 2775 ratione
825 2737 870 2775 uec

76 2805 218 2866 prurientia,
229 2816 279 2867 qua
291 2807 327 2853 εει
340 2803 402 2853 dolor
415 2802 443 2852 de
454 2799 555 2864 peccatis
566 2797 701 2861 praeteritis,
715 2801 751 2846 eet
762 2795 869 2860 specialis

80 2879 163 2938 virtu,
177 2875 218 2926 sed
230 2877 266 2923 est
282 2873 371 2937 quidam
384 2871 478 2921 allectus
492 2882 521 2920 er
534 2867 643 2919 chamuto
656 2865 802 2930 proveniens.

845 3118 942 3228 ι
