1942 3284
133 209 176 256 188
197 247 200 254 ι
319 220 377 255 enus
393 219 434 266 nr,
450 217 543 261 onmsr.
560 218 625 266 nuru,
641 217 697 254 nnn.
716 219 740 253 1.

165 296 197 345 bd
206 294 298 344 tertium
310 293 438 356 dicendum,
451 292 512 355 quod
526 292 777 356 numerorumque
789 305 820 342 en
832 305 860 343 eo
872 292 918 356 quii

134 367 274 417 demonstrat
286 378 311 416 sc
325 365 411 429 aliquid
423 365 482 415 relic
495 365 555 428 quod
569 377 615 415 non
625 365 684 414 ruit.
699 365 844 428 Quicumque
858 367 920 414 anim

135 437 224 487 accedit
236 437 265 486 ad
279 437 433 500 baptismum,
448 449 478 486 eu
491 437 536 486 boo
545 435 598 500 ipso
609 436 710 488 ostendit
729 450 755 486 se
768 440 856 487 rectam
867 436 921 484 iiten

136 506 220 558 Christi
233 507 332 568 babere,
347 512 370 558 ct
383 511 551 558 sacramentum
567 506 686 568 venerari,
700 510 725 557 et
736 506 796 557 relic
808 520 835 557 sc
847 507 923 556 cuso

137 577 287 640 conformari,
309 581 332 627 et
345 579 403 628 scite
422 578 551 642 bpeccato
573 579 687 629 recodcro.
712 578 778 629 Unde
800 577 922 640 cuicumque
945 574 946 577 ’

138 657 233 716 peccato
248 653 298 700 vult
310 651 379 701 homo
392 649 519 712 inburcrc,
534 649 558 699 si
567 649 595 699 ad
607 650 745 713 baptismum
756 650 862 712 amobit,
871 649 923 697 ictu

138 723 311 786 accentuum
325 727 359 772 est
376 721 483 774 indevoti
498 722 615 771 accedere.
633 722 677 772 Sed
699 722 743 770 boc
762 720 924 783 intelligendum

138 799 175 844 cst
190 795 318 858 depcccato
331 793 433 856 mortali,
448 792 510 856 quoti
520 793 599 855 grafia
615 792 778 854 contrariatur,
800 805 850 843 uon
863 795 924 840 anon
946 808 947 811 ¹

140 866 168 916 ae
180 864 376 928 peccatotorum.
391 863 575 916 ouaenutnnrc
588 863 925 928 qumaumoaomcummo
947 846 949 895 t

140 941 267 999 peccatum.
491 963 496 975 ι
947 934 948 987 i

440 1041 597 1094 inuenitis
610 1041 639 1092 X.

198 1167 293 1221 Utrum,
304 1169 402 1224 fictione
416 1169 549 1220 recedente,
561 1167 692 1222 baptismus
706 1176 777 1209 suum
791 1165 896 1222 effectum

454 1234 620 1288 cumspectior.

173 1361 206 1412 nd
224 1360 335 1412 decimum
352 1361 385 1411 sic
395 1360 525 1424 proceditur
532 1361 578 1426 (1).
590 1357 761 1424 tincturum,
773 1357 867 1409 iictionc
878 1368 926 1433 rott-
949 1370 950 1385 ¹

141 1435 223 1495 (lente,
235 1433 361 1496 baptismus
376 1446 441 1482 snum
458 1433 564 1482 nitentum
577 1445 623 1482 non
632 1434 792 1493 consequatur.
801 1431 868 1495 tipus
881 1438 924 1478 cunr

142 1509 264 1564 mortuum,
284 1505 343 1566 quod
360 1503 457 1554 estsine
473 1503 598 1565 charitate,
612 1516 658 1553 non
675 1504 753 1566 potest
770 1513 874 1564 unquam
886 1495 928 1546 viri-

142 1575 213 1625 inari.
227 1576 271 1626 Sed
284 1576 322 1626 iiic
338 1576 377 1639 qui
391 1575 459 1625 flatus
471 1575 559 1625 euenit
568 1577 596 1625 ad
607 1575 759 1637 baptismum,
770 1573 856 1638 recipit
866 1581 926 1622 sacra

143 1651 243 1697 mentum
264 1649 314 1700 sinc
328 1648 446 1698 charitato.
461 1648 522 1710 Ergo
541 1658 658 1711 nunqnam
670 1648 749 1710 potest
766 1643 880 1696 vivificari
896 1642 930 1690 boc
950 1632 951 1679 i

142 1719 209 1770 rnodo
229 1724 255 1770 ut
275 1720 368 1783 gratiam
383 1719 493 1769 conterat.

174 1795 198 1839 2.
212 1792 332 1854 Praetoroa,
343 1790 403 1840 ictio
412 1790 501 1840 videtur
510 1801 562 1839 csso
570 1787 724 1852 fortiorqutnr
737 1787 881 1852 baptismus,
889 1782 931 1833 eiu

142 1861 251 1924 impediat
269 1862 320 1924 ejus
344 1862 458 1910 effectum.
471 1860 516 1910 Sed
535 1859 615 1910 iortius
632 1873 679 1909 non
697 1858 784 1910 tollitur
799 1858 813 1908 a
829 1853 931 1910 debiliori.

144 1935 202 1996 Ergo
216 1939 332 1998 peccatum
346 1933 445 1984 inbonis
458 1947 504 1984 non
518 1937 595 1998 potost
607 1933 657 1984 tolli
669 1946 712 1997 por
724 1932 869 1996 baptismum
881 1930 893 1979 i
903 1927 932 1976 ic·

142 2005 204 2054 tione
226 2004 376 2070 impeditum,
396 2008 419 2054 ci
436 2005 470 2054 sio
486 2006 615 2070 baptismus
635 2018 682 2055 non
704 2009 857 2068 consequetur
878 2009 932 2052 snam

142 2075 257 2138 effectum,
272 2073 311 2139 qui
330 2081 366 2127 est
381 2076 488 2128 remissio
506 2077 607 2128 omnium
620 2080 777 2140 peecatorum·

175 2151 198 2196 a.
214 2149 336 2210 Prmterea,
351 2147 464 2212 contingit
474 2148 534 2212 quon
548 2147 630 2212 aliquis
643 2147 696 2198 ncta
705 2148 801 2198 accedat
814 2148 843 2197 ad
852 2144 932 2212 baptis·

144 2231 218 2278 mrum,
230 2223 253 2269 ct
266 2223 317 2282 post
326 2219 464 2283 baptismum
473 2221 545 2270 muita
554 2223 647 2284 peomta
656 2218 933 2282 murmurmurmur

143 2303 184 2355 pcr
198 2291 336 2353 baptismum
349 2304 396 2342 non
412 2291 534 2353 tolluntur,
550 2291 604 2354 quia
623 2291 749 2354 baptismus
768 2291 830 2341 toltit
850 2289 934 2355 peccati

143 2361 268 2426 preterito,
290 2373 334 2411 non
348 2363 430 2414 futura.
446 2365 505 2428 Ergo
519 2362 647 2426 baptismus
668 2363 720 2412 tatis
733 2375 851 2425 nunquam
865 2370 934 2410 conso·

144 2435 224 2495 quctnr
246 2445 313 2482 suurn
334 2433 454 2497 effectum,
476 2434 516 2497 qui
535 2438 572 2484 cst
591 2433 696 2485 remissio
716 2432 821 2484 omnium
840 2436 934 2497 peceato

145 2515 205 2552 rurn.

175 2575 219 2624 Sed
232 2578 309 2625 contra
320 2581 364 2640 cst,
375 2577 435 2642 qnod
449 2576 588 2639 Augustinus
599 2576 654 2626 dicit
666 2577 690 2625 in
701 2577 743 2626 lib.
759 2577 796 2625 De
810 2577 934 2640 neptuim

143 2643 192 2706 (tib.
203 2645 221 2704 i,
237 2659 287 2710 cap.
298 2648 335 2708 ta)
349 2663 355 2696 :
372 2665 386 2695 ιι
395 2649 458 2706 Tunc
472 2647 548 2698 volere
563 2647 642 2712 incipit
654 2649 683 2698 ad
696 2647 792 2697 salutem
806 2647 935 2711 baptismus,

143 2713 194 2764 crim
210 2717 238 2766 ab
254 2717 293 2769 iiio
310 2719 371 2770 iictio
385 2719 462 2770 veraci
477 2719 622 2770 confessione
640 2718 775 2782 recesserit,
795 2731 863 2782 quae,
880 2714 935 2769 norit

177 2875 210 2940 (i)
225 2882 257 2925 lic
268 2881 380 2928 bisetium
395 2884 436 2939 IV,
450 2882 528 2932 Senot..
542 2884 596 2928 dist.
613 2881 643 2938 6,
661 2879 740 2942 quib,
754 2887 799 2927 art.
815 2883 845 2942 2,
858 2894 925 2939 quma·

146 2941 217 2988 tiuuc.
229 2943 258 2994 Bt
275 2949 298 2987 ct
311 2943 364 2987 dist.
378 2942 419 3000 i'i,
434 2955 474 2998 qn.
487 2943 512 2999 zi,
525 2949 567 2990 art.
578 2943 603 3001 i,
617 2945 753 3000 quastione.
765 2943 788 2988 1.
