1942 3284
237 203 267 240 on
283 202 448 242 nrsrmcrrouu
464 204 587 255 cantuum,
603 201 659 242 nro.
716 234 719 238 .
799 195 846 243 etr

21 278 153 331 sacerdos
172 277 242 342 lacit3
257 282 280 328 et
294 280 337 329 lroo
356 278 454 344 pertinet
470 279 499 330 ad
516 279 653 330 diaconum
667 295 676 328 .·
688 280 749 330 unde
763 281 789 330 in
806 281 846 331 lit-

16 354 85 402 tera
107 349 161 412 (lV.
171 349 249 407 Sena,
261 350 313 400 dist.
328 351 377 414 St),
389 349 471 400 dicitnr
483 349 545 413 quod
553 367 568 398 u
575 352 603 400 ad
613 351 733 400 diamnnm
746 351 847 416 pertinet

21 421 174 472 ministrare
183 421 334 472 sacerdotibus
344 420 368 470 iu
377 421 481 472 omnibns
491 435 541 485 qum
551 425 648 486 aguntur
658 421 683 472 in
694 422 843 474 sacramentis

17 492 138 555 Christi3
156 509 171 540 n
184 493 245 542 unde
255 492 337 556 etipse
349 493 432 543 Christi
446 493 579 556 sanguinem
593 493 719 557 dispensat.
737 493 844 546 Secundo

25 568 72 616 est
89 563 246 614 ministerium
268 564 395 615 ordinatum
410 566 436 615 ad
455 564 571 615 materiam
591 565 728 616 sacramenti
742 567 847 616 ordinan-

24 639 88 688 dam
109 636 137 685 in
151 635 220 685 sacris
243 636 305 686 vasis
326 637 398 700 ipsius
422 636 559 687 sacramenti
579 640 625 687 :et
638 637 683 688 hoc
696 638 797 701 pertinet
817 637 846 687 ad

26 707 242 770 subdiaconum
255 708 315 758 unde
325 709 409 758 dicitur
426 709 450 758 in
464 707 554 771 littera,
566 707 626 771 quod
641 727 656 758 u
674 722 730 760 rasa
747 709 846 774 corporis

28 783 55 831 et
79 777 206 841 sanguinis
229 778 318 828 Domini
336 782 442 842 portant,
463 782 486 829 et
512 779 650 830 oblationem
670 781 695 830 in
715 781 780 830 altari
799 795 847 845 po-

30 854 119 910 nunt,
138 863 153 896 u
167 851 191 900 et
203 849 255 899 ideo
272 849 386 914 accipiunt
399 849 492 900 calicem
503 851 532 900 de
546 864 615 901 manu
628 851 739 916 episcopi,
752 853 794 902 sed
807 865 847 902 ra·

31 935 111 974 cuum
117 959 127 986 ,
139 919 191 971 cium
203 920 343 972 ordinantur.
359 922 449 986 lertid,
462 927 498 974 est
510 922 660 973 ministerium
674 925 802 975 ordinatum
817 925 846 975 ad

28 994 228 1058 presentandum
238 994 356 1044 materiam
367 992 521 1044 sacramenti:
532 997 556 1044 et
565 995 610 1045 troc
618 995 726 1059 competit
737 995 845 1060 acolyto,

27 1065 87 1130 ipse
102 1063 182 1128 euim,
203 1066 229 1113 ut
240 1063 264 1113 in
277 1064 351 1116 littera
366 1065 415 1130 {ulti
435 1064 519 1128 supra)
533 1064 624 1127 dicitnr,
642 1064 770 1115 urceolum
787 1081 847 1116 cum

28 1140 98 1186 vino
109 1138 137 1184 ct
149 1149 218 1199 aqua
229 1139 371 1200 preparat,
381 1135 441 1187 unde
451 1135 534 1200 accipit
554 1136 670 1186 urceolum
687 1149 791 1185 uacuum.
800 1137 846 1187 Sed

32 1206 198 1258 ministerium
218 1207 247 1257 ad
265 1208 453 1270 preparationem
472 1205 632 1271 recipientium
651 1206 779 1257 ordinatum
799 1218 847 1257 non

31 1281 119 1344 potest
133 1290 185 1328 esse
197 1277 242 1328 uisi
260 1291 329 1342 super
339 1278 484 1342 immundos,
496 1278 550 1342 quia
566 1279 607 1342 qui
622 1279 702 1329 mundi
716 1282 769 1328 sunt
779 1315 785 1339 ,
797 1279 847 1342 jani

34 1351 98 1401 sunt
122 1349 151 1398 ad
171 1352 313 1400 sacramenta
333 1350 479 1414 percipienda
498 1349 583 1400 idonei.
604 1349 696 1413 Triplex
714 1354 792 1400 autem
810 1351 848 1400 est

34 1433 119 1487 genus
129 1419 309 1482 immundorum,
322 1421 446 1472 secundnm
457 1419 601 1486 Dionysium.
612 1420 708 1479 Quidum
722 1421 784 1471 enim
794 1424 849 1472 sunt

34 1491 138 1545 omnino
149 1491 267 1556 infideles,
276 1493 369 1544 credere
380 1493 485 1544 nolentes
496 1509 502 1541 z
515 1495 539 1542 et
550 1492 575 1540 ui
584 1492 686 1542 totaliter
699 1491 768 1542 etiam
781 1492 795 1542 t
808 1492 845 1560 pi-

37 1564 112 1615 sione
130 1561 259 1613 divinornm
278 1567 301 1614 et
319 1562 406 1614 acoetu
427 1563 529 1614 tidelium
545 1562 637 1612 arcendi
658 1566 712 1612 sunt
734 1577 740 1611 :
760 1566 784 1612 et
800 1565 847 1613 nuc

37 1634 146 1699 pertinet
168 1634 197 1684 ed
214 1635 344 1684 ostiarios.
359 1634 454 1693 Quidum
468 1637 545 1684 autem
562 1637 617 1684 sunt
626 1633 731 1683 uolentes
745 1634 845 1696 credere,

41 1706 88 1758 sed
99 1704 202 1755 nondum
217 1704 330 1769 instructi,
348 1705 435 1755 scilicet
448 1703 606 1754 catechumeni
621 1719 627 1753 :
641 1707 665 1753 et
675 1703 704 1753 ad
713 1705 796 1754 horum
806 1702 850 1752 in·

42 1776 197 1830 structionem
206 1776 320 1827 ordinatur
329 1778 384 1828 ordo
396 1776 530 1832 lectorum,
542 1780 566 1825 et
574 1775 626 1825 ideo
636 1775 711 1838 prima
719 1775 849 1829 mdimenta

42 1847 158 1901 doctrinae
168 1847 234 1908 fidei,
246 1847 331 1899 scilicet
344 1852 411 1898 uetus
422 1847 600 1908 Testamentum,
610 1846 774 1909 eislegendum
785 1859 849 1896 com·

44 1919 154 1972 mittitur.
170 1919 263 1978 Quidam
282 1918 335 1970 verd
351 1924 405 1970 sunt
422 1919 500 1969 fideles
514 1921 538 1968 et
554 1917 675 1978 instructi,
691 1917 732 1967 sed
751 1916 850 1980 impedi-

44 1994 152 2043 mentum
165 1991 275 2042 habentes
284 2005 313 2042 ex
323 1986 433 2043 demonis
443 1993 570 2054 potestate,
581 1989 670 2040 scilicet
679 1988 827 2052 energumeni
838 2005 847 2038 s

44 2067 72 2117 et
85 2063 114 2112 ad
124 2064 167 2113 lroc
177 2061 245 2113 habet
256 2061 407 2114 ministerium
419 2063 473 2113 ordo
486 2063 684 2113 exorcistarum.
699 2063 728 2111 Et
741 2061 774 2111 sic
786 2064 851 2125 patet

44 2134 105 2187 ratio
119 2138 143 2184 et
158 2133 246 2184 numeri
260 2138 284 2184 et
296 2135 380 2198 graduis
397 2134 510 2185 ordinum.

81 2207 115 2256 td
130 2205 227 2269 primum
246 2217 299 2268 ergo
319 2205 452 2265 dicendum,
475 2205 536 2269 qudd
554 2205 679 2268 Dionysius
699 2205 799 2269 loquitur
821 2207 850 2257 dc

48 2275 181 2337 ordinibus,
193 2289 238 2328 non
248 2275 373 2327 secuudum
382 2275 444 2339 quot
454 2279 668 2338 suntsacramenta,
677 2277 718 2326 sed
726 2276 851 2327 secundnm

48 2349 110 2415 quod
128 2349 155 2399 ad
168 2347 435 2399 hierarchicuseetiones
452 2348 586 2398 ordinantor
597 2363 605 2397 τ
615 2351 639 2398 et
652 2347 704 2399 ideo
724 2348 851 2399 secundum

50 2420 151 2472 actiones
170 2420 222 2470 illas
242 2423 289 2470 tres
307 2419 397 2470 ordines
410 2418 542 2482 distinguit,
556 2432 654 2482 quorum
671 2419 759 2484 primus
779 2418 850 2470 habet

50 2503 130 2544 omnes
143 2494 204 2554 tres,
220 2491 309 2540 scilicet
322 2489 454 2554 episcopos.
466 2489 586 2540 Secundus
598 2491 668 2540 habet
682 2491 747 2550 duas,
764 2488 852 2540 scillcet

52 2561 164 2614 sacerdos.
181 2561 226 2612 Sed
239 2562 320 2612 tertius
335 2562 403 2612 habet
417 2574 501 2624 unam,
515 2561 603 2611 scilicet
616 2574 728 2626 purgare,
741 2561 793 2624 ipse
807 2560 853 2610 sci-

51 2632 232 2693 decidissemus,
246 2634 286 2696 qui
300 2633 421 2682 minister
436 2632 517 2682 dicitur
528 2648 534 2682 ε
546 2635 569 2683 et
585 2634 627 2683 suli
644 2634 689 2682 hoc
700 2645 781 2683 omnes
791 2632 852 2682 inie-

52 2704 123 2755 riures
140 2704 230 2756 ordines
250 2705 481 2770 comprehenduntur.
503 2704 548 2755 Sed
569 2705 660 2755 ordines
686 2704 771 2753 habent
791 2702 853 2766 qndd

53 2774 101 2828 sint
113 2781 266 2837 sacramenta,
282 2789 312 2826 er
322 2776 432 2828 relatione
445 2776 474 2825 ad
489 2777 613 2827 marimum
634 2780 828 2826 sacramentorum
843 2789 850 2824 :

53 2849 76 2898 et
92 2847 140 2898 ideo
159 2847 282 2898 secundum
292 2849 338 2899 hoc
349 2850 418 2899 dehet
434 2861 543 2898 numerus
557 2849 663 2900 ordinum
677 2847 757 2912 accipi.

85 2918 117 2970 nd
126 2915 249 2970 secundum
259 2920 388 2984 dicendum,
399 2919 462 2984 quod
471 2919 496 2970 in
507 2919 624 2983 primitiva
635 2919 747 2985 Ecclesia,
756 2922 851 2984 propter
