1942 3284
94 252 142 297 ‘tat
247 260 445 309 succensurum,
463 260 557 307 onmsr.
575 262 632 310 xxx,
648 262 707 301 arr.
726 262 746 300 1.

364 476 532 545 eumalio
549 476 636 544 XXI.

128 622 163 666 lic
175 618 434 666 excommunicationis
452 617 610 675 definitione,
628 621 650 665 et
664 620 852 677 concutiente,
867 623 892 667 ct

251 703 338 741 cocao,
352 692 381 736 io
393 693 500 749 quotuor
513 690 632 735 articulos
646 689 746 735 diuisa.

128 841 301 904 consequenter
314 839 436 891 uidendum
447 841 484 890 est
496 840 525 889 dc
538 840 801 891 excommunicatione.
825 844 862 894 lic
880 856 922 907 qua

99 911 173 976 mimo
185 912 374 962 considerandam
388 914 424 961 est
438 911 467 960 de
489 908 623 961 delinitione
637 914 919 975 excommunicationis,

100 990 123 1035 et
134 984 285 1049 congruitate,
300 988 325 1035 et
333 996 416 1045 causa3
429 982 541 1045 secundo,
556 983 584 1033 le
595 996 621 1033 eo
632 984 672 1046 qui
681 986 764 1047 potest
774 998 919 1037 excommu-

100 1055 176 1106 nicare
194 1061 217 1106 et
231 1054 435 1118 excommunicari;
450 1052 518 1106 tertio
526 1091 535 1117 ,
550 1054 578 1105 cle
599 1054 782 1119 participatione
798 1072 860 1108 cum
878 1072 920 1109 ex·

101 1126 289 1190 communicatis3
305 1125 394 1190 quarti,
411 1127 440 1176 de
458 1125 600 1177 absolutione
614 1124 643 1175 ab
657 1128 920 1181 excommunicatione.

134 1200 201 1250 Circa
216 1200 313 1263 primum
327 1202 457 1261 queruntur
472 1202 587 1262 quatuor:
605 1199 632 1245 1⁰
645 1196 727 1247 Utrum
745 1201 921 1252 convenienter

102 1270 305 1321 excommunicatio
319 1268 448 1320 definiatur.
463 1272 491 1319 2⁰
504 1268 584 1319 Utrum
595 1267 698 1319 Ecclesia
713 1268 808 1320 debeat
820 1272 921 1336 ationem
961 1296 962 1321 l

103 1340 307 1390 excommunicare.
318 1340 345 1388 3⁰
357 1339 437 1391 Utrum
451 1339 534 1403 aliquis
543 1353 583 1404 pro
594 1338 671 1403 aliquo
686 1340 821 1404 temporali
838 1343 919 1393 damno
960 1322 962 1385 l

102 1411 132 1461 sit
149 1410 390 1461 excommunicandus.
406 1414 431 1459 4⁰
445 1410 524 1461 Utrum
538 1410 749 1462 excommunicatio
763 1411 861 1477 injuste
875 1414 917 1465 lata
959 1390 962 1479 l

104 1480 203 1545 aliquem
216 1482 323 1533 ellectum
334 1482 427 1534 habeat.

403 1661 562 1713 iuuentus
580 1662 600 1710 1.
960 1670 961 1713 l

148 1789 235 1833 verim
248 1791 380 1846 competens
394 1788 482 1832 sittace
491 1787 598 1843 delinitio
607 1787 878 1835 excommunicationis.
958 1808 959 1885 p

138 1917 172 1967 Ad
190 1915 287 1978 primum
306 1914 340 1963 sic
353 1913 492 1977 proceditur.
507 1913 603 1963 Videtur
622 1910 684 1975 quod
700 1913 872 1977 incompetens
890 1914 916 1965 n't
957 1893 958 1970 l

106 1987 156 2037 lxaec
166 1985 268 2036 delinitio
277 1983 518 2035 excommunicationis
528 1983 542 2033 a
551 1984 686 2049 quibusdam
700 1984 796 2047 posita:
808 1988 915 2037 Eccom·

108 2058 246 2106 murrieota'o
260 2060 298 2105 est
308 2058 469 2121 separatio&
485 2058 661 2106 communione
673 2056 820 2114 Ecclesiae,
836 2056 916 2123 quoad

106 2130 222 2192 fructuos
244 2131 270 2177 et
289 2128 418 2193 suffragio
435 2128 573 2193 persecutia.
589 2127 704 2191 Suffragia
721 2128 788 2179 enim
808 2129 914 2181 uenena

107 2200 185 2250 ualent
199 2200 234 2249 eis
244 2214 285 2264 pro
295 2202 377 2266 qmbus
391 2200 456 2265 liunt.
467 2200 512 2252 Sed
523 2201 625 2251 Ecclesia
635 2203 685 2251 orat
700 2213 743 2263 pro
756 2200 791 2251 cis
802 2202 846 2265 qui
854 2206 913 2253 amn

107 2271 234 2323 Ecclesiam
245 2277 307 2336 sunt,
319 2273 379 2324 sicut
388 2285 429 2335 pro
439 2272 555 2324 hereticis
565 2278 589 2323 et
598 2271 702 2336 paganis.
717 2272 780 2337 Ergo
790 2273 863 2323 etiam
876 2284 913 2337 pro

108 2343 324 2407 excommunicatis,
339 2343 379 2407 qui
392 2347 456 2394 extra
469 2344 592 2395 Ecclesiam
607 2346 676 2407 sunt5
692 2346 716 2393 et
730 2342 766 2393 sic
779 2343 817 2394 cis
835 2344 912 2397 suta

109 2415 147 2481 gia
160 2414 267 2465 Ecclesia
279 2415 364 2466 ualent.

139 2491 162 2539 a.
174 2492 300 2548 Praeterea,
310 2486 386 2537 nullus
402 2484 488 2535 amittit
502 2484 609 2548 suffragia
622 2482 730 2536 Ecclesia
744 2484 791 2535 nisi
806 2500 850 2551 per
863 2488 911 2537 cul·

107 2574 170 2626 pam.
185 2560 228 2610 Sel
242 2557 446 2609 excommunicatio
462 2570 510 2607 nou
523 2560 558 2607 est
569 2556 644 2621 culpa,
656 2556 697 2607 sed
706 2569 785 2619 poena.
801 2558 863 2622 Ergo
874 2572 912 2623 per

107 2629 366 2683 excommunicationem
374 2642 422 2679 non
431 2633 548 2693 separatur
558 2628 640 2692 aliquis
650 2626 790 2690 asmragiis
805 2629 910 2681 Ecclesia

106 2702 274 2754 communibus.

139 2780 161 2823 3.
177 2776 304 2835 Praeterea,
316 2774 403 2823 tructus
414 2772 523 2823 Ecclesiae
537 2784 584 2823 non
598 2772 752 2822 videturesse
768 2770 831 2822 aliud
841 2772 908 2837 quim

109 2846 231 2909 sulmgia3
246 2843 368 2894 nonenim
379 2847 456 2907 potest
467 2844 566 2907 intelligi
587 2844 615 2893 de
632 2842 709 2893 lructu
727 2843 839 2893 bonorum
854 2848 910 2893 tem

107 2914 233 2988 paralium,
250 2914 304 2977 quia
324 2916 375 2964 lanc
394 2913 596 2966 excommunicatis
616 2926 663 2965 non
686 2912 831 2965 auferuntur.
850 2914 907 2978 Ergo

110 2984 295 3035 niconvenienter
307 2989 428 3049 utrumque
442 2984 543 3049 ponitur.
