1942 3284
245 165 277 201 nu
292 162 399 203 macru
414 165 637 204 sacramenrorum.
812 158 842 207 ⁵1

54 237 164 297 mosenum
175 238 219 289 atio
228 240 296 290 modo
304 241 434 291 secundhm
445 242 558 305 propriam
566 242 677 293 rationem
691 242 837 305 characteris,

55 308 120 358 ethoc
129 310 194 359 modo
203 314 240 359 cst
250 310 340 373 siguum
351 312 540 375 configuratirum
553 313 621 363 alicui
635 312 757 377 principali
766 352 772 375 ‚
782 312 844 377 apud

54 390 109 440 ruem
121 380 201 431 residet
218 381 342 431 audontas
357 382 411 445 ejus
422 383 450 431 ad
466 385 525 446 quod
540 384 621 447 aliquis
633 385 768 449 deputatur;
785 382 844 435 sicut

54 450 125 502 milites
134 453 173 516 qni
185 454 324 517 deputantur
333 456 360 503 ad
370 468 480 517 pugnam,
490 456 644 520 insigniuntur
653 458 717 521 signo
727 458 790 507 ducis
798 470 844 522 quo

54 524 204 585 mmammodo
221 524 244 575 ei
252 524 434 588 configurantur.
446 526 525 577 Ethoc
538 528 604 577 modo
614 527 648 577 illi
659 529 699 593 qui
708 530 844 593 deputantur

53 594 159 645 adcuitum
174 596 335 659 christianum,
346 597 415 659 cujus
429 602 551 649 auctorest
563 598 677 659 Christus,
691 601 844 651 characterem

54 666 151 729 accipiunt
172 680 219 730 quo
236 666 329 739 Christo
348 666 534 732 configumntur3
549 670 609 720 unde
629 669 719 735 proprie
738 675 774 722 est
790 673 845 721 cha·

54 740 112 786 rader
122 738 217 790 Christi.

81 808 205 860 nitentium
221 811 362 873 dicendum,
380 810 441 874 quod
454 810 583 862 charactere
603 812 749 877 distinpritur
762 812 845 877 aliquis

55 876 126 930 daho
137 894 178 945 per
198 881 396 945 comparationem
414 882 442 930 ad
453 882 552 945 aliquem
568 884 650 943 hnem,
667 884 690 933 in
705 897 772 947 qrrem
786 884 845 935 ordi·

54 952 108 999 natur
117 952 156 1015 qui
166 953 322 1002 characterem
332 951 426 1015 accipit,
435 952 495 1002 sicut
506 954 590 1003 dictum
603 956 638 1005 est
647 954 699 1018 (art.
711 955 744 1017 d),
755 954 782 1005 de
790 956 845 1005 cha·

54 1026 125 1073 rarhre
140 1024 249 1084 militari,
265 1037 312 1087 quo
326 1023 350 1072 in
363 1023 442 1072 ordine
457 1025 484 1072 ad
498 1038 598 1089 pugnarn
615 1026 759 1089 distinguitur
777 1026 846 1077 miles

54 1093 214 1155 reccimirus
233 1097 317 1146 hostis.
337 1096 367 1144 Et
380 1094 484 1146 simititer
498 1098 614 1147 character
629 1098 730 1148 fidelium
748 1102 782 1149 est
798 1112 844 1162 qno

54 1162 209 1228 manantur
220 1168 302 1219 fideles
316 1167 405 1217 Christi
417 1166 430 1216 h
443 1169 515 1218 servis
530 1168 625 1232 diaboti,
637 1170 675 1220 rel
689 1170 712 1219 in
723 1169 801 1221 ordine
815 1170 843 1220 ad

56 1235 112 1286 nnn
124 1241 248 1301 atermm,
259 1240 299 1291 rel
312 1240 336 1289 in
353 1239 433 1289 ordine
446 1240 474 1288 ad
486 1240 573 1291 cultum
586 1241 706 1303 prasentis
720 1242 842 1292 Ecclesia:

56 1318 132 1367 tuorum
145 1314 244 1375 primum
257 1312 283 1361 tit
292 1326 335 1376 per
344 1311 478 1361 charitatem
491 1316 514 1361 ει
526 1312 636 1376 gratiam,
645 1317 670 1363 ut
683 1314 781 1378 objectio
791 1327 844 1377 pro·

57 1379 115 1442 mdit;
133 1385 259 1433 secuudum
274 1387 352 1432 autem
373 1383 398 1432 fit
416 1396 457 1445 per
476 1384 628 1433 characterem
650 1385 843 1435 sacramentalem.

57 1446 108 1498 dude
119 1458 140 1500 et
149 1453 282 1503 character
293 1453 382 1502 destioe
395 1453 491 1516 intelligi
504 1458 589 1518 potest,
601 1468 642 1519 per
656 1455 792 1520 oppositum,
808 1454 845 1506 rel

60 1517 149 1573 uhturta
167 1526 256 1575 malitia
273 1540 320 1589 qua
336 1525 407 1589 aliqui
420 1527 557 1589 deputantur
571 1528 600 1579 aci
613 1542 703 1593 poeuam
721 1533 845 1592 aeternam,

62 1589 88 1637 ιιι
99 1594 202 1655 potassio
220 1596 297 1647 itliciti
315 1596 400 1646 cuttds.

334 1776 495 1827 anticanus
512 1778 550 1828 IV.

70 1898 141 1945 Uirium
150 1904 277 1949 character
285 1903 319 1946 stt
333 1902 360 1945 ira
375 1902 488 1958 poteram
497 1903 596 1956 arsimoe,
609 1902 670 1945 sicut
683 1901 710 1945 in
718 1902 831 1956 subjecto.

81 2025 110 2073 dd
123 2031 225 2088 quartum
242 2029 276 2077 sic
289 2027 423 2091 pmceditur
434 2027 478 2090 (t).
493 2028 589 2077 Videtur
599 2026 659 2091 qudd
673 2028 788 2077 character
800 2041 849 2079 uon

58 2093 81 2142 sit
91 2094 112 2145 in
122 2098 229 2161 potentiis
241 2098 338 2158 animae,
356 2099 416 2147 sicut
430 2098 455 2149 in
470 2099 582 2163 subjecto.
599 2098 721 2149 Character
737 2099 797 2149 cuim
812 2099 846 2149 di-

58 2165 105 2216 dun
120 2183 168 2220 esse
186 2170 307 2233 dispositio
322 2171 350 2219 ad
369 2172 474 2231 gratiam.
494 2170 539 2221 Sed
558 2171 629 2235 pratia
648 2174 684 2221 εει
701 2170 725 2220 in
747 2171 850 2221 essentia

59 2238 194 2291 himeneus
205 2242 231 2290 in
247 2240 369 2303 subjecto,
387 2245 413 2289 ut
426 2240 450 2289 in
462 2242 490 2291 ιι.
503 2245 563 2305 part.
579 2242 723 2292 dictumest.
739 2242 798 2304 Ergo
815 2240 851 2291 ri-

60 2306 113 2358 detur
119 2310 179 2374 quod
192 2313 310 2362 character
322 2310 353 2360 sit
367 2310 391 2359 in
404 2312 504 2361 essentia
518 2312 609 2373 anime,
620 2326 666 2363 nou
681 2314 757 2363 antem
770 2312 795 2363 iu
805 2324 849 2377 po-

82 2456 103 2502 a.
114 2455 231 2519 haereo,
242 2453 347 2520 potentia
360 2453 443 2503 anima
452 2467 498 2504 uon
506 2452 652 2505 videturesse
663 2452 788 2517 subjectum
803 2453 848 2503 ali-

59 2522 126 2589 cujus,
140 2526 182 2578 nisi
195 2526 289 2579 habitus
301 2526 339 2575 rei
350 2524 515 2587 dispositionis.
531 2524 574 2576 sed
588 2526 712 2587 character,
725 2528 750 2575 ut
761 2526 844 2575 dictum

62 2600 89 2645 cst
98 2597 149 2661 (art.
161 2602 201 2661 ε),
216 2612 263 2649 uon
276 2602 313 2648 est
321 2594 414 2645 habitus
425 2597 461 2645 uel
472 2595 600 2659 dispositio,
608 2596 646 2647 sed
657 2597 729 2658 magis
737 2596 845 2660 potentia,

63 2666 116 2731 enjus
134 2671 260 2737 subjectum
279 2670 382 2719 nonest
400 2666 445 2717 nisi
462 2667 560 2717 essentia
575 2667 668 2717 ammae.-
680 2667 739 2730 Ergo
757 2666 846 2716 ridetur

87 2820 113 2882 [1)
125 2826 199 2872 Dchis
211 2826 284 2871 etiam
298 2824 343 2883 lv,
357 2820 434 2871 Serri,
444 2820 499 2866 dist.
510 2818 535 2879 t,
550 2832 591 2877 qu.
605 2818 628 2880 1,
640 2825 683 2865 art.
695 2818 719 2879 1,
733 2832 809 2877 corp.;
825 2822 850 2863 ct

63 2889 95 2931 rt.
104 2886 125 2945 3,
137 2890 276 2945 quaestiunc.
292 2882 320 2930 3.
