1942 3284
119 171 166 218 82⁰
253 179 453 230 snrrnnusnruu,
470 176 565 225 oonsr.
581 179 669 230 mcv,
687 179 747 218 aar.
765 180 805 216 111.

121 257 226 321 cipitur:
241 257 377 320 quandoque
396 255 459 307 enim
477 254 589 317 significat
604 255 681 318 ipsam
696 255 858 318 relationem,
868 259 894 307 et
905 255 936 306 sic

121 332 158 380 est
173 331 219 378 tam
235 327 259 377 in
271 327 389 391 interiori,
404 326 474 390 qnam
488 325 651 389 insuperiori,
670 330 698 397 nt
714 327 823 391 obJectio
839 325 933 391 ungi:

122 405 146 452 et
161 401 196 452 sic
205 413 252 450 non
266 398 374 462 accipitur
386 397 435 448 iric.
450 397 591 461 Quandoque
605 401 683 448 aucun
693 399 817 463 accipitur
832 411 877 465 pro
889 399 935 462 ipso

123 472 196 535 cndu
213 469 253 535 qui
266 469 368 520 ordinem
381 469 456 534 prino
469 469 538 520 niodo
547 471 666 532 acceptum
680 469 750 519 iacit.
764 471 798 521 Et
815 471 873 536 qnia
884 470 935 520 ratis

122 541 226 606 ordinis,
241 543 309 605 prout
322 543 359 590 est
371 540 461 603 relatio,
478 540 595 590 inuenitur
606 538 645 588 ubi
663 539 743 604 punio
763 542 859 606 aliquid
874 555 936 607 supr·

123 611 172 662 rius
187 612 255 662 altero
270 611 379 672 occurrit,
394 611 447 663 ideo
462 610 501 661 hic
515 611 598 674 padus
614 608 724 661 eminens
739 624 787 674 per
798 616 937 678 potueram

125 683 275 750 spiritualem,
289 682 344 734 ontio
358 683 497 734 nominatur.

416 862 578 913 rennuatis
600 862 642 913 111.

328 988 414 1032 Utrum
424 987 482 1032 ordo
499 988 532 1032 ait
540 989 726 1032 sacramentum.

159 1113 193 1163 id
203 1113 297 1164 tertium
307 1113 340 1163 sic
349 1112 488 1176 proceditur.
498 1112 594 1164 Videtur
603 1111 664 1176 quod
676 1111 733 1163 ordo
749 1126 802 1164 non
819 1116 854 1167 sit
869 1129 937 1167 sarra

125 1189 239 1236 mentum.
252 1187 423 1236 sacramentnm
438 1186 500 1236 enirn
512 1185 548 1250 (ut
558 1183 613 1235 dicit
620 1185 687 1248 Ilugo
697 1185 727 1234 de
736 1185 832 1238 Sancto
841 1189 935 1250 Vuctorel

128 1260 165 1308 ast
178 1257 313 1306 materiate
326 1255 488 1306 elementum.
499 1256 545 1307 Sed
553 1256 608 1307 ordo
617 1269 665 1306 non
675 1255 785 1307 nominat
798 1259 890 1322 aliquid
901 1261 937 1309 h·

124 1327 236 1392 jusmodi,
245 1327 286 1377 sed
297 1326 369 1390 magis
383 1326 526 1390 relationem,
538 1327 576 1377 vei
592 1331 741 1392 potestatem,
752 1328 814 1392 qnia
828 1331 895 1380 ordo
905 1335 938 1382 ast

127 1411 192 1461 puro
204 1399 340 1461 potestatis
352 1397 478 1449 secundum
489 1398 680 1462 isidorum.‚Ergo
693 1411 742 1448 non
756 1404 797 1450 est
811 1414 938 1452 mmmm·

160 1504 187 1588 a:
199 1539 320 1605 Praeterea,
330 1532 471 1591 sacramenta
480 1552 527 1591 non
539 1542 594 1591 sunt
602 1541 632 1591 de
645 1539 749 1591 Ecclesia
764 1543 932 1608 triumphante

128 1611 173 1662 Sed
186 1611 220 1662 ihi
234 1615 269 1662 est
281 1612 349 1675 ordo,
364 1615 390 1662 ut
405 1615 469 1676 patet
481 1612 507 1661 in
519 1611 608 1676 angeio.
623 1611 683 1674 Ergo
704 1613 764 1664 ordo
785 1627 839 1664 non
853 1619 887 1667 est
900 1627 934 1665 sa·

129 1687 278 1734 cementum.

163 1759 187 1803 it.
200 1756 319 1818 Preterea
331 1754 392 1804 sient
407 1754 510 1818 praeiatio
523 1753 658 1820 spiritualis,
669 1768 722 1818 quac
738 1760 777 1806 est
794 1758 866 1821 ordo,
878 1758 933 1808 dau

128 1838 182 1874 cnm
194 1828 289 1890 quadam
300 1827 480 1890 consecratione,
495 1826 527 1875 ita
544 1830 569 1876 ct
583 1826 685 1891 praelatio
699 1829 832 1894 saecularis,
849 1831 933 1894 quiae

129 1908 196 1958 reges
208 1895 357 1960 inunguntur,
372 1900 397 1946 ut
416 1896 501 1947 dictum
516 1901 552 1948 est
566 1893 677 1961 (qu.19,'
690 1901 735 1948 art.
751 1903 766 1947 3
780 1937 787 1960 ‚
803 1901 836 1950 ad
848 1899 934 1964 ipset

130 1967 194 2029 regia
213 1971 313 2032 potestas
327 1981 374 2018 non
392 1971 427 2018 est
446 1981 624 2018 sacramentum.
636 1969 696 2032 Ergo
712 1981 758 2020 nec
774 1972 835 2023 ordo
854 1973 884 2023 de
896 1983 934 2035 qao

131 2034 170 2085 hic
180 2036 300 2100 loquimur.

163 2104 208 2156 Sed
222 2113 299 2160 contra
315 2112 365 2173 est,
374 2110 434 2173 quod
445 2109 474 2160 ab
494 2110 600 2160 omnibns
614 2113 762 2160 enumeratur
775 2111 842 2164 inter
854 2115 935 2178 septffl

133 2175 241 2228 Ecclesia
254 2184 406 2230 sacramento.

162 2247 282 2312 Praeterea,
294 2253 480 2316 «propterquod
491 2253 836 2318 unumquodqneiale,etiliud
850 2256 934 2319 magian

132 2319 409 2382 (iib.i,1>oster.,text.
423 2323 457 2388 5).
473 2324 519 2374 Sed
532 2327 625 2389 propter
637 2324 742 2375 ordinem
757 2324 784 2373 ut
802 2328 879 2378 homo
894 2327 936 2376 d's·

131 2393 239 2453 pensator
252 2390 346 2440 aliorum
361 2399 561 2445 sacramentorum.
575 2395 635 2459 Ergo
650 2397 707 2446 ordo
721 2396 796 2447 hahet
811 2397 889 2462 magis
906 2411 935 2448 n·

131 2458 231 2522 tionem,
247 2459 307 2524 quod
321 2462 351 2513 sii
361 2469 541 2525 sacramentum,
556 2465 625 2528 quam
635 2466 690 2516 alia.

163 2529 329 2596 (Conunusuo.
345 2549 379 2572 ‘-
396 2535 456 2586 Girm
470 2537 495 2586 in
513 2538 662 2602 susceptione
681 2537 771 2589 ordinis
790 2545 935 2590 uomecretnr

132 2601 201 2653 hono
212 2616 253 2668 per
265 2605 367 2656 visibilia
386 2607 465 2671 signa,
479 2609 586 2660 ordinem
599 2621 652 2659 esse
670 2613 845 2660 sacramentnm
864 2621 938 2662 con*

132 2672 242 2740 quitur)

163 2743 300 2809 Respondeo
313 2747 451 2810 dicendum,
466 2747 527 2812 qnod
544 2751 715 2800 sacramentum
728 2751 767 2816 (nt
779 2765 812 2802 en
823 2752 894 2803 dictis
902 2763 938 2816 pt·

131 2814 166 2861 tet
176 2817 184 2874 i
196 2815 254 2866 nihil
264 2822 298 2867 est
306 2817 367 2867 alind
381 2818 449 2881 quam
459 2820 563 2882 quadan
574 2821 725 2872 sanctificatio
736 2823 830 2874 homini
840 2825 937 2876 exhibita

130 2895 190 2934 cuna
204 2887 280 2951 aliquo
300 2889 365 2951 signo
379 2889 463 2940 visibili
478 2905 485 2942 ε
498 2892 559 2942 nnio
573 2891 626 2942 cunr
643 2892 670 2942 in
686 2895 839 2959 susceptione
857 2893 938 2948 omni
