1942 3284
95 154 142 200 stt
261 161 320 200 rans
336 160 378 208 mr,
395 159 489 204 onmem
507 159 587 210 unus,
600 158 656 200 tur.
673 160 727 198 usur.

126 236 400 302 Respondeodioendum,
410 233 471 298 qndd
482 235 541 286 sicut
550 234 635 286 dictum
644 238 680 287 est
694 235 748 301 (art.
757 236 793 300 ll,
803 237 896 302 perluor

95 314 260 361 sacramentnm
277 309 423 371 promouetur
441 308 510 357 homo
526 306 673 370 spiritualiter
684 307 710 358 in
731 311 826 360 etatem
844 321 898 372 per-
945 300 954 374 l

95 383 188 432 lectam.
205 380 253 430 lloc
271 382 346 429 autem
360 380 397 429 cst
412 380 449 429 de'
461 377 589 428 intentione
604 382 707 441 nmurte,
721 384 749 430 ut
765 379 844 430 omnis
861 379 897 442 qni
948 375 949 407 l

95 453 240 517 corporaliter
251 451 363 512 nescitur,
374 451 403 502 ad
414 451 540 516 perlectam
550 454 641 502 etatem
651 451 787 516 perreniut3
804 452 847 502 sed
856 453 898 502 hoo
947 456 951 486 '=

95 526 230 588 quandoque
246 521 370 586 impeditur
379 526 474 586 propter
484 523 698 587 corruptibilitatem
709 523 829 588 corporis,
841 523 898 586 qnod

95 600 169 646 morte
181 593 326 660 praevenitur.
342 594 412 644 llnltd
426 597 504 643 autern
520 594 594 657 megin
612 594 640 644 de
660 594 789 646 intentione
809 593 854 645 liei
867 596 899 644 est
951 597 952 602 ’

95 666 172 718 omnia
185 667 214 717 nd
223 665 388 730 perlectionem
398 666 531 730 perducere
542 679 571 717 ex
580 666 647 730 cujus
658 665 788 717 imitatione
802 668 850 717 hoc
861 678 899 715 un·

96 743 147 788 ture
160 737 299 802 participet:
313 738 411 788 undeet
426 739 509 792 Dent,
523 737 621 798 Xililll,
636 736 718 788 dicitnr
732 753 739 786 :
762 755 776 786 n
790 737 835 788 liei
854 750 899 801 per·

96 811 155 862 lecta
170 813 224 860 sunt
235 822 314 872 opere.
329 825 343 856 u
358 809 531 859 Animaantem
545 807 654 872 adquam
671 809 772 872 pertinet
789 813 816 860 et
835 807 900 873 spiri·
951 807 952 810 ’

94 881 165 932 tnelis
177 880 294 943 naduitas,
306 885 330 931 et
344 879 468 944 spiritualis
482 879 557 930 etatis
568 880 691 943 perfectio,
706 880 847 931 immortalis
858 883 899 939 est,
951 875 952 878 ’

96 956 120 1004 et
133 955 222 1016 potest,
236 951 297 1002 sicut
317 955 421 1016 tempore
443 951 570 1002 senectutis
590 949 731 1015 spiritualem
752 952 899 1003 nativitatem

96 1024 222 1088 consequi,
236 1024 269 1073 ita
284 1028 388 1087 tompore
405 1023 537 1087 juventutis
550 1023 587 1073 vel
600 1023 704 1087 pueritie
717 1025 832 1090 consequi
849 1036 899 1089 per-

97 1095 181 1145 fectam
194 1097 297 1157 etatem,
309 1095 363 1159 quin
375 1094 509 1159 hujusmodi
523 1095 652 1159 corporales
667 1098 747 1146 aetetes
758 1097 843 1147 auimae
857 1107 900 1146 non

96 1167 256 1231 praejudicant.
266 1168 295 1217 Et
304 1166 356 1217 ideo
363 1168 407 1216 laoc
416 1166 584 1216 sacramentum
592 1167 659 1219 debet
668 1167 775 1218 omnibu
782 1166 898 1220 exhiberi.

129 1240 164 1290 lld
177 1239 273 1304 priunum
290 1251 344 1302 erqo
358 1238 494 1301 dicendum,
508 1238 568 1302 qudd
584 1240 629 1290 hoc
648 1243 818 1290 sacramentum
838 1241 901 1292 datur

97 1311 127 1360 ad
143 1310 264 1376 qnamdam
287 1308 459 1372 excellentiam,
480 1323 527 1358 non
551 1310 643 1375 quidem
659 1310 726 1361 unius
746 1311 851 1362 hominis
874 1309 900 1360 nl

97 1382 183 1443 aliurn,
196 1381 254 1431 sient
270 1383 436 1432 sacramentnm
451 1380 551 1444 ordinis,
567 1382 606 1432 sed
626 1381 725 1432 hominis
739 1383 768 1432 ad
782 1383 899 1448 seipsum3

98 1454 158 1504 sient
170 1454 231 1505 idem
250 1454 365 1518 perlectus
380 1453 415 1504 vir
435 1452 550 1518 existens,
570 1454 639 1506 hebet
657 1453 815 1504 excellentium
833 1456 862 1506 ed
879 1466 901 1504 se

89 1537 203 1589 poenum.

130 1598 165 1648 td
184 1597 309 1649 secundnm
323 1597 459 1658 dicendum,
470 1594 532 1660 qudd
550 1595 609 1646 sicut
627 1597 710 1648 dictum
729 1600 766 1647 est
778 1597 820 1663 (in
837 1609 899 1662 corp.

99 1669 169 1731 ert),
183 1672 241 1720 ntus
257 1668 382 1734 corporalis
397 1680 444 1718 non
457 1667 589 1732 prejudicat
603 1668 691 1718 anime.
706 1669 771 1719 Unde
790 1670 861 1720 etinnr
876 1669 899 1718 in

98 1739 180 1804 puerili
195 1744 264 1792 aetete
280 1741 349 1792 nomo
368 1743 447 1804 potest
465 1739 574 1802 consequi
592 1738 755 1804 perfectionem
774 1740 898 1806 spiritualis

100 1811 182 1874 etatis,
192 1812 219 1862 de
227 1825 272 1875 qua
280 1811 360 1860 dicitur
368 1813 441 1875 Sep,
448 1811 478 1860 lll
489 1826 495 1859 :
507 1812 638 1862 «Senectus
647 1811 785 1862 uenerabilis
798 1818 844 1877 est,
855 1824 898 1862 non

100 1880 218 1943 diuturna,
238 1893 312 1944 neque
329 1893 425 1932 nurnero
438 1894 549 1932 annorum
567 1884 705 1947 computata.
722 1897 736 1929 u
752 1883 781 1932 Et
795 1883 854 1934 inde
868 1885 900 1932 est

100 1951 162 2015 qudd
175 1952 242 2002 multi
256 1952 280 2000 in
289 1950 371 2016 puerili
382 1954 458 2012 etate,
467 1956 558 2016 propter
570 1954 638 2005 robur
651 1952 750 2017 Spiritus
760 1955 834 2006 sancti
848 1967 898 2020 per·

101 2026 204 2088 ceptum,
215 2037 288 2087 usque
302 2024 330 2073 ad
339 2023 475 2086 sauguinem
485 2023 574 2074 sortiter
587 2027 733 2076 certaverunt
746 2039 788 2089 pro
797 2026 895 2077 Christo.

130 2096 165 2144 ad
180 2095 273 2145 tertium
291 2094 425 2157 dicendum,
444 2093 504 2159 qnod
526 2096 585 2146 sicut
605 2097 783 2160 chrysostomus
805 2097 861 2148 dicit
875 2097 897 2146 in

99 2167 185 2218 Homil.
202 2168 239 2217 De
257 2166 413 2222 Mnetodoeu‘r.
429 2184 444 2216 u
462 2168 487 2217 in
503 2168 623 2220 mundanis
638 2168 763 2232 agonibus,
783 2171 859 2221 etatis
871 2181 897 2219 eo

98 2241 177 2290 tormn
192 2239 327 2302 generisque
341 2238 440 2302 dignitas
454 2239 591 2304 requiritur3
610 2243 633 2290 et
651 2240 702 2292 ideo
716 2240 789 2292 servis
806 2255 834 2293 ec
847 2253 898 2291 nnn·

99 2311 203 2372 lienibus,
213 2315 238 2360 et
250 2310 345 2361 senibus
355 2324 383 2361 nc
396 2311 474 2375 pueris
488 2311 515 2362 ed
531 2325 569 2362 eos
580 2311 654 2362 aditus
667 2313 799 2375 denegatur.
811 2316 838 2364 ln
855 2325 897 2364 on

99 2383 193 2434 lestiluus
210 2385 300 2446 eutem,
319 2383 383 2434 omni
399 2395 514 2448 personae,
534 2387 557 2433 et
575 2383 636 2435 etati
653 2397 680 2434 eo
696 2384 763 2437 sexui
779 2385 897 2436 indiscreta

98 2453 205 2504 facultate
220 2454 320 2506 studium
337 2457 409 2520 patet.
420 2471 434 2501 u
446 2454 475 2504 lit
493 2454 518 2503 in
536 2454 620 2505 liornil.
642 2456 679 2505 De
697 2454 798 2506 militia
816 2456 896 2521 spirt-

99 2525 167 2576 trrutr'
182 2525 260 2574 dicit:
277 2542 291 2574 u
310 2526 376 2590 dpud
389 2527 460 2576 mum
479 2525 600 2576 imminens
619 2526 689 2578 etiam
710 2527 794 2578 militat
811 2539 894 2587 sexus3
953 2529 954 2574 i

97 2597 175 2648 multe
190 2609 287 2660 nemque
298 2597 397 2648 inminet
406 2596 483 2648 animo
494 2595 554 2648 virili
565 2598 709 2661 spiritualem
724 2599 831 2650 militium
846 2609 894 2664 qes·
953 2589 954 2658 l

97 2673 191 2731 serunt3
206 2669 308 2732 quedem
318 2669 391 2731 enim,
399 2668 514 2719 interioris
525 2668 625 2720 bominis
638 2668 730 2731 virtute,
742 2671 804 2722 viros
816 2683 893 2736 equa·
953 2685 954 2722 t

98 2744 179 2791 rerunt
196 2741 221 2791 in
242 2741 353 2804 agonibus
366 2744 504 2806 martyrum,
518 2742 621 2804 quedam
639 2741 708 2792 etiam
721 2741 827 2794 lentiores
844 2740 895 2792 viris
953 2737 954 2798 Ξ

99 2813 256 2931 ῗιϋωπωιι.»
272 2815 302 2865 Et
312 2815 365 2866 ideo
377 2813 447 2866 etiarn
459 2813 594 2864 mulieribus
603 2815 647 2865 teuc
659 2819 825 2866 sacamentum
839 2829 894 2866 oon-
953 2861 954 2868 ,

109 2884 217 2935 erendum
235 2888 279 2935 ert.
953 2887 954 2916 r
