1942 3284
202 207 445 247 usumrsrnouuuns
459 207 622 249 arcannm.
767 199 812 250 teo

35 283 104 345 aucti,
119 281 197 336 etolei
210 283 363 348 infirmorum,
374 289 398 336 et
412 285 506 337 aliorum
517 301 567 352 quo
581 289 742 338 contemtor
750 287 815 352 (puta

35 354 103 416 aitaris,
117 355 227 418 ecclesia,
236 355 334 407 veodam
348 362 371 408 et
386 361 511 420 uasorum),
521 363 614 423 praestat
627 359 746 422 quamdam
762 360 813 408 ido-

35 427 126 477 neitatem
137 428 164 478 ad
181 432 322 478 sacramenta
336 429 471 494 perficienda
486 443 537 492 qua
547 430 663 494 pertinent
673 431 701 479 ad
714 430 815 480 orificium

35 499 159 549 sacerdotum
170 537 176 562 ‚
189 500 240 550 ideo
262 500 319 550 tates
338 501 520 552 consecrationes
536 501 643 566 episcopo
659 504 814 565 reservantur,

35 571 127 633 tanquam
146 570 247 634 principi
269 571 338 622 totius
353 571 503 622 ecclesiastici
517 572 611 624 ordinis.

315 755 473 806 ARTICULUS
489 757 519 806 11.

35 881 105 926 Utrdm
120 882 200 938 plures
214 882 346 926 sacerdotes
360 883 450 938 possint
463 895 539 927 urtam
556 886 578 928 ct
595 883 700 928 eumdem
716 883 816 928 hostiam

344 957 491 992 consecrare·

53 1073 82 1122 id
96 1072 222 1122 secuudum
237 1071 270 1121 sic
287 1072 417 1135 proceditur
423 1072 466 1136 (t).
477 1072 571 1122 Videtur
583 1071 643 1136 quod
655 1073 732 1136 plores
744 1085 817 1125 sacer-

35 1141 81 1194 totes
89 1157 135 1195 noo
144 1143 234 1208 possint
244 1155 312 1194 onam
323 1147 347 1193 et
357 1145 459 1194 eamdem
468 1143 566 1195 hostiam
576 1157 716 1196 consecrare.
728 1146 815 1195 Dictum

35 1216 128 1266 oteuiuu
143 1214 211 1280 supra
222 1216 271 1280 (qo.
284 1218 323 1278 67,
334 1219 377 1264 art.
390 1215 424 1280 6),
433 1213 492 1278 quod
505 1217 582 1280 piures
591 1229 638 1267 uon
647 1218 736 1281 possint
748 1217 817 1267 simui

35 1299 87 1336 nont
97 1288 224 1353 baptizare.
236 1288 280 1338 Sed
292 1300 338 1338 non
352 1287 425 1337 minor
434 1289 471 1338 uis
482 1293 519 1338 est
528 1289 654 1340 scordotis
662 1289 818 1339 consecrantis

35 1357 84 1418 utun
103 1360 206 1409 conuiuis
230 1358 373 1422 baptizantis.
398 1359 457 1422 orgo
474 1359 544 1410 cmm
568 1373 615 1411 nou
634 1364 731 1424 possum
750 1359 818 1409 simul

35 1429 93 1480 ›tures
111 1443 182 1480 unam
196 1430 295 1480 hostiam
311 1442 454 1481 consecrare.

52 1508 73 1550 2.
87 1503 216 1565 Praeterea,
231 1503 292 1566 quod
306 1506 381 1565 potest
398 1502 446 1552 deri
460 1515 500 1567 per
511 1515 596 1563 unum,
611 1503 724 1567 superflue
738 1504 764 1552 tit
776 1516 819 1567 per

35 1571 109 1623 tultos.
118 1575 145 1622 lu
156 1571 303 1623 sacramentis
314 1577 389 1623 autem
401 1571 458 1622 nihii
466 1573 535 1623 debet
545 1585 596 1623 esse
606 1575 753 1637 superfluum.
763 1574 820 1623 Cium

35 1656 71 1704 rgo
86 1658 148 1694 unus
162 1644 260 1695 auidciat
271 1645 297 1694 ad
309 1644 500 1705 consecrandum,
510 1644 600 1694 videtur
609 1644 669 1708 quod
681 1646 759 1710 piures
774 1658 820 1694 non

36 1716 105 1765 ossiut
119 1731 189 1766 unam
199 1715 296 1767 hostiam
309 1729 449 1766 consecrare.

51 1792 73 1836 ³.
91 1790 220 1852 Praeterea,
239 1789 297 1840 sicut
314 1789 369 1838 dicit
385 1788 525 1852 Augustinus
545 1802 621 1852 saper
634 1789 707 1837 doun.
725 1788 820 1852 (tract.

36 1859 87 1908 otvt
96 1858 121 1922 ),
143 1861 186 1910 troc
202 1864 369 1910 sacramentum
382 1863 417 1911 ost
431 1877 444 1907 ι(
455 1867 624 1926 sacramentum¹
632 1858 736 1910 unitatis.
748 1849 765 1905 »’
777 1859 822 1910 Sed

36 1931 158 1982 ontrarium
175 1931 259 1982 unitati
279 1945 329 1982 esse
347 1933 436 1984 ridetur
450 1931 579 1983 multitudo.
594 1930 653 1996 Ergo
671 1931 822 1982 concidetur

36 2003 161 2054 invenicus
183 2015 233 2055 osso
259 2004 314 2054 huic
333 2010 489 2066 sacramento,
511 2003 572 2067 quod
590 2006 669 2068 plures
693 2004 823 2054 sacerdotes

36 2077 124 2126 crudem
140 2077 241 2127 hostiam
253 2081 397 2127 consecrent.

48 2149 96 2198 Sed
111 2151 194 2198 contra
208 2151 251 2210 est,
261 2147 321 2210 quod
336 2148 461 2198 secundum
472 2148 661 2199 cousuetudinem
675 2148 823 2210 quarumdem

36 2218 177 2280 roissiacum,
191 2221 328 2282 sacerdotes,
338 2219 390 2271 conr
402 2221 430 2270 de
438 2233 498 2270 novo
508 2220 651 2282 ordinantur,
663 2218 821 2270 concelebrant

36 2289 129 2355 piscopo
142 2291 266 2342 ordinanti.

48 2363 219 2425 (Coucnosuo.
234 2391 265 2400 -
282 2365 381 2414 Possunt
401 2363 478 2427 plures
495 2363 625 2414 sacerdotes
639 2362 707 2412 simul
722 2363 825 2414 eamdem

37 2434 121 2484 ostiam
134 2447 283 2496 consecrare,
298 2434 420 2484 dnmmodo
434 2433 502 2483 simul
515 2434 595 2483 eadent
606 2434 673 2483 uerba
686 2430 823 2496 proterant.)

48 2505 191 2570 Respondes
200 2507 328 2569 dicendum,
341 2506 400 2568 quod
411 2507 470 2556 sicut
483 2507 614 2556 dictumest
627 2505 685 2569 (art.
695 2509 704 2554 t
716 2505 736 2568 )‚
750 2515 826 2553 sacer·

37 2593 69 2642 oo,
85 2579 140 2630 corn
150 2579 276 2642 ordinatur,
286 2579 432 2630 constituitur
445 2579 469 2628 iu
483 2581 553 2642 gradu
562 2591 641 2629 eorum
654 2578 716 2641 quid
728 2577 825 2628 Domino

37 2655 161 2714 peperunt
171 2655 306 2714 potestatem
317 2651 464 2701 consecrandi
472 2650 499 2700 in
508 2662 582 2700 coerra.
591 2651 619 2699 Et
628 2649 688 2711 ideo,
699 2646 825 2700 secuudum

37 2723 215 2774 >nsuetudinem
229 2722 375 2785 quarumdam
385 2720 532 2772 ecclesiarum
542 2759 550 2783 ‚
560 2721 618 2771 deut
627 2720 725 2784 apostoli
732 2718 827 2770 Cirristo

50 2876 85 2938 (1)
102 2877 263 2983 ltqehisotiom
276 2876 408 2932 1v‚8cut.,
421 2875 475 2921 dist.
488 2875 518 2920 13
526 2911 533 2935 ,
547 2887 587 2933 qu.
598 2875 627 2935 t,
642 2877 689 2920 art
710 2875 736 2933 2,
750 2883 829 2930 quoes-

37 2953 95 2986 unc.
130 2971 139 2984 .
