1942 3284
144 153 192 204 aso
268 163 472 212 normanum,
486 163 583 208 oum.
599 163 700 211 mvn,
714 162 774 200 m.
788 163 828 200 rr.

144 240 280 292 solutionem
299 242 439 304 preparatur
452 237 536 302 aliquis
548 239 578 289 ad
595 251 680 302 corpus
698 238 787 289 Christi
802 239 941 290 sumendam

143 312 186 363 Sed
209 311 344 376 preparatio
361 309 536 374 suscipientium
551 313 717 362 sacramentum
733 309 842 374 perfinet
854 310 883 360 arl
895 309 945 360 iah

142 383 216 434 riores
225 384 325 434 ordines.
334 383 393 445 llrgo
401 381 593 432 inconvenienter
601 382 714 434 ahmlnm
723 380 739 431 t
747 381 853 446 moestis
861 381 944 447 positu

142 455 204 507 inter
216 459 280 506 aetus
292 453 426 506 sacerdotis.

175 530 198 578 ἱ.
215 529 337 587 Praeterea,
355 527 424 577 homo
433 538 475 590 per
485 524 627 588 haptismnrn
642 527 678 575 est
690 523 829 575 immediate
840 525 890 575 heo
902 537 947 574 coe

144 598 267 660 figuratus,
281 598 435 647 characterem
445 596 628 659 comparantem
640 595 783 658 suscipiens.
792 595 846 645 Sed
857 600 948 646 orareet

144 669 224 720 offerre
233 667 360 719 oblationes
369 671 423 718 sunt
432 671 497 718 actm
504 665 638 716 immediate
646 666 676 715 ad
687 667 760 716 heum
771 666 888 717 ordinati.
897 665 947 728 Ειιτ

144 740 238 805 quilibet
254 739 380 804 baptisatus
392 741 468 804 potest
480 739 524 788 hos
535 741 601 788 actus
610 738 686 788 lacere
697 775 705 801 ,
717 740 743 788 et
756 751 806 789 non
822 737 870 788 soli
882 750 949 788 sams·
966 798 967 805 ἵ

144 813 217 864 dotes.
966 808 967 837 r

176 887 198 932 a.
218 884 350 942 Perterca,
364 881 505 933 diuersorum
517 880 624 932 ordinu-
639 878 725 930 diversi
745 882 805 929 sunt
819 885 898 931 actos
912 881 945 932 sci

144 953 270 1006 oblationes
287 955 311 1003 in
323 953 388 1004 altari
401 966 498 1018 ponere,
515 955 541 1002 et
556 952 678 1016 epistolam
695 951 791 1014 legere,
811 952 845 1001 ad
863 952 945 1003 snhde

145 1038 227 1076 conum
238 1025 338 1088 pertinet
348 1041 355 1088 ;
371 1037 463 1074 crucem
476 1024 547 1074 etiam
558 1025 636 1074 ferunt
642 1021 783 1074 mhdhconi
792 1035 877 1074 soram
884 1023 945 1087 Papa.

147 1095 208 1160 Ergo
220 1096 245 1146 hi
260 1110 306 1147 non
319 1096 402 1148 alehem
412 1094 468 1159 poni
479 1098 546 1145 actus
559 1093 658 1144 diaconi.

181 1172 205 1218 t.
224 1169 352 1230 Preterea,
366 1169 447 1220 eadem
464 1167 552 1218 ueritas
573 1166 704 1218 sentinetur
716 1164 743 1214 in
761 1166 844 1216 veteri
860 1170 886 1217 et
896 1177 945 1215 noro

147 1241 305 1292 Testamento.
325 1241 370 1292 Sed
392 1242 467 1304 legere
487 1243 556 1291 retus
576 1239 751 1288 Testamentum
775 1241 817 1288 est
838 1239 945 1289 loetoru

148 1312 208 1375 lingo
227 1312 304 1362 eadem
318 1311 405 1362 ratione
419 1316 443 1362 et
452 1310 529 1373 legere
549 1321 650 1370 norum,
661 1311 687 1357 et
702 1321 751 1358 nou
766 1308 923 1360 diaconm

178 1387 202 1432 5.
214 1384 338 1446 Praeterea,
352 1383 451 1446 apostoli
465 1382 525 1432 nihil
534 1380 596 1432 alind
607 1379 947 1444 praetioeremntqmmmar-

146 1453 231 1517 pelium
247 1452 344 1514 Christi,
357 1457 383 1504 ut
400 1455 464 1517 patet
483 1454 566 1509 llum„
580 1453 599 1502 l.
617 1451 663 1501 Sed
675 1451 783 1501 doctrina
799 1452 945 1516 apostolom
966 1484 967 1511 ,

146 1522 295 1574 committitur
312 1523 457 1576 subdiaconis
470 1523 620 1574 enuntianda.
634 1522 696 1586 Ergo
711 1525 737 1573 et
753 1522 863 1574 doctrina
878 1523 943 1572 Tuan·
966 1543 968 1550 =

148 1595 211 1661 polii.

179 1672 202 1716 6.
215 1670 338 1730 Praeterea,
347 1667 472 1718 seeundum
486 1665 620 1731 ltionpsinm
630 1665 692 1729 (lih.
707 1667 747 1715 De
759 1664 835 1716 lio'er.
851 1663 939 1716 suem,

147 1750 198 1802 cap.
212 1737 266 1801 V),
280 1756 294 1786 u
308 1739 368 1802 qnod
380 1741 417 1788 est
435 1737 560 1801 superioris
574 1735 680 1798 ordinis,
693 1748 741 1786 non
764 1735 838 1786 dehet
855 1735 941 1786 interim

147 1811 279 1860 eonvenite.
293 1826 307 1858 o
322 1809 367 1860 Sed
381 1809 509 1859 ministrare
527 1819 580 1856 eum
594 1806 687 1857 uroehlo
704 1809 743 1857 est
754 1810 824 1857 actus
838 1807 941 1857 subibas

145 1891 237 1932 norum.
254 1881 314 1943 Ergo
328 1892 374 1930 non
388 1879 455 1930 dehet
470 1878 568 1942 acolytis
580 1876 684 1928 attribui.

179 1957 203 2003 t.
221 1952 347 2014 Praeterea,
358 1955 425 2002 actus
444 1950 577 2014 spirituales
595 1950 680 2000 dehent
700 1948 865 2013 corporalibus
881 1960 943 2012 prae

147 2023 243 2074 minere.
261 2023 304 2074 ssd
320 2023 422 2086 acolytus
433 2036 480 2074 non
499 2022 571 2072 hahet
583 2020 629 2070 nisi
637 2023 716 2070 actum
729 2019 942 2085 corporalemlirzo
965 2046 966 2077 ι

148 2095 261 2144 exorcista
281 2105 328 2144 non
348 2094 419 2144 hahet
439 2097 517 2144 actum
539 2091 682 2157 spiritualem
698 2091 804 2155 pellendi
821 2091 942 2148 damna,
965 2088 966 2119 l

148 2163 200 2214 chm
211 2165 242 2214 sit
252 2165 355 2216 interior.

179 2239 202 2286 Β.
217 2237 348 2298 Preterea,
367 2250 417 2300 que
435 2237 509 2300 mams
529 2235 689 2297 conveniunt,
705 2233 777 2297 juxta
797 2247 823 2286 se
851 2234 942 2300 mma

146 2310 209 2360 sunt.
223 2305 268 2356 Sed
281 2307 357 2369 legere
373 2310 440 2358 vetus
452 2307 619 2358 Testamentum
629 2303 731 2356 maxime
741 2305 812 2356 dehet
827 2307 941 2358 consuta

147 2393 199 2432 cnm
215 2375 314 2428 lectione
327 2377 381 2428 nori
395 2378 546 2440 Testamenti,
558 2388 610 2440 que
619 2377 734 2439 competit
742 2376 901 2440 superioribas
910 2376 941 2426 m
965 2428 966 2437 ,

147 2449 234 2502 sistris.
244 2448 303 2509 Ergo
317 2447 393 2510 legere
409 2453 477 2499 vetus
487 2448 662 2499 Testamentum
672 2459 721 2497 non
735 2447 806 2497 dehet
817 2449 876 2510 poni
887 2451 941 2497 acts
965 2446 967 2523 l

147 2521 258 2582 lectoris,
276 2519 315 2570 sed
337 2519 409 2584 magis
424 2520 508 2586 acolyti
516 2557 525 2584 ‚
541 2524 566 2571 et
577 2518 693 2583 precipue
709 2517 765 2569 chm
778 2518 861 2570 lumen
872 2529 941 2582 corpe
965 2526 967 2544 ³

148 2593 195 2642 rale
214 2590 273 2655 qnod
292 2589 377 2654 acolyti
390 2590 510 2652 deterunt,
522 2587 636 2655 significet
654 2589 733 2640 lumen
756 2589 885 2654 spiritualis
898 2589 941 2640 dot·
965 2548 967 2629 7

147 2663 222 2714 triuae.

179 2739 203 2785 9.
217 2735 342 2795 Praeterea,
356 2733 380 2783 in
395 2734 499 2798 quolibet
514 2739 566 2784 actu
585 2733 673 2786 ordinis
685 2732 797 2797 specialis
810 2733 880 2784 dehet
899 2743 940 2783 cer

147 2804 269 2868 aliquavis
283 2803 406 2868 spiritualis
419 2819 489 2868 quam
503 2805 603 2856 habeant
615 2803 716 2856 ordinati
729 2815 779 2867 pre
790 2803 853 2856 aliis.
866 2803 939 2854 Sedit

145 2873 262 2935 apertione
273 2877 297 2925 et
311 2875 425 2930 clausione
437 2875 550 2930 ostiorum
562 2887 610 2928 non
624 2875 711 2926 hahent
727 2873 798 2927 aliam
809 2879 939 2939 pusulae·
