1942 3284
131 194 179 246 ‘led
283 205 485 256 surrentinum,
501 205 597 251 eumer.
613 207 677 256 xxx,
695 205 756 242 ner.
774 206 794 242 ι.

165 290 188 337 e.
202 285 330 346 Preterea‚
345 282 450 334 remissio
470 285 620 347 peccatoram
636 293 687 332 non
699 279 730 330 tit
744 280 893 344 sneoessird,
908 279 943 331 sed

131 357 158 408 in
169 356 273 407 instanti.
287 355 330 406 Sed
340 358 441 406 extrema
455 352 535 403 nnotio
548 365 595 403 non
605 351 633 402 tit
642 354 691 401 tota
699 351 788 415 simnl,
804 350 861 416 quia
871 353 944 417 plnres

132 428 252 479 unctiones
270 426 425 491 requiruntur.
439 425 499 488 Ergo
517 424 570 490 ejus
587 423 686 474 effectus
706 434 759 473 non
785 427 826 473 est
846 423 944 474 remissio

132 503 289 562 peecatorum.

167 570 211 622 Set
226 573 303 620 contra
317 572 366 632 est,
380 567 441 632 quod
454 567 546 629 dioitm
560 567 651 625 Joc.,l
663 581 670 616 z
684 565 775 616 «siin
790 567 899 630 peccatis
911 566 944 630 sit,

134 641 278 694 dimittentur
286 640 344 690 ei.»

170 714 282 764 Praeterea
290 747 298 774 ,
313 724 381 762 omne
397 712 565 762 sacramentnm
581 722 647 759 nore
656 706 716 771 legis
731 708 838 771 gratim
853 710 944 761 mmet

133 785 180 837 Sed
191 796 233 848 per
244 781 338 846 gratiam
350 784 376 832 tit
388 781 492 832 remissio
504 785 656 845 peecatorum.
667 779 730 842 Ergo
742 781 943 842 extremaunetio,

133 854 186 906 eim
200 853 230 904 sit
252 857 418 904 sacramentnm
436 852 588 916 novaelegis,
608 853 716 915 operatur
734 851 765 900 ad
783 852 943 903 remissiorem

131 928 289 990 peccatorum.

165 996 326 1061 (Concessio.
335 1023 366 1034 -
375 994 483 1056 Quamvis
497 992 610 1059 precipue
623 993 652 1043 ad
660 992 816 1057 spiritualem
830 995 898 1046 illam
910 995 941 1044 de

133 1067 256 1132 bilitatem‚
271 1082 321 1132 quae
335 1067 360 1117 in
373 1067 438 1118 nobis
451 1080 480 1117 ex
494 1066 576 1116 actuali
587 1065 625 1116 rel
635 1064 744 1128 originali
758 1071 864 1129 peccam
874 1067 941 1118 relis-

132 1140 219 1204 quitur,
239 1140 402 1202 amovendam,
416 1140 518 1189 extrema
530 1137 606 1188 unctio
620 1137 710 1199 ualeat,
725 1137 785 1200 qnia
797 1141 881 1189 tamen
895 1151 941 1202 gra·

132 1209 187 1260 tiam
202 1210 291 1261 confert
309 1212 403 1274 peccata
420 1208 590 1272 remittentem,
603 1205 665 1258 recto
685 1209 835 1260 secundario
855 1211 940 1274 peceat

133 1281 251 1332 remittere
264 1279 375 1342 dicitnr.)

163 1350 300 1414 Respondeo
314 1350 448 1413 dicendum,
459 1349 521 1414 qubd
535 1349 653 1414 quodlibet
666 1354 847 1401 sacramentnm
860 1356 897 1404 est
907 1353 941 1402 in·

132 1422 237 1473 stitutum
248 1421 405 1486 principaliter
416 1423 442 1472 ad
457 1434 529 1472 unum
540 1422 661 1484 ellectum,
675 1421 786 1484 quamvis
799 1423 875 1474 etiam
891 1424 940 1474 alios

133 1504 163 1544 er
180 1494 328 1558 consequenti
342 1493 450 1544 inducere
468 1493 557 1557 possit3
573 1495 597 1543 et
614 1493 668 1556 quia
682 1497 864 1544 sacramentnm
877 1493 939 1544 emet

132 1569 194 1634 quod
203 1567 293 1632 figurat,
303 1567 355 1620 ideo
364 1581 393 1618 ex
402 1568 453 1633 ipsa
462 1567 628 1631 significatione
637 1567 781 1618 sacramenti
789 1567 936 1631 debetacripi

133 1640 184 1705 ejus
207 1639 337 1704 principalis
356 1639 460 1690 effectus.
475 1638 601 1690 inhibetur
616 1642 692 1689 antem
711 1640 758 1689 hoc
772 1645 937 1690 sacramentum

132 1709 258 1762 secundbm
269 1711 361 1761 modum
370 1711 487 1774 enjusdam
500 1709 666 1774 medicationis,
680 1709 743 1760 sient
753 1711 889 1776 baptismus
900 1722 934 1774 per

132 1781 226 1834 modum
240 1781 375 1845 ablutionis3
390 1781 505 1832 medicine
519 1784 594 1831 aetem
607 1781 684 1832 estad
697 1780 837 1845 pellendam
848 1780 934 1832 intirn‘

132 1855 213 1904 tatem.
228 1855 292 1904 Unde
301 1853 458 1918 principaliter
468 1855 512 1903 boc
525 1857 692 1904 sacramentnm
708 1857 745 1904 est
761 1851 932 1905 institntnmal

132 1925 258 1974 meandum
269 1925 425 1974 infirmitatem
433 1924 534 1988 peceati3
545 1925 607 1974 unde
619 1925 680 1975 siem
688 1925 826 1990 baptismus
836 1933 874 1977 est
882 1937 935 1989 qut

134 1994 187 2046 dam
203 1995 325 2058 spiritualis
338 1995 495 2058 regeneratio,
510 1998 533 2046 et
545 1994 682 2058 poenitentia
696 1997 806 2060 quaedam
819 1995 936 2062 spiritualis

133 2065 251 2117 suscitatio
260 2105 267 2130 ,
276 2066 308 2115 ita
319 2069 343 2116 et
350 2071 450 2117 extrema
463 2067 542 2118 unctio
552 2070 587 2116 est
598 2068 702 2130 quedam
711 2068 848 2131 spiritualis
857 2067 935 2120 mnam

130 2135 170 2185 rel
190 2137 319 2188 medicatio.
333 2137 397 2188 Siout
418 2140 495 2188 eumne
508 2137 630 2201 corporalis
642 2138 768 2189 medicatio
783 2138 935 2205 praesupponit

131 2207 271 2270 corporalem
291 2209 361 2258 vitam
374 2209 398 2258 in
411 2209 537 2270 medicato,
551 2209 584 2258 ita
597 2208 723 2272 spiritualis
739 2211 934 2274 spiritnslem;et

132 2276 185 2328 ideo
198 2279 243 2328 bor
254 2283 420 2330 sacramentnm
436 2293 483 2330 non
492 2281 557 2330 datur
569 2284 647 2330 contra
661 2281 767 2332 detectus
778 2282 869 2345 quibus
879 2280 935 2345 spiri
957 2282 958 2285 ’

132 2349 201 2401 tuelis
209 2348 255 2399 uita
268 2351 369 2414 tollitur,
379 2351 466 2402 seilicet
477 2355 557 2402 contra
569 2353 690 2415 peceatum
703 2351 821 2415 originale
834 2355 877 2404 vel
886 2364 934 2402 mor·

133 2421 193 2485 tale,
204 2422 245 2471 set
255 2426 333 2473 contra
344 2422 396 2473 illos
407 2423 511 2474 delectus
524 2422 606 2504 quibus
620 2423 689 2472 bomo
703 2422 863 2487 spiritualiter
879 2424 935 2474 irbr-

133 2496 220 2556 matur,
233 2495 259 2541 ut
272 2505 319 2544 non
329 2494 413 2544 habeat
425 2495 551 2558 perfectum
560 2493 662 2556 rigorem
677 2494 708 2544 ad
721 2498 790 2545 aetus
798 2496 857 2546 vitae
868 2493 957 2581 qratia

31 2590 33 2598 ·
133 2565 171 2615 vel
186 2565 273 2627 glorie.
289 2565 317 2614 m
330 2565 369 2614 bic
382 2566 485 2617 detectus
497 2566 556 2615 nibil
570 2565 632 2616 alind
642 2571 680 2616 est
692 2566 761 2629 qnam
778 2568 892 2630 quedam
903 2548 957 2616 de

133 2634 210 2686 bilitas
220 2639 243 2686 et
254 2635 381 2700 ineptitudo
391 2650 442 2700 qum
455 2637 479 2686 in
488 2637 556 2687 nobis
565 2636 704 2699 relinquitur
713 2650 744 2687 ex
753 2643 854 2701 promto
862 2635 936 2688 acori
954 2616 956 2719 i

70 2742 72 2746 .
132 2705 171 2754 rel
185 2707 304 2771 originali3
320 2712 343 2758 et
357 2713 438 2758 contra
455 2709 515 2758 bano
525 2706 663 2758 debilitatem
679 2711 750 2760 bomo
764 2711 891 2761 roboratur
903 2719 936 2773 per

132 2774 176 2825 boc
186 2781 360 2827 sacramentum.
371 2779 415 2828 Sed
425 2777 479 2844 qnia
490 2780 534 2828 boc
548 2777 617 2828 robur
629 2779 703 2841 qratia
715 2780 787 2842 lacit,
798 2793 853 2844 ane
865 2790 935 2831 mm

131 2854 178 2893 non
187 2849 322 2910 compatitur
335 2851 466 2912 peceatum,
477 2851 530 2900 ideo
542 2862 571 2898 ex
579 2851 742 2914 consequenti,
754 2851 776 2900 si
788 2853 882 2903 invenit
891 2861 936 2914 pec·

130 2915 206 2962 catum
221 2917 327 2981 aliquod,
344 2919 380 2968 rel
394 2919 490 2971 mortale
506 2921 545 2970 rel
556 2920 663 2986 reniale,
678 2924 757 2986 quoad
771 2922 869 2987 culpam
885 2919 934 2971 otti

946 3140 951 3223 l
