1942 3284
129 177 173 221 638
289 190 489 239 sununnunnuurr,
503 190 597 236 Qunam
612 190 650 240 rx,
664 189 724 228 ann.
744 190 778 227 ιι.

161 273 184 319 t.
196 268 321 327 praterea,
340 263 453 319 sacerdoti
470 276 519 317 nou
536 264 604 315 dehet
623 262 676 315 deri
693 265 834 317 confessio
851 264 891 317 de
907 274 956 329 pet·

129 341 188 390 catis
204 338 251 389 uisi
262 340 353 403 propter
366 334 544 389 ahsolutionem.
556 336 603 387 Sed
615 334 765 399 quandoque
779 336 911 389 amardus
921 335 957 398 uui

130 409 297 462 contessionem
315 407 388 468 audit,
402 410 480 471 potest
494 407 523 458 de
534 406 669 471 quibusdam
681 407 799 471 peccatis
815 408 957 461 mame

130 496 176 535 non
193 480 222 533 de
236 480 349 533 omnihus.
371 480 431 544 Ergo
450 480 478 531 ad
498 478 574 529 minus
594 479 620 529 in
637 478 677 529 tali
694 490 760 531 cusu
781 493 840 534 nun
864 484 954 546 mpurw

129 552 190 619 qudd
203 550 315 603 consessio
327 549 358 601 sit
367 549 465 613 integra.

161 624 207 676 Sed
216 627 294 675 muira
311 621 454 688 :hypocrisis
466 623 504 673 est
516 619 705 684 impedimentum
718 621 902 685 poeuitentiae.
916 621 955 671 Set

130 696 230 747 diuidere
241 693 415 755 contessionem,
425 692 453 743 ad
465 692 604 757 hypocrisim
619 690 735 756 pertinet,
750 696 786 743 nt
799 694 951 757 hugaustiun

129 766 184 817 dicit
204 764 245 817 hh.
266 766 305 817 De
320 779 381 814 uera
396 766 422 813 et
443 762 510 825 salsa
531 759 693 811 Paenitentia
705 762 784 826 (cap.
807 764 882 827 15).
896 765 950 825 Erga

129 836 242 889 confessio
251 835 320 889 dehet
331 846 381 887 esse
394 834 490 897 integra.

160 909 286 970 praterea,
303 904 417 958 confessio
430 907 466 955 est
479 902 619 969 penitentie
639 916 703 967 pars.
727 903 784 957 Sed
809 906 947 971 paenitenda

127 979 196 1031 dehet
213 991 264 1031 essu
277 978 382 1042 integra,
394 981 421 1027 ut
433 977 459 1026 in
467 976 507 1026 lv,
518 976 627 1027 sentent.
639 975 778 1040 Mupa'ater
790 976 879 1041 (dist,
895 977 947 1039 15),

128 1051 192 1103 dicit.
207 1050 267 1115 Ergo
278 1052 303 1099 et
315 1046 438 1100 confessio.

160 1123 317 1187 (cuncunsro.
327 1116 560 1179 -Quemadmudum
572 1114 673 1182 corporis
686 1114 804 1170 medicus
818 1122 901 1171 totam
916 1120 944 1168 ir
966 1157 967 1168 a

128 1192 188 1245 hrmi
199 1190 353 1243 habitudinem
368 1192 512 1253 perspectam
522 1185 607 1237 hahere
620 1185 707 1246 dehet,
725 1190 755 1236 ut
768 1190 847 1240 recte
858 1189 944 1242 medea
966 1211 967 1214 ¹

129 1268 178 1326 tur;
193 1264 225 1313 ita
240 1259 351 1313 sacerdoti
362 1263 509 1323 pausaturum
525 1256 627 1308 omnium
642 1256 734 1319 integra
759 1259 896 1313 confessio
913 1264 943 1311 es

128 1334 259 1397 facienda.)

161 1404 297 1469 Respondes
309 1401 429 1453 dicendum
441 1440 449 1461 ,
466 1399 528 1465 dudd
539 1400 565 1451 iu
582 1398 694 1452 medicina
706 1403 839 1465 rmrporaii
857 1407 942 1471 upurht

128 1478 190 1542 qudd
207 1474 308 1528 medians
320 1485 366 1525 nou
376 1471 448 1525 saliam
462 1484 534 1523 annm
543 1472 660 1534 marham,
674 1475 759 1522 santra
779 1487 865 1536 quem
876 1475 941 1527 medi·

97 1561 99 1569 ’
130 1550 205 1600 sinam
219 1548 272 1598 dare
288 1545 369 1605 dehet,
383 1546 519 1607 cognoscam
535 1542 657 1594 sedetiam
674 1542 857 1598 universaliter
874 1551 938 1599 tumn

100 1682 102 1687 ¹
129 1618 284 1671 habitudinem
295 1616 369 1681 ipsius
385 1614 484 1677 infirmi,
496 1626 526 1665 eu
538 1612 600 1676 dudd
612 1625 673 1663 uuus
685 1613 784 1664 morbus
799 1628 837 1667 ex
849 1617 938 1683 adjunc-

129 1693 193 1743 tione
209 1688 304 1743 alterius
314 1689 457 1751 aggravatur,
467 1683 609 1737 etmedieiua
622 1696 674 1746 quae
687 1682 731 1734 uni
747 1686 842 1738 morbo
850 1700 936 1755 nempe

130 1766 200 1823 teret,
219 1758 283 1811 alteri
295 1760 457 1810 nocumentum
471 1757 599 1819 prestaret.
614 1752 643 1803 Et
654 1751 765 1803 similiter
782 1760 831 1807 est
850 1758 878 1809 in
891 1773 937 1824 pa.

130 1833 203 1895 catis,
214 1831 268 1895 qnia
280 1839 350 1879 unum
364 1830 498 1890 aggravatur
511 1837 541 1875 ex
552 1822 701 1888 adjunctione
714 1822 833 1890 alterius,
846 1833 875 1879 et
887 1831 936 1881 iilud

130 1904 191 1967 quod
200 1902 239 1953 uni
249 1902 342 1965 peccatu
354 1902 416 1948 esset
426 1895 562 1947 couveniens
574 1893 697 1956 medicina,
706 1893 777 1945 alteri
787 1896 935 1951 incentivu

130 1966 319 2037 praesumamur
331 1967 467 2029 quaudoque
482 1965 565 2028 aliquis
578 1962 698 2015 eontruriis
709 1968 823 2028 pensatis
839 1969 935 2022 intectas

130 2043 175 2103 sit,
188 2044 215 2089 nt
229 2036 350 2101 Gregorius
368 2036 394 2086 in
407 2036 538 2087 Pastoralr‘
554 2036 629 2101 (part.
650 2038 679 2090 d,
695 2045 749 2099 etp.
765 2039 801 2097 a)
817 2039 900 2093 dm
910 2043 935 2093 [ι

130 2114 183 2163 iden
191 2112 219 2162 de
229 2109 366 2161 necessitate
379 2107 529 2159 confessionis
539 2111 587 2167 est,
597 2104 656 2171 qudd
666 2107 736 2157 humo
746 2109 834 2161 omnia
842 2118 934 2176 peecata

130 2181 272 2243 confiteatur,
286 2192 337 2243 qua
351 2178 376 2229 in
390 2179 498 2229 memoria
514 2178 583 2229 hahet
594 2192 601 2226 ι
611 2177 671 2240 quod
683 2175 705 2227 si
723 2187 772 2227 nnn
782 2178 879 2244 faciat,
891 2198 934 2238 m

130 2257 167 2304 est
180 2252 302 2313 consessio,
317 2252 355 2301 sed
367 2250 519 2301 contessiouis
531 2247 656 2299 simulatio.

162 2324 195 2373 hd
209 2322 307 2387 primum
316 2332 370 2384 ergo
383 2318 516 2381 dicendum,
528 2318 589 2383 qndd
602 2316 646 2369 etsi
661 2316 826 2372 erubescentia
833 2325 867 2375 sit
879 2328 933 2377 mut

130 2390 326 2455 tipheiorquaudd
339 2388 420 2439 diuidit
433 2389 524 2439 diuersa
535 2390 628 2451 permuta
637 2385 748 2450 disemis,
759 2392 845 2443 tamn
853 2406 932 2447 om

130 2462 199 2513 simui
212 2473 258 2512 nuu
271 2464 325 2511 snut
337 2460 369 2509 ita
385 2471 473 2522 magua
487 2457 665 2520 erubescentia,
679 2456 741 2508 sieut
752 2458 793 2509 iila
806 2476 872 2525 una,
888 2480 931 2530 qua

130 2534 183 2598 quis
195 2532 271 2583 omnia
283 2543 324 2581 sua
334 2534 428 2593 peccatu
439 2527 651 2591 simuimndtetur3
660 2526 716 2590 quia
725 2540 798 2579 unum
807 2538 936 2599 pamm,

129 2617 172 2670 per
182 2616 208 2654 ae
221 2600 401 2664 consideratum,
411 2612 457 2649 non
468 2599 500 2648 ita
510 2600 650 2649 demonstrat
659 2597 741 2647 maiam
751 2599 930 2663 dispositionem

129 2673 259 2739 perrarus,
274 2670 333 2722 sient
347 2668 437 2733 quandd
448 2674 484 2720 est
493 2681 545 2719 eum
557 2668 660 2731 pluribus
668 2664 720 2718 aits
731 2670 924 2725 uunsideraturu:

128 2747 185 2809 quia
198 2746 224 2795 in
241 2756 312 2793 unum
324 2743 444 2806 peceatum
461 2739 543 2803 aliquis
555 2738 691 2803 quaudoque
702 2750 733 2789 ex
745 2738 875 2802 ignum
888 2747 928 2797 vei

128 2814 260 2865 infirmitate
274 2812 371 2871 lahitur;
386 2811 425 2863 sed
436 2810 558 2860 multitudo
568 2812 711 2873 pausaturum
724 2808 863 2864 demonstrat
875 2828 929 2868 m.

131 2885 202 2940 litium
215 2881 347 2948 peccantis,
358 2882 397 2933 rei
408 2893 513 2944 maguam
523 2879 690 2944 curruptionem
703 2878 812 2942 eiusdem.
