1942 3284
138 213 185 262 1⁰8
316 220 377 260 rnna
392 221 435 272 ru,
450 219 544 266 onnon.
561 219 633 270 nxuu,
650 217 704 256 snu-
721 215 755 257 vr.

72 324 75 329 ·
169 299 203 350 ho
212 299 334 364 septimum
344 297 471 361 dicendum,
483 296 620 362 quod,sieut
630 307 689 360 apua
698 293 795 344 sumitur
809 292 841 342 acl
852 291 936 357 baptis

139 384 202 421 mum
219 371 273 434 quia
293 371 344 434 ejus
360 383 417 420 usus
436 372 470 420 est
482 368 626 419 communior
638 368 667 417 ad
686 365 844 426 abluendum,
859 364 892 414 ita
911 364 935 412 ai

138 441 311 506 significandum
329 445 377 492 tres
397 453 522 505 personas,
537 441 562 490 iu
578 439 649 490 forma
670 435 778 502 baptismi
794 439 936 487 moiuntur

138 511 178 563 illu
198 513 289 565 uomina
304 513 388 577 quibus
404 511 546 562 communiis
564 513 731 562 consueverunt
753 507 871 560 nominari
889 519 935 571 per-

139 597 201 636 sono
218 585 243 635 iu
254 584 295 636 illa
309 584 395 650 lingum.
409 585 457 635 Nec
470 584 495 634 in
511 583 563 634 aliis
579 581 709 634 nominibus
728 579 850 646 perficitur
863 590 936 630 sacra·

139 659 250 707 mentum.

429 739 590 814 raurouuos
607 763 645 813 ur.

222 888 307 934 herum
316 888 344 933 iu
351 888 446 932 momine
461 887 550 932 Christi
562 885 636 943 possit
652 883 707 930 ouri
717 883 861 942 baptismam.

173 1017 207 1067 tu
229 1017 320 1066 certum
340 1014 374 1066 sic
391 1014 524 1079 proceditur
542 1012 587 1079 (1).
605 1013 700 1063 Videtur
722 1009 784 1076 quio
807 1010 832 1060 iu
852 1007 937 1060 nomine

142 1087 227 1138 Christi
240 1086 312 1151 possit
319 1085 367 1136 clari
379 1086 514 1150 baptismus.
525 1084 660 1135 Sicuteuirn
668 1095 714 1133 uua
724 1086 761 1133 est
771 1082 844 1147 tides,
861 1081 895 1132 ita
905 1083 935 1129 est

142 1171 213 1208 uuum
226 1157 350 1221 baptisma,
364 1160 391 1207 ut
402 1157 485 1208 dicitur
498 1157 599 1220 uptus„
618 1154 657 1205 lv.
680 1153 725 1204 Sed
743 1153 812 1213 Aet„
827 1151 895 1214 vair,
911 1148 938 1198 di·
953 1211 954 1214 ξ

143 1227 268 1293 citurqubd
280 1244 294 1275 ο
304 1228 328 1276 iu
337 1226 430 1278 nornine
441 1225 525 1278 Christi
534 1226 707 1290 baptizabantur
716 1223 761 1274 uiri
771 1228 796 1274 et
805 1224 935 1274 mutieresa
953 1283 954 1288 Ἰ

143 1300 203 1362 Ergo
217 1299 285 1350 etiam
300 1313 362 1349 nuuc
376 1300 454 1363 potest
465 1297 516 1349 dari
529 1297 656 1360 baptismus
669 1295 798 1347 innomine
811 1293 905 1348 Christi.
953 1319 954 1366 3

175 1376 199 1421 a.
212 1371 338 1431 Prolem,
357 1369 489 1420 umbrosius
508 1369 562 1419 dicit
572 1369 626 1433 (lib.
643 1371 661 1420 1.
678 1369 715 1418 De
726 1368 835 1432 Spiritu
849 1367 936 1421 amicto,
953 1389 954 1410 r

144 1455 195 1507 cap.
215 1441 263 1505 3):
281 1456 294 1489 ο
304 1439 329 1490 si
341 1440 457 1492 Chr'ntum
473 1440 550 1503 dicas,
565 1442 590 1490 et
604 1440 694 1490 Patrem
705 1437 718 1488 b
728 1451 774 1502 quo
789 1442 877 1488 unctus
895 1437 936 1493 est,
953 1417 954 1500 ξ

144 1517 168 1564 et
183 1513 258 1577 ipsum
278 1511 318 1576 qui
337 1514 419 1562 unctus
434 1514 470 1562 est
489 1511 588 1574 Filium,
607 1514 630 1560 et
646 1509 754 1573 Spiritum
772 1513 879 1560 saucium
900 1505 954 1578 οοοξ

143 1589 226 1634 unctus
240 1587 291 1647 est,
305 1583 438 1647 designasti.
449 1598 464 1629 u
478 1582 559 1634 sedin
573 1581 664 1634 uomina
675 1579 792 1630 Trinitatis
802 1584 882 1645 potest
895 1574 936 1626 bari

143 1653 278 1719 baptismus.
293 1655 352 1720 Ergo
364 1658 389 1706 et
400 1654 424 1704 iu
437 1654 530 1706 nomiue
544 1653 637 1704 Christi.

177 1732 199 1778 3.
214 1729 341 1791 Praeterea,
355 1725 461 1777 Nicotaus
474 1728 550 1791 Papa,
566 1725 594 1776 acl
610 1724 714 1776 consulta
728 1721 880 1787 bulgarorum
899 1731 937 1769 ris·

145 1799 247 1860 pondeus
254 1834 263 1861 ,
273 1797 343 1848 dicit:
357 1797 423 1856 «Qui
431 1797 456 1846 iu
469 1797 561 1848 nominc
575 1801 658 1848 sancta
666 1794 794 1856 Trinitatis,
809 1795 848 1845 uel
857 1790 936 1844 numu

145 1868 170 1918 in
190 1868 282 1920 nomino
305 1867 405 1931 Christi,
422 1868 481 1918 sicut
500 1868 525 1917 iu
544 1867 638 1918 Actibus
661 1865 821 1931 Apostolorum
848 1865 935 1928 tegitur,

145 1939 253 2004 baptizati
265 1943 318 1990 sunt
332 1940 420 2004 (unum
438 1939 524 2003 quippe
540 1939 644 2002 idemque
658 1943 709 2001 est,
723 1941 750 1986 ut
765 1937 799 1987 ait
811 1938 835 1988 S.
854 1935 938 1987 humbro

146 2010 194 2061 sins
203 2012 221 2074 i,
230 2009 364 2075 rebaptizari
377 2023 423 2061 nou
438 2010 529 2060 debent.
544 2026 558 2058 u
569 2010 770 2074 itebaptiuareutur
781 2011 875 2068 autem,
889 2003 936 2054 siiu

147 2083 190 2131 hac
209 2081 281 2132 torma
299 2081 405 2145 baptizati
425 2085 590 2131 sacramentum
611 2080 720 2144 baptismi
741 2092 788 2131 uon
805 2075 935 2144 reciperent¹

148 2154 207 2217 Ergo
228 2156 304 2218 potest
317 2152 414 2202 conierri
434 2151 560 2217 baptismus
577 2152 602 2201 iu
621 2152 714 2202 nomine
733 2150 819 2202 Christi
841 2150 884 2201 sub
902 2146 937 2194 bae

147 2224 233 2275 iorma:
246 2241 260 2274 u
275 2225 322 2288 Ego
332 2227 356 2274 te
371 2223 461 2288 baptizo
476 2223 605 2274 innomine
622 2223 741 2274 Christi.»
926 2249 929 2256 ⁴

179 2296 224 2349 Sed
238 2300 317 2348 contra
332 2299 381 2359 est,
396 2295 456 2360 quod
471 2294 579 2358 Pelagius
590 2296 651 2358 Papa
664 2294 742 2345 scribit
752 2293 882 2344 Gaudentio
892 2285 938 2363 Epi

149 2382 235 2433 scopo:
252 2385 266 2416 <r
277 2367 337 2417 Sibi
353 2367 429 2432 quiin
444 2367 501 2418 iocis
515 2366 632 2418 dilectioni
648 2368 693 2417 tum
710 2365 795 2416 vicinis
812 2371 937 2417 commorant

148 2442 253 2492 dicuutur
260 2477 269 2505 ‚
287 2453 312 2491 se
325 2439 503 2491 solummodbiu
523 2438 614 2489 nomine
628 2437 717 2489 homiui
731 2437 859 2502 baptizatos
876 2433 938 2486 fuisti

148 2513 298 2575 confitentur,
313 2510 363 2562 siue
381 2511 542 2576 cujuscumque
558 2510 706 2561 dubitationis
726 2509 849 2572 ambiguo,
862 2519 900 2559 eos
916 2497 939 2550 td

148 2585 217 2637 tidem
230 2585 363 2636 catholicam
373 2584 509 2648 uenientes,
520 2582 545 2632 iu
558 2586 642 2634 sancta
654 2580 772 2632 trinitatis
783 2581 876 2632 nomine
891 2577 937 2636 bap
952 2633 953 2638 ξ

147 2657 236 2707 tizabis.
256 2673 270 2705 u
284 2656 393 2722 Didymus
408 2655 477 2707 etiam
495 2655 548 2706 dicit
568 2655 593 2705 iu
612 2653 652 2704 lib.
672 2654 709 2704 De
721 2653 828 2717 Spiritu
842 2653 937 2703 sumto:

150 2728 241 2781 «licit
253 2729 304 2795 quis
323 2727 394 2794 possit
415 2727 514 2779 existere
534 2725 612 2789 narei,
628 2729 653 2776 nt
671 2724 703 2777 ita
716 2724 807 2788 houm,
824 2721 909 2782 cordis,
920 2717 939 2764 tl

181 2899 216 2966 (l)
229 2906 263 2950 ho
281 2904 318 2950 hio
330 2904 400 2950 wem
413 2903 455 2954 lv,
469 2901 548 2951 Soet„
558 2900 611 2945 dist.
631 2897 656 2956 3,
668 2909 709 2956 qu.
729 2897 752 2956 t,
768 2901 812 2944 art.
834 2895 859 2957 2,
873 2897 938 2954 quei·

147 2968 223 3015 tinne.
239 2967 267 3028 ἱ,
282 2967 312 3015 ao
324 2966 355 3025 ὃς
367 2973 394 3014 et
404 2966 426 3015 i.
437 2964 508 3016 Cor„
516 2965 538 3025 1,
551 2961 642 3024 locta,
655 2961 702 3008 col.
714 2959 740 3007 l.
