1942 3284
251 203 281 241 nn
294 205 397 242 nernoru
412 205 588 257 rontemnere,
602 209 654 246 nro.
802 193 846 241 ate

52 277 122 329 mode
134 289 181 328 non
194 281 288 341 possum
299 291 340 342 per
357 279 513 343 penitentiam
526 282 596 333 deleri
612 286 706 346 mmata
718 284 844 336 monum

51 353 77 398 et
96 348 166 400 etiarn
188 348 305 400 hominurn
325 351 565 416 damnatorumque
586 352 679 404 alodus
699 367 777 406 eorum
791 360 845 407 sunt

50 418 179 470 oonllrmati
192 418 216 468 in
225 419 292 483 malo,
301 419 399 484 itaqudd
410 434 455 472 non
465 426 541 486 potest
550 423 585 474 eis
595 423 714 487 displicere
726 429 844 489 peoratum

51 490 77 539 in
92 493 204 553 quantum
222 492 258 540 est
276 490 357 555 eulpa,
372 492 412 542 sed
433 492 507 543 solium
520 492 623 557 dieplioet
638 495 672 545 eis
693 507 760 559 poena
774 508 842 559 quam

52 560 181 624 patiuntur,
195 560 281 610 ratione
294 561 360 624 eujus
372 561 469 624 aliquam
485 563 649 628 poenitentiam,
666 567 707 616 sed
720 565 845 618 inlmetuo·

50 643 101 680 sam
110 630 205 691 habent,
217 629 340 681 seeundirm
351 630 406 682 illud
416 632 517 696 Sop.,V
530 649 537 682 ι
549 635 731 686 «Poenitentiam
740 640 842 699 agentes,

52 705 77 753 et
96 713 146 764 pra
165 701 266 764 angustia
283 701 376 765 spiritrls
391 708 525 768 gementes3
541 721 556 752 r
569 706 629 756 unde
647 706 700 757 talis
711 707 845 770 penitentia

52 783 101 823 non
116 775 154 822 est
171 783 223 822 uum
239 784 280 836 spe
293 773 380 835 reniae,
393 773 433 823 sed
451 787 504 824 oum
522 775 688 840 desperatione.
701 775 756 827 'lale
768 780 844 827 autem

52 857 102 895 non
113 845 248 907 potestesse
261 842 350 906 aliquod
360 847 477 906 peceatum
487 845 586 896 hominis
595 846 697 902 viatoris,
708 847 774 911 eujus
786 847 844 898 litte·

52 927 105 965 rum
124 911 241 964 arbitrium
261 913 359 963 flexibsse
376 918 412 964 est
433 914 461 964 ad
475 915 560 966 bouum
579 919 604 966 et
623 916 652 966 ad
673 917 766 968 rnatum.
779 917 844 968 Unde

52 986 130 1036 (lirare
146 982 207 1046 qudd
226 981 317 1046 aliquod
334 987 450 1048 peceatum
470 984 501 1034 sit
521 986 546 1036 in
562 986 606 1036 lrae
618 987 679 1047 rita,
692 987 721 1037 de
733 999 779 1050 qno
791 988 844 1051 quis
934 1000 937 1006 ·

51 1055 167 1122 paenitere
180 1065 226 1103 non
234 1053 321 1117 possit,
335 1065 452 1104 erroneum
469 1058 521 1105 est:
534 1055 606 1120 primo
619 1056 727 1120 quidem,
739 1057 793 1120 quia
802 1071 846 1121 per

53 1128 98 1177 lroe
115 1124 233 1176 tolleretur
245 1123 335 1174 libertas
343 1123 444 1188 arbitrii;
457 1125 572 1188 secundo,
585 1127 639 1190 qnia
650 1126 742 1190 perluoc
752 1126 844 1190 derepe-

52 1200 117 1248 retur
131 1193 307 1257 dentigratim
317 1207 435 1259 perquam
445 1196 532 1246 moveri
542 1200 618 1260 potest
632 1209 670 1248 cor
682 1197 844 1261 cujuscumque

51 1263 181 1331 peccatoris
193 1265 221 1314 ad
238 1264 408 1328 paenitendum,
422 1264 546 1315 secundlrm
559 1265 615 1317 illud
627 1267 753 1324 Prodest„
770 1268 821 1319 lllll
835 1284 842 1319 a

55 1337 126 1387 ocor
135 1334 197 1398 regis
208 1334 233 1384 in
241 1334 365 1397 monetet,
375 1338 400 1385 et
410 1337 669 1400 quoeunqoeroloerlt,
679 1341 752 1388 vertet
764 1338 820 1390 ilud.
827 1355 843 1387 s

53 1405 120 1466 Quod
135 1409 213 1455 antam
226 1405 325 1454 meundo
339 1405 405 1456 modo
417 1417 463 1455 non
472 1406 544 1468 possit
552 1419 594 1470 per
603 1419 679 1457 reram
688 1408 845 1472 penitentiam

53 1475 147 1540 aliquod
164 1477 280 1538 peceatum
292 1473 391 1535 remitti,
410 1477 447 1525 est
465 1476 535 1525 etiam
553 1488 681 1527 erroneum.
703 1477 778 1528 Primo
791 1481 846 1541 qni·
910 1501 917 1518 ·

54 1543 179 1610 dem,qnia
192 1549 303 1609 repugnat
312 1544 396 1595 diuinae
408 1543 575 1609 misericordiae,
585 1547 614 1596 de
625 1558 671 1609 qua
678 1545 758 1597 dieitur
770 1547 844 1604 teet..

55 1616 90 1678 ll,
102 1614 165 1679 qnod
179 1613 316 1678 «benignus
331 1617 355 1665 et
368 1614 495 1664 misericors
507 1618 559 1677 est,
572 1617 597 1666 et
613 1614 716 1678 patiens,
733 1619 758 1665 et
769 1617 846 1668 multe

54 1684 226 1748 misericordie,
241 1688 265 1734 et
277 1683 411 1749 prestabilis
423 1697 493 1748 super
501 1683 586 1734 malitia
595 1700 603 1747 ;
613 1700 628 1731 o
644 1684 773 1735 vinceretur
785 1685 845 1736 enim

52 1755 220 1818 quodammodo
232 1753 291 1805 Deus
308 1755 336 1804 alr
348 1754 453 1816 homine,
471 1753 492 1804 si
505 1755 574 1804 homo
586 1756 703 1818 peeoatnm
721 1753 791 1804 vellet
802 1755 847 1806 de-

55 1825 110 1888 teri,
123 1824 184 1888 qnod
200 1824 258 1875 lleus
274 1825 347 1876 delere
367 1837 414 1874 non
427 1823 505 1874 uellet.
518 1821 622 1874 Secundo
629 1859 638 1886 ,
651 1823 705 1886 quia
717 1823 763 1874 lree
782 1823 847 1874 dero-
947 1854 951 1861 ·

55 1897 121 1957 garet
134 1893 212 1945 virtuti
224 1894 338 1958 passionis
347 1893 447 1957 Christi,
458 1905 574 1957 perquam
587 1893 721 1957 penitentia
731 1896 846 1956 operatur,

54 1964 116 2014 sium
137 1967 162 2016 et
182 1967 262 2015 uetera
278 1969 430 2028 sacramenta3
445 1963 498 2014 elam
513 1962 623 2026 seriptum
639 1963 818 2023 ettltoan.,11
837 1980 845 2014 z

55 2050 71 2082 e
80 2035 135 2098 lpse
146 2038 182 2086 est
192 2033 322 2098 propitiatio
334 2047 375 2098 pro
387 2033 594 2098 peccatisnostris,
607 2045 654 2083 non
665 2033 740 2083 oollam
751 2032 845 2096 nostris,

55 2104 98 2155 sed
111 2105 181 2156 etiarn
194 2105 264 2156 totius
274 2105 360 2154 mundi.
373 2105 458 2154 »Unde
470 2103 729 2167 simpliciterdirendnm
739 2106 775 2153 est
786 2102 847 2166 qudd
861 2103 865 2116 '

54 2189 123 2232 omne
141 2179 260 2241 peceatum
277 2175 304 2227 in
326 2175 433 2225 haesita
452 2187 495 2238 per
506 2173 664 2238 penitentiam
679 2186 759 2225 reram
775 2174 846 2225 deleri

55 2250 141 2311 potest.

88 2317 123 2367 ad
135 2316 234 2381 primunr
245 2329 298 2380 erqo
311 2311 444 2376 dicendum,
458 2314 518 2378 quod
531 2315 590 2364 Esau
603 2326 649 2365 non
661 2312 715 2364 rere
730 2313 844 2378 portant,

55 2389 117 2451 qued
132 2392 196 2452 patet
208 2402 238 2440 er
257 2390 302 2439 lroe
313 2387 374 2451 qnod
387 2385 445 2436 dixit
459 2401 466 2436 a
480 2402 495 2434 u
508 2385 605 2441 Venient
620 2385 668 2435 dies
684 2385 760 2436 luetds
773 2387 846 2449 patris

56 2457 118 2517 mei,
136 2461 160 2509 et
174 2458 275 2510 orsidam
286 2457 354 2508 taoob
373 2457 561 2508 lratrem'meum.
575 2471 590 2503 u
605 2453 713 2504 Similiter
724 2455 791 2505 mium
804 2467 847 2506 nee

56 2529 182 2580 Antiochus
197 2528 251 2580 uere
268 2528 389 2594 poenituit3
402 2523 491 2577 dolebat
508 2522 570 2577 enim
594 2525 622 2576 de
635 2526 708 2588 ‚eulpa
723 2527 845 2589 preterita,

56 2613 105 2650 non
117 2603 209 2663 prepter
216 2599 325 2650 offensam
333 2598 384 2662 liei,
392 2597 432 2648 sed
442 2602 535 2662 propter
543 2595 697 2647 infirmitatem
708 2597 846 2659 corporalem

56 2682 125 2733 quam
134 2669 267 2734 patiebatur.

92 2745 126 2796 td
142 2745 263 2796 seeundum
276 2742 409 2803 dicendum,
421 2740 481 2805 qudd
500 2739 556 2790 illud
568 2740 661 2790 uerbum
679 2738 798 2803 Augustini
814 2737 849 2788 sie

60 2814 232 2878 intellgendum
246 2817 302 2866 est:
318 2813 415 2865 «Tanta
427 2816 462 2862 est
474 2810 537 2861 labes
549 2809 611 2860 iltius
620 2810 718 2873 peceati,
733 2812 758 2858 ut
768 2808 848 2872 depre-
894 2839 899 2848 -

59 2885 128 2937 candi
140 2882 288 2934 humilitatem
301 2881 374 2934 subire
385 2895 430 2933 non
440 2880 540 2946 possit.»
552 2879 638 2931 seilicet
650 2878 755 2939 dolatili,
766 2890 847 2932 secun·
