1942 3284
398 100 493 150 me
756 109 876 149 rans
908 108 992 157 m,
1026 108 1212 154 QUAEST.
1245 105 1392 159 uxv,
1420 106 1530 147 aar.
1564 109 1634 147 vr.

394 188 503 253 quia
531 191 621 237 non
664 188 737 237 est
784 187 1050 235 consuetum
1081 182 1342 236 hominibus
1356 221 1369 246 ,
1401 184 1484 235 sed
1521 183 1735 236 horribile
1753 221 1766 245 ,
1809 196 1942 236 carn<

393 257 593 311 hominis
616 258 852 308 comedere
870 294 884 318 ,
908 260 956 306 et
972 257 1238 319 sanguinem
1267 256 1441 307 bibere.
1467 257 1526 307 Et
1551 256 1657 308 ideo
1683 269 1942 321 proponun

390 329 525 382 nobis
560 342 664 380 caro
684 331 732 379 et
758 327 944 391 sanguis
969 326 1140 378 Christi
1173 328 1392 378 sumenda
1419 327 1505 378 sub
1535 328 1772 393 speciebus
1807 328 1942 380 illm-1

394 415 493 467 quae
515 398 801 462 frequentius
835 399 885 449 in
925 412 1062 449 usum
1090 398 1292 449 hominis
1319 398 1540 462 veniunt,
1577 400 1751 450 scilicet
1789 400 1942 463 panis

394 472 504 523 vini.
533 470 763 534 Secundo,
785 484 845 521 ne
873 472 963 523 hoc
988 476 1322 521 sacramentum
1345 472 1402 521 ab
1426 471 1687 523 infidelibus
1710 471 1942 523 irridet-en

394 543 436 594 si
451 544 537 595 suh
553 543 707 607 specie
723 542 903 607 propria
918 542 1160 594 Dominum
1179 547 1386 594 nostrum
1404 543 1795 595 manducaremus,
1815 546 1942 596 Tert

390 617 446 665 ut
467 616 587 667 -dum
613 614 904 665 invisibiliter
943 627 1110 679 corpus
1149 617 1196 666 et
1226 614 1495 678 sanguinem
1525 614 1713 665 Domini
1741 616 1907 668 nostri
1940 634 1942 666 :

394 686 588 749 mimus,
618 685 707 735 hoc
729 685 932 750 proficiat
954 688 1006 737 ad
1045 685 1252 736 meritum
1277 686 1399 737 fidei.

456 758 524 808 Ad
548 756 747 822 primum
776 770 886 821 ergo
915 758 1156 809 dicendum
1173 793 1191 820 ,
1225 756 1345 821 quod
1381 756 1498 809 sicut
1524 757 1692 809 dicitur
1728 758 1775 808 in
1801 759 1900 809 lib.

398 830 563 879 causis
585 829 838 893 (proposit.
870 830 896 877 1
920 832 937 891 )
962 865 978 891 ,
1009 829 1201 880 effectus
1227 829 1331 893 plus
1357 828 1614 894 dependent
1637 830 1666 880 a
1691 842 1832 880 causa
1858 829 1942 894 pri

398 898 534 964 quam
566 900 592 950 a
626 912 763 949 causa
795 901 1008 951 secunda.
1046 901 1103 950 Et
1129 899 1263 963 ideo,
1294 900 1464 950 virtute
1494 901 1606 965 Dei,
1645 902 1727 964 qui
1763 904 1840 951 est
1869 915 1942 951 cat

398 971 544 1035 prima
569 970 792 1036 omnium,
815 972 917 1022 fieri
935 974 1090 1037 potest
1108 973 1159 1022 ut
1183 974 1446 1022 remaneant
1473 973 1748 1036 posteriora,
1772 972 1942 1036 priori]

402 1043 606 1095 minatis·

464 1116 529 1165 Ad
560 1115 808 1166 secundum
836 1115 1102 1179 dicendum,
1125 1115 1246 1181 quod
1272 1116 1320 1165 in
1347 1117 1437 1167 hoc
1470 1118 1754 1167 sacramento
1779 1117 1918 1167 nulla

402 1186 631 1251 decepti03
660 1191 767 1237 sunt
810 1186 935 1237 enim
970 1188 1035 1238 ibi
1079 1187 1332 1238 secundum
1369 1185 1438 1237 rei
1470 1186 1711 1237 veritatem
1751 1188 1942 1240 acciden

402 1272 501 1323 quae
527 1259 739 1310 sensibus
764 1258 1088 1323 dijudicantur.
1119 1260 1384 1310 Intellectus
1417 1262 1568 1310 autem
1586 1295 1607 1322 ‚
1634 1259 1766 1323 cujus
1807 1264 1888 1310 est
1912 1274 1942 1325 p

402 1330 548 1393 prium
564 1330 793 1395 objectum
813 1331 1082 1396 substantia,
1105 1335 1158 1382 ut
1177 1331 1435 1381 dicitur-111.
1452 1332 1525 1380 De
1543 1331 1883 1396 animaitext.
1909 1335 1942 1379 2

398 1414 482 1465 per
512 1401 647 1452 fidem
674 1401 702 1451 a
728 1404 994 1466 deceptione
1037 1406 1356 1467 praeservatur.

459 1474 519 1523 Et
546 1472 615 1523 sic
637 1478 764 1539 patet
792 1474 1028 1539 responsio
1051 1476 1107 1526 ad
1127 1474 1331 1525 tertium.
1351 1474 1468 1523 Nam
1487 1473 1600 1525 fides
1635 1486 1729 1525 non
1753 1478 1825 1525 est
1846 1488 1942 1526 con

398 1556 609 1607 sensum,
639 1547 721 1597 sed
754 1547 826 1595 est
853 1546 909 1595 de
929 1557 986 1595 eo
1015 1545 1072 1595 ad
1095 1546 1215 1609 quod
1245 1558 1408 1595 sensus
1429 1558 1524 1596 non
1553 1545 1760 1609 attingit.

464 1617 533 1667 Ad
572 1620 783 1679 quartum
818 1616 1084 1679 dicendum,
1119 1615 1242 1681 quod
1277 1617 1377 1667 haec
1415 1616 1652 1667 conversio
1685 1630 1780 1668 non
1825 1630 1942 1681 prop

402 1686 540 1738 hahet
560 1688 835 1751 subjectum,
858 1691 907 1737 ut
925 1686 1096 1737 dictum
1123 1690 1194 1737 est
1221 1687 1327 1751 (art.
1362 1691 1407 1750 4,
1437 1687 1494 1737 ad
1517 1692 1542 1737 1
1574 1691 1621 1737 et
1647 1688 1728 1751 2);
1753 1690 1838 1738 sed
1857 1693 1942 1739 tan

402 1758 658 1809 accidentia
684 1772 787 1821 quae
810 1761 1074 1821 remanent,
1102 1758 1271 1809 habent
1295 1759 1493 1824 aliquam
1531 1758 1884 1813 similitudinem
1905 1774 1942 1811 ει

402 1826 533 1891 jecti.

993 1936 1315 1987 ARTICULUS
1345 1937 1430 1988 vl.

416 2058 587 2105 Utriom
603 2091 619 2115 ,
656 2060 787 2114 facta
812 2062 1185 2117 consecratione,
1231 2064 1477 2106 remaneat
1509 2062 1563 2107 in
1596 2060 1682 2107 hoc
1713 2074 1942 2108 sacramei

854 2124 1022 2179 forma
1051 2125 1383 2170 substantialis
1412 2126 1565 2181 panis.

470 2248 541 2299 Ad
568 2252 747 2300 sextum
774 2248 839 2300 sic
856 2250 1116 2313 proceditur
1143 2250 1236 2314 (1).
1255 2250 1449 2301 Videtur
1464 2249 1588 2314 quod
1612 2250 1733 2301 facta
1770 2263 1942 2302 consec]

405 2317 531 2370 tione
548 2357 562 2381 ,
587 2323 819 2371 remaneat
845 2319 894 2369 in
920 2322 1011 2371 hoc
1039 2324 1321 2371 sacramento
1347 2315 1493 2372 forma
1525 2321 1838 2373 substantialis
1856 2333 1942 2385 pan

405 2389 585 2441 Dictum
621 2394 694 2441 est
722 2391 844 2441 enim
874 2391 982 2455 (art.
1007 2393 1072 2457 5),
1099 2392 1222 2456 quod
1240 2392 1360 2443 facta
1385 2393 1745 2454 consecratione,
1780 2405 1942 2443 remam

408 2461 681 2513 accidentia.
724 2464 836 2527 Sed,
866 2462 970 2513 cum
1014 2464 1146 2528 panis
1189 2464 1251 2513 sit
1297 2464 1521 2528 quoddam
1559 2464 1798 2515 artificiale
1819 2502 1838 2528 ‚
1880 2462 1942 2515 eti

407 2529 553 2584 forma
571 2534 672 2597 ejus
694 2538 765 2585 est
790 2534 1021 2586 accidens.
1050 2536 1169 2599 Ergo
1192 2539 1422 2597 remanet,
1439 2536 1560 2587 facta
1591 2535 1942 2587 consecratione.

476 2641 538 2704 (1)
570 2644 634 2689 De
656 2643 729 2689 his
756 2643 895 2689 etiam
929 2644 1080 2702 infra,
1107 2656 1188 2701 qu.
1219 2643 1300 2703 77,
1324 2648 1412 2689 art.
1452 2644 1477 2689 1
1512 2644 1940 2703 et63et1V,Sen

410 2704 518 2752 dist.
541 2704 617 2765 11,
644 2718 724 2763 qu.
749 2706 795 2764 1,
821 2712 907 2751 art.
930 2706 1273 2766 1,quaestiunc.
1301 2708 1347 2760 3·
1380 2712 1428 2753 et
1446 2708 1554 2753 dist.
1577 2677 1655 2763 12',
1671 2720 1753 2763 qu.
1776 2705 1825 2764 1,
1849 2711 1936 2752 art.

408 2770 683 2825 quaestiunc.
712 2768 771 2830 3,
792 2770 842 2814 in
861 2781 1019 2827 corp.;
1052 2774 1099 2815 et
1123 2741 1376 2827 Quodlibss,
1401 2771 1496 2831 IX,
1525 2776 1612 2816 art.
1633 2768 1682 2829 5,
1713 2768 1773 2814 ad
1799 2741 1863 2826 ’3,
1895 2772 1939 2814 et

418 2830 555 2883 Cor„
582 2833 669 2893 xl,
696 2833 805 2879 lect.
842 2830 893 2894 4,
921 2833 1010 2879 sub
1031 2830 1140 2879 fine.
