1942 3284
250 276 283 314 DE
299 273 401 314 Immo
416 272 630 317 simultatium.
814 269 844 317 85

71 349 145 414 painel
158 352 185 402 ad
199 353 306 416 quadam
319 352 506 417 sacramentalia,
519 367 570 417 qua
584 357 639 405 sunt
652 355 803 406 catechismus
822 359 846 408 et

69 422 188 476 aodsnus.
203 425 314 488 Purgatio
334 429 412 475 autem
425 428 448 476 et
465 426 602 478 illuminatio
619 427 702 489 simul,
720 427 844 479 meandum

67 492 174 558 lionpu'um
188 496 230 561 (de
244 497 341 547 Eccles·
354 497 490 554 hierarch„
502 511 551 561 cap.
569 503 593 563 t,
605 503 664 563 part.
683 499 718 562 1),
729 499 845 563 pertinent

64 565 85 613 al
95 566 234 631 baptismum,
247 574 274 620 et
286 573 381 634 propter
390 568 528 633 scaurum,
548 569 681 622 secundarit
691 571 806 635 pertinent
816 571 845 621 ad

63 639 197 698 penitentiam
210 645 236 692 et
247 646 374 693 extremam
386 641 528 694 unctionem.
543 642 655 694 Periocho
669 647 754 705 auum,
768 655 846 707 quan-

63 707 250 764 tlnaduirtntcm
269 713 381 777 qmdenr,
396 727 447 777 qua
465 719 501 765 est
518 714 583 780 qnasi
602 714 712 778 perfectio
732 715 844 776 formalis,

63 782 140 842 mutnet
148 787 174 836 ad
189 786 401 848 confirmationem,
411 786 521 850 quantum
531 790 608 839 antem
618 787 645 836 ad
658 786 843 839 consecutionem

61 851 114 913 ins.
125 858 222 920 pertinet
239 860 269 908 ad
284 857 452 909 eucharistiam.

82 926 110 976 ld
121 932 222 990 quanam
242 929 378 993 dicendum,
393 929 453 993 quod
472 931 497 979 in
511 933 650 981 sacramanto
663 928 843 981 confirmationis

58 995 109 1046 misr
122 999 240 1062 plenitudo
261 1001 361 1064 Spiritus
380 1001 453 1051 sancti
469 1002 496 1051 ad
512 1001 594 1064 robur,
609 1001 634 1052 in
653 1005 752 1052 extrema
767 1006 842 1052 autem

57 1069 145 1120 motione
155 1075 300 1137 preparatur
308 1074 377 1123 homo
386 1076 412 1123 ut
421 1072 516 1138 recipiat
526 1073 656 1124 immediati
666 1072 768 1136 gloriam.
780 1075 842 1133 Quo·

57 1152 95 1188 run
107 1146 205 1193 nentrum
222 1143 333 1208 competit
345 1144 418 1195 ueteri
427 1145 584 1210 Testament03
598 1146 622 1195 et
633 1143 686 1196 ideo
697 1143 755 1193 nihil
767 1145 844 1208 potuit

56 1209 84 1258 iis
94 1214 239 1266 ammonitis
249 1215 274 1264 in
286 1216 359 1265 veteri
370 1215 421 1278 lege
438 1216 582 1280 respondere.
599 1215 750 1266 Nihilominus
760 1221 841 1267 tamen

57 1290 177 1337 ammenta
192 1287 221 1336 in
240 1287 314 1337 veteri
326 1288 377 1350 lege
392 1287 454 1351 plura
471 1288 563 1338 inerunt
577 1299 689 1348 numero,
703 1291 796 1350 propter
807 1288 843 1339 di·

57 1353 171 1407 rouen
185 1356 352 1408 sacrificiorum
362 1360 387 1408 et
397 1357 590 1408 caremonlarum.

80 1425 107 1474 id
119 1429 227 1491 quntum
240 1429 360 1480 dicendum
366 1466 376 1492 ‚
388 1428 447 1493 qndd
460 1433 539 1479 contra
550 1427 758 1498 concupiscentiam
769 1442 841 1480 uene·

58 1506 129 1548 suumn
145 1502 251 1566 oportuit
273 1501 403 1564 specialiter
422 1500 545 1552 remedium
564 1500 665 1550 adhiberi
688 1513 728 1564 per
750 1500 842 1564 aliquod

62 1575 209 1623 amaeam
225 1589 232 1622 :
247 1573 324 1623 Primi
338 1572 443 1635 quidem,
457 1571 511 1636 quia
522 1585 564 1636 per
577 1569 708 1635 hujusmodi
722 1571 846 1636 coucupis-

64 1639 138 1692 anau
145 1657 198 1695 uon
208 1642 282 1694 solium
291 1643 384 1694 uitiatur
393 1656 498 1708 persona,
511 1642 551 1694 sed
562 1642 631 1692 etiam
642 1645 721 1692 natura
729 1658 735 1705 ;
744 1643 845 1696 secundi

61 1714 132 1772 imper
147 1713 321 1765 vehementiam
337 1714 402 1777 ejus,
419 1727 470 1778 quae
480 1714 592 1764 rationem
605 1711 719 1762 absorbet.

82 1783 206 1835 idsertum
220 1785 354 1846 dicendum,
369 1786 429 1848 quod
440 1799 500 1849 aqua
508 1784 626 1835 benedicta
635 1786 658 1834 et
666 1783 715 1834 aliae
724 1795 844 1837 consecra·

57 1848 118 1904 iones
134 1869 182 1908 non
197 1855 304 1905 dicuntur
316 1860 469 1919 sacramenta,
484 1855 539 1920 qnia
556 1869 602 1906 non
617 1855 745 1920 perducunt
758 1857 785 1907 ad
801 1870 843 1908 sa-

58 1928 151 1977 cramenti
163 1927 274 1978 ellectum
284 1965 292 1991 ,
301 1928 341 1992 qni
351 1932 386 1979 est
399 1928 477 1992 gratia
489 1927 633 1990 consecuti03
645 1927 684 1978 aed
699 1932 752 1978 suut
765 1927 841 1992 dispo-

57 1992 134 2048 a'tiones
154 2000 260 2063 quadam
277 1999 305 2049 ad
325 2003 478 2063 sacramenta,
496 2000 533 2049 uel
547 1999 683 2050 removendo
702 1999 841 2063 prohibens,

56 2063 101 2118 n'cnt
119 2083 180 2134 aqna
199 2071 321 2122 henedcta
339 2071 457 2122 ordinatur
469 2074 547 2122 contra
562 2068 654 2120 iusidias
671 2071 798 2121 damonum
817 2074 841 2121 et

55 2141 120 2190 unua
136 2146 229 2205 peecata
244 2141 359 2204 venialia,
373 2143 411 2193 ret
426 2142 494 2193 etiam
513 2141 658 2192 idoneitatem
675 2142 794 2204 quamdam
807 2141 842 2190 ta-

56 2205 122 2262 tiendo
131 2215 160 2264 ad
168 2212 306 2263 sacramenti
317 2214 479 2278 perfectionem
491 2217 514 2264 et
525 2211 702 2277 perceptionem,
718 2212 776 2262 sicut
788 2225 841 2263 con·

56 2287 158 2333 meantia
169 2284 240 2334 altare
251 2289 276 2335 et
288 2297 344 2335 vasa
354 2289 446 2350 propter
457 2284 609 2335 reuerentiam
623 2283 778 2334 eucharistia.

78 2354 108 2404 ld
121 2355 247 2420 septimum
260 2356 395 2419 dicendum,
409 2355 470 2420 qudd
489 2354 614 2406 oblationes
632 2358 656 2404 et
670 2354 763 2406 decima
777 2359 843 2407 erant

55 2424 123 2475 unuin
135 2427 187 2490 lege
198 2430 285 2478 natura
299 2427 366 2490 quam
380 2428 404 2477 in
414 2429 464 2492 loge
478 2428 551 2492 lloysi
564 2426 689 2490 ordinata,
704 2440 750 2477 non
768 2427 841 2478 solium

56 2491 206 2547 dirmidium
218 2497 373 2548 ministrorum
388 2502 412 2550 et
420 2513 552 2564 pauperum,
564 2499 603 2548 sed
616 2497 685 2548 etiam
699 2497 724 2546 in
736 2499 841 2562 figuram3

47 2568 74 2612 'tt
88 2567 137 2620 idco
157 2574 223 2620 erant
244 2574 394 2621 monomenta.
411 2573 477 2621 Nune
494 2573 631 2620 autemnon
650 2573 807 2620 remanserunt
821 2571 847 2620 in

21 2680 23 2699 ,
57 2643 151 2697 uantum
168 2646 224 2692 srrnt
236 2641 354 2706 figuratim
373 2645 397 2692 et
408 2643 461 2693 ideo
475 2655 522 2693 non
535 2643 588 2692 suat
599 2643 747 2691 sacramenta.

79 2713 108 2763 ld
117 2716 225 2764 morunt
238 2714 374 2775 dicendum,
385 2713 446 2778 quod
459 2717 487 2766 ad
501 2714 636 2764 deletionem
650 2712 746 2763 uenalis
759 2713 847 2777 peccati

57 2794 93 2834 uon
109 2786 232 2851 manintar
244 2785 333 2836 inlusio
345 2786 431 2849 gratia.
451 2786 530 2848 Unde,
548 2785 598 2836 cim
612 2785 636 2834 in
652 2784 753 2849 quolihet
766 2797 845 2835 sacra-

55 2860 119 2907 mento
143 2871 210 2908 nova
231 2857 291 2920 legis
311 2856 383 2920 gratia
400 2857 548 2918 intrudatur,
570 2855 658 2905 nullum
678 2859 844 2905 sacramentum

21 2938 22 2973 t
55 2938 108 2980 rora
116 2929 180 2994 legis
190 2928 321 2980 instituitur
332 2928 418 2982 directi
429 2933 507 2980 contra
520 2927 619 2988 reniale,
630 2929 691 2988 quod
703 2926 790 2975 tollitur
803 2937 844 2988 per

54 3002 144 3061 uuadam
161 2998 350 3066 sacmmeutalia3
365 3000 436 3065 pult,
451 3014 493 3066 per
506 3011 588 3064 aquam
603 2995 748 3050 benedictam
767 2998 790 3046 et
803 2994 846 3044 alia

881 3071 952 3250 Ἰ
