1942 3284
108 171 157 219 272
266 233 268 246 Ι
296 178 356 218 raas
371 172 683 227 1u,ounsr.uxxv‚dur.
701 172 719 212 1.

338 389 505 461 QUAESTIO
524 388 647 454 LXXV.

140 535 177 581 Da
190 534 347 580 convencione
357 534 434 590 punis
446 534 468 578 et
479 531 537 576 uini
549 531 579 575 in
590 540 681 588 corpur
698 532 721 575 et
733 530 892 589 sanquinem

284 603 392 655 cerdati,
405 605 435 649 in
448 605 499 648 octo
513 601 635 648 arceretur
649 598 741 647 diuisa.

137 753 225 804 Deinde
245 751 433 803 considerandum
446 754 482 802 est
494 750 523 801 de
544 749 692 801 conversione
703 748 776 815 panis
791 752 819 802 et
832 748 883 800 uini
896 748 917 799 iu

108 835 192 887 corpus
207 826 231 873 et
248 823 382 886 sanguinem
395 822 489 873 Christi.

139 896 170 946 iit
183 894 242 945 circa
254 896 299 945 hoc
312 899 443 958 queruntur
458 898 509 945 octo
527 896 572 944 :1⁰
587 892 668 945 Utrirm
679 892 704 943 in
718 894 765 945 hoe
777 894 919 944 sacramento

106 966 138 1017 sit
157 978 240 1029 corpus
257 966 343 1016 Christi
357 965 481 1017 secundirm
495 966 628 1028 veritatem,
646 978 675 1015 an
696 964 774 1017 solium
791 962 918 1015 secuudim

107 1036 219 1101 figuram,
234 1038 273 1088 vel
286 1037 344 1088 sicut
362 1038 386 1087 iu
408 1036 482 1102 siguo.
498 1036 653 1087 nuntronio
666 1038 711 1087 hoc
722 1038 877 1086 sacramento
889 1044 920 1082 re·

106 1113 199 1159 maneat
210 1110 336 1160 substantia
347 1108 413 1173 panis
422 1113 447 1161 et
456 1108 505 1158 viui
517 1113 570 1173 post
580 1108 789 1160 consecrationem.
802 1112 831 1157 3⁰
842 1104 918 1155 Utrdm

107 1180 235 1230 musantia
245 1180 312 1244 panis
324 1181 362 1231 vet
372 1180 421 1229 vini
431 1184 484 1244 post
495 1180 686 1231 consecrationem
697 1178 768 1242 hujus
780 1171 919 1229 sacramenti

107 1250 255 1312 annihiletur,
271 1254 310 1301 aut
328 1252 352 1300 in
369 1251 490 1315 pristinam
508 1251 627 1303 materiam
643 1250 778 1301 resolvatur.
800 1254 829 1301 4⁰
844 1246 920 1299 Utrduu

107 1321 175 1386 panis
189 1323 263 1386 possit
278 1322 381 1372 converti
394 1323 419 1371 in
432 1336 516 1387 corpus
533 1322 627 1373 Christi.
646 1326 673 1371 5⁰
685 1321 764 1371 Utrdm
777 1322 806 1372 in
829 1322 875 1371 hoc
887 1328 918 1368 sa·

107 1396 238 1455 eramento,
249 1395 302 1457 post
317 1395 505 1457 conversionem,
517 1396 650 1445 remaneant
664 1392 795 1443 accidentia
811 1390 881 1457 panis
897 1388 918 1438 et

106 1461 164 1513 uini.
179 1468 206 1512 6⁰
225 1464 320 1528 Utrum,
331 1464 392 1515 iacta
409 1464 589 1526 consecratione,
605 1467 722 1514 remaneat
733 1463 759 1513 iu
774 1466 824 1515 hoe
841 1472 918 1513 sacra·

106 1536 184 1584 mento
196 1535 269 1586 forma
284 1534 440 1586 substantiatis
455 1535 531 1600 panis.
548 1541 574 1585 7⁰
587 1534 668 1587 Uirium
682 1535 726 1585 ista
738 1534 867 1586 conversio
880 1528 915 1580 dut

106 1602 130 1653 iu
144 1604 248 1657 instanti.
268 1610 296 1656 80
312 1606 393 1657 Utrum
413 1608 464 1658 hnc
480 1607 512 1658 sit
531 1608 590 1658 falsa
608 1621 641 1657 z«
656 1606 691 1656 Er
706 1620 767 1671 pane
786 1606 814 1657 nt
836 1611 914 1667 corpus

106 1675 201 1729 Christi.
214 1693 229 1727 r

412 1784 572 1836 ARTICULUS
587 1784 607 1835 i.

152 1907 239 1953 Utrum
247 1908 274 1953 in
282 1907 324 1952 hoc
339 1910 534 2017 sacramentorium
543 1920 629 1967 corpus
639 1908 729 1955 Christi
743 1909 877 1955 secundnm

445 1984 496 2017 verr
509 1986 524 2017 a
535 1984 580 2017 em.

138 2095 173 2145 nd
187 2096 286 2161 primunr
304 2096 338 2147 sic
349 2098 479 2162 proceditur
488 2098 531 2165 (t).
547 2098 642 2149 Videtur
656 2098 717 2163 qudd
737 2098 763 2148 in
774 2099 821 2149 hoc
840 2106 908 2148 saura·
947 2090 948 2135 1

107 2169 186 2217 mento
202 2167 291 2217 nonsit
307 2181 388 2232 corpus
401 2169 488 2219 Christi
497 2168 622 2221 secundium
634 2169 769 2231 ueritatem,
786 2172 827 2220 sed
841 2164 909 2219 sotim
947 2166 948 2229 i

105 2237 231 2287 secundnm
246 2239 357 2302 diguam,
369 2242 408 2291 uel
422 2241 481 2291 sieut
493 2241 517 2290 iu
533 2240 606 2303 signu.
615 2240 769 2291 diciturenim
783 2234 908 2297 donn-‚We
947 2280 948 2301 r

106 2306 177 2369 quod,
192 2308 244 2358 cim
259 2311 368 2361 Dominus
385 2312 482 2363 dixisset
496 2327 501 2361 :
516 2328 529 2360 u
546 2311 597 2362 Nisi
610 2310 806 2363 manducaveritis
822 2316 907 2361 caruem

106 2374 161 2427 Filii
174 2379 289 2443 hominis,
303 2384 327 2432 et
346 2381 447 2433 biberitis
464 2383 516 2446 ejus
533 2382 683 2447 sangninem,
702 2398 716 2429 n
731 2385 788 2444 ete,
803 2380 870 2433 multi
881 2388 907 2427 ex

105 2448 226 2514 discipulis
237 2452 288 2515 ejus
301 2453 422 2505 audientes
443 2454 548 2505 dixerunt
564 2469 570 2503 ι
583 2471 598 2503 n
610 2456 683 2505 Durus
699 2458 733 2505 est
746 2454 786 2504 hic
801 2460 904 2504 sermo.»
947 2492 948 2497 ,

106 2519 194 2578 Quibus
216 2522 265 2586 ipse
285 2522 343 2574 diruit
360 2541 365 2574 :
382 2542 396 2573 n
413 2526 512 2589 Spiritus
536 2528 572 2575 est
595 2526 635 2589 qui
656 2526 769 2588 vivificat,
791 2537 845 2575 caro
866 2528 905 2571 nott

106 2592 200 2655 prodest
215 2594 380 2661 quicquam3n
400 2597 466 2661 quasi
488 2597 586 2661 diceret,
604 2596 730 2649 secundnm
745 2596 906 2661 expositionem

141 2697 176 2763 (1)
191 2704 225 2748 De
241 2704 356 2751 hisetiam
369 2706 448 2764 supra,
459 2719 501 2765 qu.
513 2706 554 2765 65,
570 2712 613 2754 art.
627 2707 651 2762 1,
664 2708 688 2752 iu
706 2718 786 2763 corp.;
803 2710 827 2750 et
841 2698 903 2753 miri·

108 2764 200 2820 (11176,
212 2778 254 2824 per
267 2773 357 2821 totum;
374 2774 398 2814 et
411 2772 454 2828 IV,
465 2771 544 2821 Seni„
562 2770 615 2816 dist.
634 2768 673 2828 10,
688 2782 729 2825 qu.
746 2768 770 2823 1,
785 2772 830 2813 art.
843 2766 870 2819 1,
884 2762 904 2805 22

107 2824 162 2872 dist.
183 2827 227 2882 rr;
244 2834 268 2874 ee
288 2830 378 2875 canera
400 2831 481 2882 uene,
499 2833 543 2879 tn.
563 2835 605 2893 nv,
622 2844 675 2889 cap.
695 2830 724 2877 or
745 2836 769 2875 eu
790 2829 836 2885 ose
851 2831 874 2875 n
883 2824 902 2869 1·

109 2888 178 2940 cor„
192 2892 224 2936 xl
232 2922 239 2950 ,
257 2893 312 2940 ieet.
322 2892 346 2953 5,
361 2892 407 2938 coi.
418 2894 434 2937 2
447 2900 471 2941 et
483 2892 508 2939 t.

70 3145 147 3177 Δ

34 3219 173 3245 Δ.-
