1942 3284
248 257 279 295 un
294 257 450 294 sacaannrrro
467 258 641 295 remunerare.
800 251 843 296 tet

74 332 212 397 despondeo
222 331 341 383 dicendum
350 371 357 394 ,
367 335 426 396 quad
440 334 502 382 eirea
513 334 670 396 paenitentiam
683 334 773 396 quddam
784 347 843 383 erra·

44 407 143 465 uerunt,
157 404 260 454 dicentes
268 417 314 454 non
323 417 389 468 posse
398 405 514 454 hominem
524 417 565 468 per
573 405 730 467 paenitentiam
741 404 841 454 secondo

45 473 155 538 consequi
165 475 257 524 ueniam
271 479 423 540 peecatorum.
437 477 536 534 Quorum
550 475 642 539 quidam
654 475 755 539 (scilicet
767 477 841 524 Nora·

44 544 121 608 tiani)
136 546 181 596 hoo
199 545 224 594 in
238 549 327 594 tantum
343 547 505 614 extenderunt,
520 550 546 595 ut
558 547 660 597 dicerent
677 551 731 608 post
746 546 842 608 prinam

42 615 203 678 paenitentiam
222 629 273 678 quaa
295 617 368 679 agitur
379 617 404 665 in
422 617 549 680 baptismo,
563 620 696 679 peccantem
711 628 756 664 nou
774 625 843 677 posse
942 604 948 619 ’

42 699 84 750 per
98 685 257 750 paenitentiam
266 687 346 737 iterato
357 688 453 736 restitui.
464 688 508 737 rtt'ri
520 687 575 737 read
588 687 680 736 fueruat
692 687 803 750 haeretiei,
817 693 843 736 ut

43 757 185 820 Augustinus
196 757 252 806 dieit
263 757 286 805 in
298 757 338 806 lib.
352 759 388 806 De
397 759 547 807 Paenitentia
556 756 620 821 (veri
627 761 651 808 et
662 755 726 817 taisi,
737 769 791 820 eap.
805 760 841 820 a),

42 828 84 892 qui
105 829 160 891 post
175 827 313 890 baptismum
333 828 437 878 dicebant
454 829 546 890 quidem
563 840 614 878 esse
635 827 715 877 utitem
729 829 842 890 poeniterr·

42 899 116 959 tiam,
128 909 175 948 non
188 899 264 946 tamen
277 898 378 962 pluries,
393 899 433 948 sed
446 899 518 948 semel
529 902 626 948 tautum.

73 969 189 1020 Videntur
207 972 281 1019 autem
297 969 426 1033 hujusmodi
447 981 536 1022 errores
548 981 577 1020 ex
595 969 683 1020 duobus
696 971 842 1032 processisse.

43 1039 125 1091 Primo
136 1038 228 1104 quidem
238 1052 267 1088 en
278 1052 306 1090 eo
317 1041 376 1103 quod
387 1040 492 1092 errabant
504 1040 563 1090 eirca
574 1039 684 1090 rationem
698 1051 758 1090 uera
767 1043 840 1104 poni-

41 1111 133 1163 tentia.
147 1109 206 1161 Cim
225 1110 286 1160 enim
301 1111 328 1160 ad
346 1124 422 1161 reram
435 1112 591 1176 paenitentiam
609 1111 707 1160 charitas
719 1112 845 1173 reaprirator

43 1185 106 1248 (sine
116 1192 215 1246 quanm
228 1181 451 1246 detenturpeccata)‚
461 1181 758 1244 credebantquodetmritas
774 1185 844 1232 semet

42 1253 123 1305 habita
140 1263 187 1301 uon
204 1251 277 1315 possit
286 1251 371 1315 amitti,
387 1257 411 1303 et
423 1265 464 1318 per
478 1265 622 1317 consequens
637 1252 772 1317 punitentia
782 1253 802 1302 si
814 1253 845 1303 sit

42 1337 113 1386 vera,
128 1335 243 1385 nunquam
257 1335 298 1387 per
311 1329 427 1386 peceatum
439 1325 537 1385 tollatur,
546 1330 573 1372 ut
587 1323 621 1373 sie
637 1324 666 1372 sit
681 1335 776 1373 neeesse
793 1337 844 1373 eam

42 1395 135 1448 iterari.
150 1395 194 1444 Sed
206 1395 249 1444 noc
261 1394 412 1457 irnpmhatum
426 1398 459 1444 est
470 1397 496 1444 in
508 1397 526 1444 tt
537 1398 601 1459 parte
616 1396 666 1457 (seu
674 1400 699 1455 2,
714 1399 737 1456 e,
751 1409 790 1459 qu.
800 1397 842 1453 at,

44 1471 88 1516 art.
113 1463 436 1526 reponderationem,
459 1466 519 1528 quod
542 1465 640 1514 charitas
664 1467 736 1515 semet
765 1465 842 1516 habim

45 1537 152 1602 (propter
164 1535 290 1585 libertatem
304 1535 409 1599 arbitrii)
423 1539 499 1599 potest
511 1536 597 1597 amittis,
612 1540 636 1584 et
646 1546 688 1598 per
701 1547 843 1598 meseonem

45 1612 187 1674 postrorum
201 1605 354 1670 poeniteutiam
368 1611 444 1670 potest
457 1607 538 1670 aliquis
549 1619 642 1670 peceare
656 1606 788 1656 mortaliter.
802 1607 844 1656 Se-

45 1679 179 1741 cundo,e1
191 1690 219 1728 eo
228 1677 287 1742 quod
295 1678 399 1728 errabant
411 1679 470 1728 eirea
481 1679 656 1729 estimationem
665 1677 782 1741 grauitatis
791 1691 845 1742 pee-

46 1751 92 1802 cati
109 1766 116 1799 :
131 1749 241 1814 putabant
254 1749 314 1798 enirn
328 1749 383 1800 adeo
400 1762 468 1812 graue
482 1763 533 1800 esse
552 1753 670 1812 peecatum
687 1749 746 1813 quod
765 1749 845 1813 atiquis

46 1821 172 1874 committit
180 1823 232 1883 post
239 1819 327 1869 reniam
336 1821 556 1884 impetratam‚quod
564 1833 610 1871 nou
617 1819 648 1870 sit
655 1819 761 1884 possibile
768 1819 843 1882 ipsum

46 1891 146 1944 remitti.
162 1892 187 1941 tn
204 1891 353 1952 quoquinam
374 1893 490 1952 emebant,
504 1896 528 1941 et
547 1904 576 1942 ex
591 1894 653 1954 parte
665 1889 754 1954 peceati
767 1891 843 1953 (qarod

47 1963 122 2015 etiam
135 1965 189 2026 post
204 1960 357 2011 remissionem
371 1967 513 2013 consecutam
529 1966 665 2026 potestesse
679 1966 702 2011 et
717 1960 807 2024 grauius
822 1967 846 2008 at

47 2034 141 2095 leuius,
156 2043 222 2095 quam
244 2032 313 2080 fuedt
330 2033 428 2094 primurn
442 2039 560 2096 peceatum
578 2033 715 2093 remissum)
729 2035 753 2082 et
774 2032 845 2082 mutto

45 2105 124 2168 magis
145 2105 226 2153 eontra
242 2103 375 2152 intinitatem
395 2103 476 2154 divine
494 2104 668 2164 misericordie,
683 2117 733 2166 qua
754 2107 846 2167 superat

46 2187 142 2226 omnem
159 2185 280 2223 numerum
300 2178 324 2221 et
344 2173 521 2235 magnitudinem
545 2175 844 2238 peceatorom,seeundt1m

46 2247 105 2296 iitud
125 2244 222 2294 Pautm.
237 2245 274 2294 t:
295 2244 428 2294 oidiserere
446 2246 491 2295 mei
508 2248 584 2308 Deos,
599 2247 721 2295 seeundum
742 2260 845 2310 magnam

46 2311 227 2366 misericordiam
240 2319 316 2376 tuam;
327 2318 351 2363 et
364 2314 487 2364 seeundum
500 2316 665 2366 multitudinem
673 2316 845 2369 miserationum

47 2395 140 2436 tuarum
157 2385 208 2434 dele
219 2383 364 2448 iniquitatem
384 2397 497 2435 meam.»
518 2386 583 2437 Unde
602 2387 735 2450 reprobatur
752 2388 846 2439 uerbum

46 2458 115 2518 cain,
129 2453 227 2506 dicentis
241 2455 337 2511 Genea,
348 2456 378 2504 tv
396 2470 402 2504 :
419 2471 433 2503 a
443 2457 514 2520 ttajor
529 2462 565 2507 est
576 2456 685 2520 iniquitas
698 2470 764 2520 mea,
775 2471 844 2521 qoam

46 2532 72 2577 ut
88 2525 181 2576 ueniam
193 2537 312 2576 merear.»
324 2527 352 2575 Et
362 2526 415 2576 ideo
429 2527 581 2578 misericordia
592 2528 631 2578 Dei
643 2529 790 2590 peccantibus
802 2539 845 2590 per
872 2567 910 2598 Ψ

46 2595 209 2661 paenitentiam
222 2596 313 2644 ueniam
325 2597 505 2660 praestansque
517 2599 565 2648 utto
573 2599 677 2649 termino.
688 2600 753 2648 Unde
763 2599 844 2648 dieitur

49 2670 70 2716 lt
82 2665 228 2730 Penelopa,
239 2667 283 2715 uit.
295 2665 334 2725 (in
347 2671 404 2716 orat.
419 2669 537 2729 Manasse)
554 2681 560 2714 :
577 2683 591 2714 a
605 2669 718 2718 immensa
732 2673 754 2717 et
766 2669 845 2716 inres-

48 2738 148 2802 tigabitis
166 2737 318 2786 misericordia
332 2737 487 2800 promissionis
501 2743 545 2789 tue
565 2751 633 2801 super
648 2739 755 2788 maiitiam
769 2737 845 2788 homi·

50 2823 116 2860 num.
130 2824 145 2856 a
161 2809 227 2857 Unde
242 2807 384 2856 marriiestum
398 2813 434 2858 est
447 2809 508 2871 quod
519 2809 649 2872 penitentia
662 2810 748 2872 ptrua'es
757 2812 793 2858 est
802 2805 848 2856 ite·

49 2881 137 2931 rabilis.

84 2951 119 3000 dd
131 2948 233 3012 primum
251 2959 304 3007 ergo
320 2947 451 3006 dicendum,
466 2946 526 3011 qrrdd
539 2948 594 3010 qnia
607 2948 666 3011 apud
677 2947 766 2998 tidem
780 2952 848 2996 erant
