1942 3284
295 121 326 158 ou
340 119 495 159 suerruuuuo
509 119 678 158 rumorosorum.
840 109 883 156 tut

63 211 78 242 a
90 193 168 255 Quod
182 193 281 258 habeo,
294 195 338 246 hoo
351 193 394 246 tim
405 195 433 246 do
445 210 452 244 ι
466 194 592 246 innomine
605 195 660 246 lesu
673 193 759 246 Christi
770 194 880 248 Noumeni

61 279 137 329 surge
150 268 180 317 et
192 265 323 318 ambula.»

96 335 138 387 dd
149 335 270 400 quintum
278 335 405 400 dicendum,
413 334 472 398 quod
483 335 527 386 istu
534 336 647 400 expositio
658 335 727 401 :Epo
737 340 761 388 te
770 337 877 396 olooluo,

63 406 154 468 idest,
171 405 327 458 absolutum
340 407 457 467 ostendo,
471 411 580 472 quantun
594 409 623 459 ad
631 408 716 471 olipuid
723 408 814 472 quidem
826 421 879 460 rem

62 479 112 540 est,
124 490 180 530 non
189 481 275 529 tamen
288 480 324 530 est
333 477 441 542 periente.
452 477 597 530 Sacramenta
606 479 668 530 enim
682 492 746 530 nove
760 479 819 543 tegis
834 490 879 530 non

65 546 149 598 solium
169 547 323 612 significent,
337 549 377 600 sed
398 549 468 600 elium
481 547 566 600 iaciunt
581 549 640 613 quod
659 549 786 612 significant
800 565 806 598 :
818 551 879 600 undo

64 619 132 672 siout
149 621 268 672 sacerdos
278 619 412 684 baptizando
425 619 532 684 aliquem,
546 620 646 672 ostendit
658 621 771 670 hominem
784 620 880 673 interitus

65 690 181 742 obtutum
203 703 249 755 per
261 690 329 742 verbe
341 695 365 742 et
382 691 458 754 lueto,
470 694 495 740 et
507 703 553 742 uon
572 690 646 742 sotium
658 691 809 753 signillatim
816 727 826 754 ,
839 694 880 742 sed

66 761 142 812 etiam
157 759 285 821 effectivi,
296 760 327 811 ild
340 761 409 812 etiem
423 759 473 812 edm
481 760 553 812 dicit:
568 762 622 826 Epo
632 764 656 810 te
664 761 771 817 absolvo,
781 761 881 813 ostendit

66 833 200 883 homimem
215 832 343 884 absolutum
355 844 400 883 nou
415 831 489 882 sotim
505 831 661 894 significative,
671 833 710 883 sed
724 832 793 883 etium
807 832 882 882 etieo·

68 904 132 958 liud.
151 906 210 958 Neo
223 909 301 958 tomen
315 905 413 970 loquitur
425 906 492 970 quasi
503 907 533 956 de
548 919 574 958 re
586 906 686 968 inoertu,
701 904 755 968 quio
767 906 825 956 siout
838 907 881 956 ntia

70 980 229 1028 sacramenta
242 987 307 1028 nora
322 975 379 1038 legis
398 976 483 1028 hubent
496 977 524 1029 de
533 989 560 1027 se
572 979 657 1028 eertum
674 975 779 1026 effectum
792 989 822 1026 er
834 977 882 1027 rin·

69 1049 124 1098 tuto
139 1046 265 1110 passionis
278 1046 363 1096 Christi
377 1045 448 1110 (licit
461 1046 533 1111 possit
542 1045 646 1111 impediri
660 1059 689 1096 er
701 1051 764 1109 parto
772 1048 882 1110 recipien-

73 1116 135 1180 tis),
150 1116 188 1168 ita
204 1117 274 1168 etiam
291 1117 316 1168 iu
333 1119 376 1168 hoo
386 1122 542 1179 moramento3
559 1117 620 1168 unde
638 1116 774 1180 Augustinus
791 1118 846 1168 dioil
859 1118 882 1167 in

74 1185 118 1236 liin.
131 1187 175 1238 De
189 1187 350 1238 adulterinis
363 1189 486 1252 coujupiis
501 1188 560 1246 (lib.
576 1188 612 1243 ll,
627 1200 677 1251 erp.
688 1186 719 1249 9)
736 1203 742 1236 ι
759 1204 774 1236 a
784 1189 833 1239 Non
848 1195 883 1240 est

74 1259 155 1322 turpis
173 1272 221 1312 neo
238 1258 343 1310 dificilis.
353 1263 405 1322 posi
417 1262 506 1322 patrate
518 1262 543 1309 ei
555 1263 650 1323 purgata
660 1259 769 1311 udmteria
780 1260 883 1310 reconoi-

77 1327 145 1383 llttio
167 1328 289 1393 conjugii,
303 1329 341 1380 uhi
354 1342 395 1393 per
411 1329 486 1380 olores
502 1330 568 1392 regni
585 1330 692 1380 emiorum
707 1342 754 1380 non
770 1329 884 1380 dubitetur

77 1397 132 1450 deri
148 1399 262 1451 remissio
273 1402 425 1464 pomulorum.
440 1414 454 1447 u
470 1399 533 1450 llude
546 1412 589 1450 neo
602 1400 706 1452 sacerdos
723 1399 809 1463 indiget
826 1413 884 1464 spe·

78 1468 134 1520 oinli
142 1469 290 1522 revelatione
300 1468 344 1520 sibi
354 1467 474 1530 salmasio
484 1469 569 1521 suitioit
578 1469 690 1533 generalis
700 1471 809 1522 revolutio
820 1471 882 1533 tidei,

80 1551 124 1602 per
143 1552 220 1604 quem
241 1539 386 1592 remittuntur
401 1543 513 1604 peooatrp
527 1541 587 1590 unde
601 1539 709 1591 revelatio
729 1539 783 1592 tidei
801 1541 883 1592 dicitur

81 1610 153 1662 Petro
173 1611 238 1664 tacta
254 1611 334 1664 tuisse.
348 1612 416 1663 Esset
427 1614 504 1662 autem
518 1610 639 1673 perfectior
647 1609 774 1675 expositio:
789 1611 845 1676 Epo
856 1615 882 1661 et

82 1681 202 1742 absoluo,
216 1683 240 1733 id
251 1687 299 1745 est,
313 1685 500 1736 sacramentum
513 1681 679 1732 absolutionis
692 1681 742 1732 tidr‘
756 1683 882 1745 impendo.

381 1860 543 1912 audicimus
557 1860 595 1911 tv,

128 1992 219 2038 Utrum
228 1989 345 2046 impositio
358 1999 475 2034 manuum
483 1988 611 2033 sucerdotis
621 1989 761 2041 requiratur
770 1989 801 2032 orl
809 1989 851 2032 tuoe

398 2053 581 2098 recrementum.

121 2188 155 2238 nd
164 2189 270 2252 mortum
283 2181 317 2233 sio
326 2180 463 2246 proceditur.
476 2179 569 2231 Videtur
577 2178 637 2243 quid
649 2180 763 2243 impositio
775 2193 882 2234 munuum

90 2256 216 2310 sucerdotis
224 2252 347 2318 requiretur
354 2252 382 2302 ud
390 2251 433 2300 hoo
445 2253 619 2301 sacramentum.
627 2249 783 2302 diciturenim
792 2253 883 2312 Mare„

90 2327 149 2378 ult:
164 2327 339 2388 «Supermgros
348 2332 427 2370 munus
436 2319 561 2384 imponent,
571 2319 883 2384 etmneinueduntumgd

90 2402 168 2449 autem
184 2391 333 2461 spiritualiter
346 2395 398 2441 suunt
411 2394 555 2454 peccatores,
566 2389 606 2452 qui
617 2388 730 2454 recipiunt
739 2391 822 2442 beroam
838 2393 884 2441 lra-

92 2467 216 2520 hitudiuem
234 2477 275 2529 per
290 2465 334 2513 troo
348 2464 522 2512 sacromentum.
537 2461 597 2524 Ergo
609 2461 635 2510 in
645 2462 689 2512 tuoe
698 2465 883 2514 manmentoesl

94 2539 175 2590 munds
187 2534 302 2600 impositio
313 2532 423 2583 socienda.

122 2613 146 2658 2.
162 2610 290 2666 munerea,
315 2603 339 2652 in
359 2607 499 2654 sacramento
517 2600 657 2666 poeuiteutiae
675 2605 795 2662 recuperat
815 2601 883 2650 homo
948 2660 949 2663 Ἴ

94 2677 201 2740 Spiritum
214 2677 317 2726 sonetum
331 2673 455 2736 amissum3
471 2674 532 2723 unde
544 2685 574 2722 ex
585 2683 682 2734 persona
697 2671 831 2734 poenitentis
846 2670 882 2720 di-

94 2749 151 2798 eitur
161 2748 188 2798 iu
200 2744 306 2796 motu:
323 2760 337 2789 u
348 2743 426 2794 Redde
436 2743 493 2794 mihi
503 2741 604 2793 letitiam
615 2741 719 2792 salutaris
732 2741 781 2802 tui,
799 2739 883 2802 etSpi-
948 2762 949 2787 i

96 2817 138 2872 ritu
151 2814 272 2886 priuotprti
285 2813 390 2867 contr-uu
402 2827 446 2864 mo.
465 2830 478 2862 u
495 2814 539 2864 Sed
553 2812 651 2877 Spiritus
661 2815 752 2866 muetos
766 2811 831 2862 detur
842 2823 883 2873 per
948 2822 949 2891 ᾗ
