1942 3284
111 168 159 217 636
271 176 471 221 serutaremur,
488 176 580 219 oussr.
597 176 638 221 rx,
654 176 715 212 aar.
737 178 758 212 ι.

112 256 139 303 ³·
156 248 234 301 Utrum
248 250 319 314 possit
333 248 414 312 aliquis
427 262 469 313 per
478 250 557 309 alium,
569 249 605 299 rel
620 250 804 315 perscriptum
816 253 936 305 miliari.

112 322 139 370 t·
149 319 227 371 tttrirnr
240 320 284 370 itte
301 320 458 383 conditiones,
473 332 524 383 qua
544 319 558 369 l
571 321 689 383 magistris
710 321 936 387 assignatumque

111 390 275 441 contessionem
292 389 442 453 requirantur.

406 567 563 618 atticotos
575 568 595 616 l.

271 694 355 739 Utrum
363 694 477 745 corrfessio
484 693 557 749 masii
566 706 616 737 esse
623 694 748 749 injormr‘a.

139 826 173 877 tld
182 824 280 891 primunr
289 824 323 875 sic
330 824 465 888 proceditur.
474 824 567 873 Videtur
576 822 638 886 quoti
646 824 771 876 confessio
783 840 840 878 non
855 833 932 893 possit

108 908 160 949 esse
172 894 283 947 informis.
295 894 381 945 Dicitur
393 894 456 945 enim
468 892 558 952 Ereti„
573 893 634 943 llVll
645 909 652 943 r
665 910 680 942 u
692 896 845 960 emortuo,
860 902 929 963 quau
965 949 966 954 ,

110 966 174 1029 nihil,
190 966 251 1031 perit
265 963 410 1017 confessio.»
424 963 515 1014 Sedille
524 962 565 1026 qni
575 975 622 1013 non
634 964 705 1024 habet
716 968 886 1031 charitatem,
897 978 929 1020 est

110 1043 226 1100 mortuus,
236 1036 288 1100 quia
301 1036 352 1100 ipsa
366 1039 402 1087 est
410 1033 492 1085 animas
503 1033 558 1083 rita.
571 1034 630 1097 Ergo
641 1035 728 1099 absque
741 1038 875 1090 charitm
885 1055 930 1090 nou

109 1112 185 1173 potest
197 1120 249 1159 esse
262 1106 384 1158 confessio.

140 1183 165 1227 a.
182 1180 301 1236 Praeterea,
312 1175 423 1227 confessio
437 1174 544 1225 dividitur
556 1178 635 1225 eontra
650 1175 830 1229 contritionem
844 1185 875 1231 et
893 1195 930 1231 sa·

108 1250 270 1301 tisiactionern.
291 1248 337 1300 Sed
355 1247 462 1299 contritio
482 1251 507 1297 et
530 1245 654 1298 satisfactio
674 1248 802 1310 nunquim
825 1258 929 1315 possum

109 1326 171 1373 extra
187 1318 320 1370 charitatem
332 1317 391 1368 lieri.
402 1318 461 1381 llrgo
476 1329 519 1367 uec
533 1314 657 1367 milesio.

141 1396 164 1441 a.
176 1392 302 1450 preterea,
313 1388 338 1440 in
347 1388 489 1441 wniesione
499 1390 588 1451 oportet
596 1385 657 1450 quot
665 1399 692 1437 os
700 1388 768 1438 cordi
779 1392 926 1453 concorda,

108 1461 161 1527 quia
185 1462 229 1512 troc
246 1459 324 1524 ipsum
346 1471 430 1511 nomen
450 1456 600 1508 contessoris
619 1456 721 1519 requirit
744 1459 796 1509 Sed
817 1460 863 1513 illa
885 1464 925 1525 qui

109 1528 182 1582 attio
201 1531 278 1581 manet
290 1528 316 1578 in
328 1529 408 1579 allecto
424 1524 526 1591 peceati,
541 1524 562 1576 si
578 1524 708 1588 muitetur,
718 1540 770 1578 non
788 1529 873 1581 hats
886 1545 925 1583 eor

108 1602 143 1652 ori
155 1601 285 1663 ronlorno,
297 1598 351 1663 quia
364 1597 430 1649 corle
442 1600 561 1660 peceatum
570 1598 634 1645 tenet
641 1630 651 1658 ,
667 1594 729 1659 quod
743 1608 787 1648 ore
808 1600 921 1653 &mma

108 1670 168 1735 Ergo
177 1671 229 1721 tatis
242 1686 289 1725 non
301 1668 429 1721 conlitetur.

139 1743 183 1794 Sed
202 1746 294 1803 contra,
307 1738 403 1805 quilibet
420 1741 511 1789 tenatru
528 1738 556 1788 ad
577 1735 748 1787 contessionem
764 1741 918 1793 mortalium.

110 1812 156 1863 Sed
169 1813 191 1863 si
200 1813 282 1876 aliquis
292 1811 362 1863 semel
374 1808 492 1860 contusus
505 1811 557 1869 est,
571 1806 641 1856 etiam
651 1804 676 1855 in
689 1806 783 1857 mortali
798 1811 920 1871 exissem,

109 1895 156 1933 non
166 1887 256 1933 tenetur
268 1880 364 1932 utteritrs
372 1880 400 1930 ad
410 1877 561 1930 confitendum
574 1878 654 1928 eadm
668 1880 777 1940 peecata,
789 1880 852 1943 quia
863 1880 920 1933 aim

109 1950 184 2001 nullus
194 1950 251 2000 sciat
269 1964 295 2001 se
307 1947 440 1999 charitatem
455 1946 553 2007 halem
564 1945 641 1995 nullus
651 1944 721 1995 sciret
732 1958 760 1997 ss
772 1949 918 2001 contessum

109 2019 189 2071 luisse.
203 2020 261 2082 Ergo
283 2030 330 2070 non
344 2021 381 2068 est
399 2017 428 2068 de
451 2015 590 2068 necessitate
610 2015 778 2078 comessionis,
793 2019 864 2082 quod
886 2022 920 2071 sit

109 2089 219 2140 ciuitate
234 2090 339 2139 tornata.
968 2144 970 2149 .

141 2158 303 2223 (miscuero.
316 2154 492 2219 -coutessto,
508 2159 534 2206 ut
546 2158 582 2207 est
597 2168 650 2219 oars
667 2158 822 2219 sacrmenti,
836 2163 920 2224 potest
968 2174 970 2197 =

109 2228 272 2295 nomenquim
287 2229 312 2281 in
328 2240 356 2281 eo
372 2240 440 2289 esse,
453 2229 495 2292 qut
507 2240 554 2279 uon
570 2228 681 2278 wutritus
690 2232 714 2277 st
727 2229 778 2279 siue
796 2231 918 2282 charitate
968 2262 970 2269 ·

109 2302 159 2361 est;
170 2298 259 2351 utrert
272 2306 337 2351 actus
345 2296 435 2348 uirtrtis
444 2302 493 2359 ast,
502 2310 549 2349 nou
560 2300 637 2362 potest
649 2296 742 2362 propris
754 2298 847 2363 aisque
857 2302 917 2351 cha-
968 2308 970 2323 ²

108 2369 176 2420 unte
188 2368 214 2419 in
226 2368 303 2434 aliquo
312 2365 389 2431 essa.)
968 2380 970 2387 ·

140 2438 422 2503 lunilacunensium,
437 2436 499 2502 quisi
509 2435 622 2490 confessio
635 2441 671 2488 est
683 2441 747 2488 actus
764 2436 877 2503 virtutis,
891 2448 917 2492 et

109 2513 145 2561 est
159 2523 212 2575 pars
226 2510 374 2561 sacramenti:
388 2508 512 2559 secundini
522 2513 598 2559 autern
611 2507 671 2573 qood
683 2511 719 2559 ost
730 2511 796 2561 aetus
805 2510 916 2573 virtutis,

105 2586 147 2633 'est
160 2585 223 2633 actus
237 2581 365 2632 meritorius
383 2578 486 2645 propril3
501 2580 573 2631 etsie
591 2578 703 2631 eoulessio
716 2592 763 2630 nou
782 2579 849 2631 valet
860 2580 916 2632 sine

111 2653 235 2717 charitate,
248 2665 298 2716 que
314 2657 350 2703 est
366 2650 504 2715 principium
515 2651 626 2702 merendi.
647 2650 694 2701 Sed
705 2649 831 2701 soeundirm
850 2652 917 2715 quint

111 2727 212 2788 estpars
230 2720 379 2783 sacramenti,
394 2722 428 2772 sic
446 2722 535 2772 ordinat
554 2720 699 2773 wnlitentenr
715 2721 744 2771 acl
756 2721 915 2781 nterim,

112 2794 152 2855 qni
170 2794 238 2843 habet
249 2792 326 2842 clares
347 2790 466 2855 Ecclesia,
485 2791 526 2855 qni
543 2804 585 2856 per
598 2791 764 2842 contessionem
786 2791 914 2841 mosaico-

111 2864 167 2911 tiam
180 2862 311 2913 eontttentis
331 2862 461 2926 cognoscin
476 2868 500 2913 et
514 2862 636 2914 seeundim
649 2862 693 2914 hoe
707 2861 821 2913 routmto
832 2868 915 2926 potest
