1942 3284
119 251 149 286 nn
165 247 321 286 contremere
336 247 465 286 succurrunt
480 248 545 292 uuoe
560 249 603 286 esa
619 249 715 287 uterus.
773 237 820 286 tta

32 326 113 388 respicit
124 317 194 374 'timer
205 321 311 384 servilis,
325 321 391 386 qndnr
408 326 499 387 propter
516 323 557 373 ltei
569 319 681 374 edessem
697 325 734 374 rei
757 336 813 389 pec·

33 397 71 445 cati
80 394 254 459 turpitudinem,
265 393 326 458 quod
335 393 437 458 pertinet
447 394 476 444 ad
490 393 630 445 charitatem.

57 466 88 516 dd
97 467 222 516 secundum
234 463 367 525 dicendum,
378 463 439 527 qudd
450 464 474 513 in
485 476 556 526 regno
568 464 678 515 emiorum
689 467 813 531 apprepin-

32 540 121 598 puante,
135 534 272 598 intelligitur
285 535 394 584 adrentus
407 534 491 597 Regis,
505 547 551 584 nen
572 533 646 586 setim
660 538 813 601 prumiantis,

32 606 141 656 sedetiam
155 604 280 670 punientis.
297 605 361 655 Unde
380 607 403 655 et
415 607 519 660 dictate..
537 605 581 668 ΙΙΙ,
594 605 693 657 ioannes
712 607 814 672 Baptista

32 675 125 727 dicebat:
142 694 157 725 s
166 675 293 739 Progenies
302 675 446 740 viperarum,
460 674 512 738 quis
529 675 692 727 demonstrarit
701 678 767 729 robis
778 679 815 730 irr-

32 759 76 809 pere
88 747 209 798 tuenturn
220 746 270 796 irat
281 762 295 793 r

57 818 87 866 td
100 818 194 868 tertium
208 816 344 874 dicendum,
355 815 416 879 qued
426 816 476 880 ipsc
493 816 563 867 etiam
570 820 646 868 metue
658 817 748 870 timeris
760 831 814 884 pro·

31 887 83 936 cedit
93 900 121 936 ex
135 891 190 937 actu
202 886 244 936 Dei
254 885 409 952 convertentis
421 899 466 936 cer.
483 887 548 937 Unde
560 887 642 938 dicitur
654 891 767 947 Decten,
777 891 813 940 V:

33 957 101 1015 souis
115 958 154 1009 det
173 971 214 1009 ees
232 957 302 1008 talem
313 957 397 1008 hahere
415 961 528 1019 mentem,
541 963 568 1009 ut
578 958 674 1010 timeant
686 960 741 1012 med
757 977 772 1008 c
785 962 816 1012 tit

30 1027 74 1078 ideo
84 1042 122 1093 per
134 1031 180 1080 hcc
192 1027 253 1092 qudd
270 1028 403 1093 paenitentia
423 1028 529 1080 atimere
545 1029 660 1094 precedit,
674 1043 720 1081 nen
734 1031 815 1084 encta*

32 1099 84 1150 ditur
96 1101 152 1164 puin
166 1100 276 1164 precedat
286 1105 321 1150 'en
332 1102 385 1150 actu
400 1099 440 1150 itci
456 1100 612 1152 convertentis
621 1112 668 1152 cor.

233 1273 236 1278 ’
311 1277 469 1328 tumentes
484 1278 523 1328 Vl.

152 1422 154 1426 ·
173 1401 259 1446 utrem
267 1399 404 1480 punitentia
414 1401 445 1444 sit
452 1401 533 1457 pmma
541 1401 668 1449 rre'rtastatme

58 1526 88 1576 td
98 1529 188 1578 sextum
204 1524 237 1575 sic
250 1525 377 1586 proceditur
392 1523 437 1588 (t).
453 1525 547 1575 Videtur
560 1527 619 1588 qudd
633 1527 765 1591 penitentia
785 1530 816 1580 sit

32 1596 222 1657 primarirtutum.
238 1595 295 1655 Quia
308 1607 376 1659 super
385 1593 440 1644 ittud
455 1595 557 1654 diutile,
572 1597 603 1646 lit
616 1611 622 1646 :
634 1598 814 1650 «Paenitentiam

32 1665 98 1730 agite,
114 1683 129 1715 rr
146 1667 203 1718 dicit
218 1666 319 1716 Glossa:
336 1682 351 1713 e
363 1664 439 1714 Prima
451 1664 526 1714 virtus
543 1669 579 1716 est
596 1679 637 1729 per
657 1668 815 1731 penitentiam

32 1737 133 1800 perimere
145 1743 245 1788 ueterem
265 1735 379 1786 hominem
386 1772 396 1799 ,
409 1735 501 1786 et'ritia
514 1737 599 1787 edisse.
614 1753 629 1784 rr

59 1813 81 1860 t.
97 1812 223 1869 Praeterea,
237 1808 341 1858 recedere
357 1807 479 1858 determino
494 1808 558 1870 prins
575 1820 627 1859 esse
639 1807 727 1858 ridetur
747 1811 815 1874 ‹pudur

32 1880 129 1931 accedere
145 1881 174 1930 ad
192 1879 322 1929 terminum.
336 1878 381 1928 Sed
398 1891 477 1929 omnes
490 1878 541 1928 aliae
551 1877 647 1928 uirtutes
657 1879 770 1942 pertinere
780 1882 816 1930 ri-

33 1951 105 2001 dentur
120 1952 149 2002 ad
166 1961 284 2000 accessum
295 1949 323 1998 nd
336 1948 471 2010 terminum,
486 1948 539 2012 quia
556 1960 688 2011 perennes
701 1949 816 2000 ordinatur

31 2021 93 2072 treme
107 2023 135 2072 ad
147 2023 233 2072 bonum
242 2021 369 2082 agendum3
381 2019 513 2083 poenitentia
527 2023 601 2068 auteur
612 2018 700 2069 ridetur
715 2019 814 2071 ordinari

32 2093 57 2141 ad
79 2104 192 2143 recessum
212 2088 225 2140 d
245 2089 313 2141 male.
337 2091 396 2153 Ergo
415 2089 549 2154 poenitcutia
569 2089 659 2139 ridetur
681 2101 732 2141 esse
753 2092 815 2156 prior

32 2163 129 2213 omuibus
148 2161 200 2212 aliis
213 2160 342 2211 uirtrrt'rbus.

60 2237 81 2282 ³.
96 2235 218 2296 Preterea,
232 2237 285 2283 aute
295 2231 450 2295 poenitentianr
464 2235 502 2281 est
515 2233 632 2294 peccatum
643 2230 669 2280 in
678 2231 762 2285 anima.
771 2233 815 2284 Sed

33 2302 95 2353 timui
107 2318 159 2356 curn
168 2305 259 2368 peccate
270 2302 330 2352 nnita
341 2301 414 2352 uirtus
427 2301 508 2351 animae
516 2302 585 2350 inest.
599 2300 658 2362 ttrgo
669 2302 732 2350 nnita
742 2302 815 2353 virtus

33 2378 126 2426 estante
139 2373 311 2439 paenitentiam
327 2372 366 2422 sed
378 2370 429 2435 ipsn
442 2370 593 2421 videturesse
606 2370 752 2436 prima5qun
765 2373 816 2424 atiii

33 2443 111 2494 aditum
124 2445 210 2510 aperit,
222 2442 361 2494 excludendo
373 2444 500 2505 peccatum.

60 2514 103 2565 Sed
115 2521 192 2566 centra
204 2519 251 2576 cst,
265 2513 326 2579 qudd
343 2512 477 2576 poenitentia
495 2507 597 2575 precedit
614 2522 643 2560 ex
656 2509 717 2574 tide,
734 2523 775 2575 spe
792 2517 818 2562 et

34 2584 151 2644 charitate,
169 2584 229 2635 sicut
248 2585 296 2647 jam
317 2581 401 2632 dictum
420 2585 463 2633 est.
480 2583 532 2632 lien
554 2591 608 2642 crgo
631 2583 666 2630 est
683 2581 816 2644 penitentia

34 2653 100 2714 prima
115 2655 234 2705 virtutum.
679 2706 682 2712 ,

63 2725 220 2788 (Curmusro.
230 2723 488 2791 -tiirtuspoenitentic
498 2735 544 2773 nen
554 2725 590 2773 est
601 2720 733 2786 simpliciter
744 2720 817 2784 prinra

63 2879 94 2941 (i)
108 2883 141 2927 De
159 2881 195 2926 tris
215 2881 284 2925 etiarn
305 2879 444 2937 1v,serst.,
464 2877 517 2922 dist.
539 2874 581 2935 14,
596 2887 644 2932 (pu.⁴
658 2873 685 2931 t,
707 2879 751 2918 art.
774 2873 814 2933 te,

37 2944 167 2996 punctiunc.
176 2943 205 3001 6,
221 2941 285 3000 edd,
299 2947 323 2986 et
336 2949 379 2988 art.
391 2940 421 2998 ἲ,
432 2939 568 2996 quaestiune.
578 2938 603 2984 2.
