<?xml version="1.0" encoding="UTF-8"?>
<!DOCTYPE html PUBLIC "-//W3C//DTD XHTML 1.0 Transitional//EN"
    "http://www.w3.org/TR/xhtml1/DTD/xhtml1-transitional.dtd">
<html xmlns="http://www.w3.org/1999/xhtml" xml:lang="en" lang="en">
 <head>
  <title>
</title>
<meta http-equiv="Content-Type" content="text/html;charset=utf-8" />
  <meta name='ocr-system' content='tesseract 3.04.00' />
  <meta name='ocr-capabilities' content='ocr_page ocr_carea ocr_par ocr_line ocrx_word'/>
</head>
<body>
  <div class='ocr_page' id='page_1' title='image "./summatheologica01nicogoog_0767.png"; bbox 0 0 1942 3284; ppageno 0'>
   <div class='ocr_carea' id='block_1_1' title="bbox 218 190 820 237">
    <p class='ocr_par' dir='ltr' id='par_1_1' title="bbox 218 190 820 237">
     <span class='ocr_line' id='line_1_1' title="bbox 218 190 820 237; baseline 0.007 -5"><span class='ocrx_word' id='word_1_1' title='bbox 218 198 249 234; x_wconf 85' lang='lat' dir='ltr'>ns</span> <span class='ocrx_word' id='word_1_2' title='bbox 265 198 425 235; x_wconf 81' lang='lat' dir='ltr'>tnnouesnrrt</span> <span class='ocrx_word' id='word_1_3' title='bbox 441 198 570 237; x_wconf 72' lang='lat' dir='ltr'>smunnmr</span> <span class='ocrx_word' id='word_1_4' title='bbox 586 200 622 235; x_wconf 86' lang='lat' dir='ltr'>sn.</span> <span class='ocrx_word' id='word_1_5' title='bbox 777 190 820 237; x_wconf 80' lang='lat' dir='ltr'>idi</span> 
     </span>
    </p>
   </div>
   <div class='ocr_carea' id='block_1_2' title="bbox 320 381 527 433">
    <p class='ocr_par' dir='ltr' id='par_1_2' title="bbox 320 381 527 433">
     <span class='ocr_line' id='line_1_2' title="bbox 320 381 527 433; baseline 0.01 -2"><span class='ocrx_word' id='word_1_6' title='bbox 320 381 483 433; x_wconf 72' lang='lat' dir='ltr'>indiculos</span> <span class='ocrx_word' id='word_1_7' title='bbox 499 384 527 433; x_wconf 87' lang='lat' dir='ltr'>ll.</span> 
     </span>
    </p>
   </div>
   <div class='ocr_carea' id='block_1_3' title="bbox 14 505 822 563">
    <p class='ocr_par' dir='ltr' id='par_1_3' title="bbox 14 505 822 563">
     <span class='ocr_line' id='line_1_3' title="bbox 14 505 822 563; baseline 0 -12"><span class='ocrx_word' id='word_1_8' title='bbox 14 508 105 551; x_wconf 65' lang='lat' dir='ltr'>viriam</span> <span class='ocrx_word' id='word_1_9' title='bbox 116 505 274 561; x_wconf 64' lang='lat' dir='ltr'>tornodorenses</span> <span class='ocrx_word' id='word_1_10' title='bbox 283 506 379 550; x_wconf 79' lang='lat' dir='ltr'>tnntdm</span> <span class='ocrx_word' id='word_1_11' title='bbox 387 506 484 550; x_wconf 77' lang='lat' dir='ltr'>voleurit</span> <span class='ocrx_word' id='word_1_12' title='bbox 495 508 613 563; x_wconf 76' lang='lat' dir='ltr'>quantine</span> <span class='ocrx_word' id='word_1_13' title='bbox 622 510 822 563; x_wconf 80' lang='lat' dir='ltr'>pronuntiantur.</span> 
     </span>
    </p>
   </div>
   <div class='ocr_carea' id='block_1_4' title="bbox 13 630 831 2981">
    <p class='ocr_par' dir='ltr' id='par_1_4' title="bbox 13 630 825 1197">
     <span class='ocr_line' id='line_1_4' title="bbox 42 630 824 699; baseline 0.004 -17"><span class='ocrx_word' id='word_1_14' title='bbox 42 632 82 682; x_wconf 77' lang='lat' dir='ltr'>Ad</span> <span class='ocrx_word' id='word_1_15' title='bbox 94 631 224 682; x_wconf 86' lang='lat' dir='ltr'>seeundum</span> <span class='ocrx_word' id='word_1_16' title='bbox 238 630 271 681; x_wconf 89' lang='lat' dir='ltr'>sie</span> <span class='ocrx_word' id='word_1_17' title='bbox 280 630 417 695; x_wconf 69' lang='lat' dir='ltr'>proceditur.</span> <span class='ocrx_word' id='word_1_18' title='bbox 433 631 529 681; x_wconf 84' lang='lat' dir='ltr'>Videtur</span> <span class='ocrx_word' id='word_1_19' title='bbox 542 631 603 696; x_wconf 85' lang='lat' dir='ltr'>quod</span> <span class='ocrx_word' id='word_1_20' title='bbox 617 633 764 699; x_wconf 78' lang='lat' dir='ltr'>indulgentie</span> <span class='ocrx_word' id='word_1_21' title='bbox 778 648 824 685; x_wconf 90' lang='lat' dir='ltr'>non</span> 
     </span>
     <span class='ocr_line' id='line_1_5' title="bbox 14 700 823 766; baseline 0.004 -13"><span class='ocrx_word' id='word_1_22' title='bbox 14 702 109 753; x_wconf 83' lang='lat' dir='ltr'>antium</span> <span class='ocrx_word' id='word_1_23' title='bbox 123 702 218 753; x_wconf 81' lang='lat' dir='ltr'>ualeant</span> <span class='ocrx_word' id='word_1_24' title='bbox 230 700 340 765; x_wconf 78' lang='lat' dir='ltr'>quantum</span> <span class='ocrx_word' id='word_1_25' title='bbox 350 702 536 766; x_wconf 75' lang='lat' dir='ltr'><strong>pronuntiantur.</strong></span> <span class='ocrx_word' id='word_1_26' title='bbox 546 704 694 766; x_wconf 74' lang='lat' dir='ltr'>indulgentie</span> <span class='ocrx_word' id='word_1_27' title='bbox 704 706 766 755; x_wconf 90' lang='lat' dir='ltr'>enim</span> <span class='ocrx_word' id='word_1_28' title='bbox 777 719 823 756; x_wconf 87' lang='lat' dir='ltr'>nou</span> 
     </span>
     <span class='ocr_line' id='line_1_6' title="bbox 14 771 825 841; baseline 0.006 -18"><span class='ocrx_word' id='word_1_29' title='bbox 14 774 105 823; x_wconf 81' lang='lat' dir='ltr'><strong>nabent</strong></span> <span class='ocrx_word' id='word_1_30' title='bbox 116 771 226 823; x_wconf 82' lang='lat' dir='ltr'>ellectum</span> <span class='ocrx_word' id='word_1_31' title='bbox 237 772 284 822; x_wconf 88' lang='lat' dir='ltr'>nisi</span> <span class='ocrx_word' id='word_1_32' title='bbox 294 786 324 823; x_wconf 83' lang='lat' dir='ltr'>ex</span> <span class='ocrx_word' id='word_1_33' title='bbox 333 772 358 821; x_wconf 86' lang='lat' dir='ltr'>vi</span> <span class='ocrx_word' id='word_1_34' title='bbox 366 772 474 823; x_wconf 77' lang='lat' dir='ltr'>elusium.</span> <span class='ocrx_word' id='word_1_35' title='bbox 489 774 534 825; x_wconf 86' lang='lat' dir='ltr'>Sed</span> <span class='ocrx_word' id='word_1_36' title='bbox 546 787 574 826; x_wconf 86' lang='lat' dir='ltr'>ex</span> <span class='ocrx_word' id='word_1_37' title='bbox 584 775 608 824; x_wconf 84' lang='lat' dir='ltr'>vi</span> <span class='ocrx_word' id='word_1_38' title='bbox 617 774 715 826; x_wconf 84' lang='lat' dir='ltr'>clavium</span> <span class='ocrx_word' id='word_1_39' title='bbox 726 790 773 828; x_wconf 92' lang='lat' dir='ltr'>non</span> <span class='ocrx_word' id='word_1_40' title='bbox 783 790 825 841; x_wconf 80' lang='lat' dir='ltr'>po-</span> 
     </span>
     <span class='ocr_line' id='line_1_7' title="bbox 14 843 824 911; baseline 0.001 -15"><span class='ocrx_word' id='word_1_41' title='bbox 14 850 65 896; x_wconf 88' lang='lat' dir='ltr'>test</span> <span class='ocrx_word' id='word_1_42' title='bbox 82 844 176 894; x_wconf 84' lang='lat' dir='ltr'>habens</span> <span class='ocrx_word' id='word_1_43' title='bbox 192 843 280 894; x_wconf 81' lang='lat' dir='ltr'>elavem</span> <span class='ocrx_word' id='word_1_44' title='bbox 295 844 408 897; x_wconf 75' lang='lat' dir='ltr'>dimittere</span> <span class='ocrx_word' id='word_1_45' title='bbox 425 846 453 897; x_wconf 90' lang='lat' dir='ltr'>de</span> <span class='ocrx_word' id='word_1_46' title='bbox 473 859 543 910; x_wconf 73' lang='lat' dir='ltr'>prena</span> <span class='ocrx_word' id='word_1_47' title='bbox 555 847 661 909; x_wconf 68' lang='lat' dir='ltr'>moesi,</span> <span class='ocrx_word' id='word_1_48' title='bbox 675 847 721 897; x_wconf 89' lang='lat' dir='ltr'>nisi</span> <span class='ocrx_word' id='word_1_49' title='bbox 738 848 824 911; x_wconf 81' lang='lat' dir='ltr'>aliquid</span> 
     </span>
     <span class='ocr_line' id='line_1_8' title="bbox 14 914 824 980; baseline 0.002 -12"><span class='ocrx_word' id='word_1_50' title='bbox 14 914 214 977; x_wconf 86' lang='lat' dir='ltr'>determinatum,</span> <span class='ocrx_word' id='word_1_51' title='bbox 232 916 374 967; x_wconf 71' lang='lat' dir='ltr'>considerati</span> <span class='ocrx_word' id='word_1_52' title='bbox 391 916 519 979; x_wconf 66' lang='lat' dir='ltr'>suauitate</span> <span class='ocrx_word' id='word_1_53' title='bbox 535 916 621 980; x_wconf 85' lang='lat' dir='ltr'>peceati</span> <span class='ocrx_word' id='word_1_54' title='bbox 637 922 661 967; x_wconf 90' lang='lat' dir='ltr'>et</span> <span class='ocrx_word' id='word_1_55' title='bbox 680 918 824 970; x_wconf 78' lang='lat' dir='ltr'>contritionis</span> 
     </span>
     <span class='ocr_line' id='line_1_9' title="bbox 14 986 824 1053; baseline 0.006 -16"><span class='ocrx_word' id='word_1_56' title='bbox 14 987 167 1050; x_wconf 79' lang='lat' dir='ltr'>poenitentis.</span> <span class='ocrx_word' id='word_1_57' title='bbox 181 988 241 1049; x_wconf 80' lang='lat' dir='ltr'>Ergo</span> <span class='ocrx_word' id='word_1_58' title='bbox 253 986 305 1036; x_wconf 85' lang='lat' dir='ltr'>edm</span> <span class='ocrx_word' id='word_1_59' title='bbox 322 987 470 1051; x_wconf 74' lang='lat' dir='ltr'>indulgentie</span> <span class='ocrx_word' id='word_1_60' title='bbox 484 988 541 1039; x_wconf 86' lang='lat' dir='ltr'>liant</span> <span class='ocrx_word' id='word_1_61' title='bbox 551 1002 593 1053; x_wconf 86' lang='lat' dir='ltr'>pro</span> <span class='ocrx_word' id='word_1_62' title='bbox 605 988 669 1040; x_wconf 85' lang='lat' dir='ltr'>libito</span> <span class='ocrx_word' id='word_1_63' title='bbox 681 989 824 1041; x_wconf 87' lang='lat' dir='ltr'>instituentis</span> 
     </span>
     <span class='ocr_line' id='line_1_10' title="bbox 13 1058 825 1125; baseline 0.002 -16"><span class='ocrx_word' id='word_1_64' title='bbox 13 1058 204 1123; x_wconf 79' lang='lat' dir='ltr'>indulgentiam,</span> <span class='ocrx_word' id='word_1_65' title='bbox 218 1059 310 1109; x_wconf 77' lang='lat' dir='ltr'>uidetur</span> <span class='ocrx_word' id='word_1_66' title='bbox 328 1058 390 1123; x_wconf 84' lang='lat' dir='ltr'>qnod</span> <span class='ocrx_word' id='word_1_67' title='bbox 411 1073 459 1111; x_wconf 92' lang='lat' dir='ltr'>non</span> <span class='ocrx_word' id='word_1_68' title='bbox 477 1061 570 1110; x_wconf 82' lang='lat' dir='ltr'>ualeant</span> <span class='ocrx_word' id='word_1_69' title='bbox 592 1059 694 1124; x_wconf 81' lang='lat' dir='ltr'>tanton,</span> <span class='ocrx_word' id='word_1_70' title='bbox 716 1062 825 1125; x_wconf 70' lang='lat' dir='ltr'>mnntdm</span> 
     </span>
     <span class='ocr_line' id='line_1_11' title="bbox 14 1129 207 1197; baseline -0.005 -17"><span class='ocrx_word' id='word_1_71' title='bbox 14 1129 207 1197; x_wconf 80' lang='lat' dir='ltr'>pronuntiantur.</span> 
     </span>
    </p>

    <p class='ocr_par' dir='ltr' id='par_1_5' title="bbox 14 1201 827 1623">
     <span class='ocr_line' id='line_1_12' title="bbox 51 1201 824 1268; baseline 0.006 -16"><span class='ocrx_word' id='word_1_72' title='bbox 51 1208 79 1252; x_wconf 74' lang='lat'>2.</span> <span class='ocrx_word' id='word_1_73' title='bbox 100 1202 232 1262; x_wconf 80' lang='lat' dir='ltr'>Praeterea,</span> <span class='ocrx_word' id='word_1_74' title='bbox 247 1201 402 1265; x_wconf 83' lang='lat' dir='ltr'>perdolitum</span> <span class='ocrx_word' id='word_1_75' title='bbox 412 1216 487 1266; x_wconf 77' lang='lat' dir='ltr'>poene</span> <span class='ocrx_word' id='word_1_76' title='bbox 500 1204 568 1255; x_wconf 85' lang='lat' dir='ltr'>homo</span> <span class='ocrx_word' id='word_1_77' title='bbox 581 1204 595 1253; x_wconf 82' lang='lat' dir='ltr'>d</span> <span class='ocrx_word' id='word_1_78' title='bbox 608 1203 686 1267; x_wconf 76' lang='lat' dir='ltr'>glorie</span> <span class='ocrx_word' id='word_1_79' title='bbox 700 1205 824 1268; x_wconf 80' lang='lat' dir='ltr'>adeptione</span> 
     </span>
     <span class='ocr_line' id='line_1_13' title="bbox 14 1273 827 1341; baseline 0.002 -16"><span class='ocrx_word' id='word_1_80' title='bbox 14 1274 160 1333; x_wconf 88' lang='lat' dir='ltr'>retardatur,</span> <span class='ocrx_word' id='word_1_81' title='bbox 174 1286 243 1336; x_wconf 82' lang='lat' dir='ltr'>qnam</span> <span class='ocrx_word' id='word_1_82' title='bbox 262 1273 351 1325; x_wconf 78' lang='lat' dir='ltr'>summe</span> <span class='ocrx_word' id='word_1_83' title='bbox 366 1278 475 1339; x_wconf 80' lang='lat' dir='ltr'>appetere</span> <span class='ocrx_word' id='word_1_84' title='bbox 488 1275 564 1326; x_wconf 87' lang='lat' dir='ltr'>debet.</span> <span class='ocrx_word' id='word_1_85' title='bbox 584 1275 629 1327; x_wconf 87' lang='lat' dir='ltr'>Sed</span> <span class='ocrx_word' id='word_1_86' title='bbox 643 1275 664 1325; x_wconf 88' lang='lat' dir='ltr'>si</span> <span class='ocrx_word' id='word_1_87' title='bbox 676 1275 827 1341; x_wconf 77' lang='lat' dir='ltr'>indulgentie</span> 
     </span>
     <span class='ocr_line' id='line_1_14' title="bbox 14 1343 826 1413; baseline 0 -15"><span class='ocrx_word' id='word_1_88' title='bbox 14 1344 197 1398; x_wconf 79' lang='lat' dir='ltr'>tantdmualent</span> <span class='ocrx_word' id='word_1_89' title='bbox 210 1343 320 1408; x_wconf 82' lang='lat' dir='ltr'>quantiim</span> <span class='ocrx_word' id='word_1_90' title='bbox 333 1346 517 1409; x_wconf 80' lang='lat' dir='ltr'>pronuntientur,</span> <span class='ocrx_word' id='word_1_91' title='bbox 532 1346 556 1397; x_wconf 93' lang='lat' dir='ltr'>in</span> <span class='ocrx_word' id='word_1_92' title='bbox 571 1346 635 1397; x_wconf 86' lang='lat' dir='ltr'>brevi</span> <span class='ocrx_word' id='word_1_93' title='bbox 646 1350 714 1399; x_wconf 90' lang='lat' dir='ltr'>homo</span> <span class='ocrx_word' id='word_1_94' title='bbox 728 1362 769 1413; x_wconf 85' lang='lat' dir='ltr'>pro</span> <span class='ocrx_word' id='word_1_95' title='bbox 785 1348 826 1398; x_wconf 92' lang='lat' dir='ltr'>in-</span> 
     </span>
     <span class='ocr_line' id='line_1_15' title="bbox 16 1414 826 1483; baseline 0.004 -15"><span class='ocrx_word' id='word_1_96' title='bbox 16 1415 147 1480; x_wconf 79' lang='lat' dir='ltr'>dulgentiis</span> <span class='ocrx_word' id='word_1_97' title='bbox 158 1414 300 1477; x_wconf 77' lang='lat' dir='ltr'>discurrens,</span> <span class='ocrx_word' id='word_1_98' title='bbox 309 1421 386 1481; x_wconf 81' lang='lat' dir='ltr'>posset</span> <span class='ocrx_word' id='word_1_99' title='bbox 398 1418 427 1468; x_wconf 85' lang='lat' dir='ltr'>ab</span> <span class='ocrx_word' id='word_1_100' title='bbox 444 1418 509 1469; x_wconf 87' lang='lat' dir='ltr'>omni</span> <span class='ocrx_word' id='word_1_101' title='bbox 525 1422 590 1469; x_wconf 81' lang='lat' dir='ltr'>reatu</span> <span class='ocrx_word' id='word_1_102' title='bbox 603 1419 735 1483; x_wconf 76' lang='lat' dir='ltr'>temporalis</span> <span class='ocrx_word' id='word_1_103' title='bbox 749 1432 826 1483; x_wconf 76' lang='lat' dir='ltr'>poenie</span> 
     </span>
     <span class='ocr_line' id='line_1_16' title="bbox 15 1486 824 1555; baseline 0.004 -16"><span class='ocrx_word' id='word_1_104' title='bbox 15 1486 134 1539; x_wconf 87' lang='lat' dir='ltr'>immunis</span> <span class='ocrx_word' id='word_1_105' title='bbox 150 1488 226 1539; x_wconf 87' lang='lat' dir='ltr'>reddi.</span> <span class='ocrx_word' id='word_1_106' title='bbox 240 1489 301 1552; x_wconf 76' lang='lat' dir='ltr'>Ergo</span> <span class='ocrx_word' id='word_1_107' title='bbox 316 1488 407 1541; x_wconf 84' lang='lat' dir='ltr'>uidetur</span> <span class='ocrx_word' id='word_1_108' title='bbox 417 1489 479 1555; x_wconf 78' lang='lat' dir='ltr'>quod</span> <span class='ocrx_word' id='word_1_109' title='bbox 497 1491 591 1542; x_wconf 86' lang='lat' dir='ltr'>deberet</span> <span class='ocrx_word' id='word_1_110' title='bbox 607 1491 645 1541; x_wconf 79' lang='lat' dir='ltr'>liis</span> <span class='ocrx_word' id='word_1_111' title='bbox 664 1492 824 1555; x_wconf 78' lang='lat' dir='ltr'>acquirendis,</span> 
     </span>
     <span class='ocr_line' id='line_1_17' title="bbox 15 1558 635 1623; baseline -0.002 -11"><span class='ocrx_word' id='word_1_112' title='bbox 15 1560 130 1612; x_wconf 83' lang='lat' dir='ltr'>omnibns</span> <span class='ocrx_word' id='word_1_113' title='bbox 149 1558 200 1609; x_wconf 88' lang='lat' dir='ltr'>aliis</span> <span class='ocrx_word' id='word_1_114' title='bbox 212 1560 321 1623; x_wconf 79' lang='lat' dir='ltr'>operibus</span> <span class='ocrx_word' id='word_1_115' title='bbox 331 1559 449 1622; x_wconf 84' lang='lat' dir='ltr'>dimissis,</span> <span class='ocrx_word' id='word_1_116' title='bbox 460 1563 530 1613; x_wconf 85' lang='lat' dir='ltr'>homo</span> <span class='ocrx_word' id='word_1_117' title='bbox 543 1574 635 1613; x_wconf 79' lang='lat' dir='ltr'>undare.</span> 
     </span>
    </p>

    <p class='ocr_par' dir='ltr' id='par_1_6' title="bbox 19 1630 828 2109">
     <span class='ocr_line' id='line_1_18' title="bbox 54 1630 828 1697; baseline 0.005 -18"><span class='ocrx_word' id='word_1_118' title='bbox 54 1635 79 1681; x_wconf 75' lang='lat'>3.</span> <span class='ocrx_word' id='word_1_119' title='bbox 99 1632 225 1693; x_wconf 81' lang='lat' dir='ltr'>Preteren,</span> <span class='ocrx_word' id='word_1_120' title='bbox 244 1630 366 1696; x_wconf 81' lang='lat' dir='ltr'>aliquando</span> <span class='ocrx_word' id='word_1_121' title='bbox 387 1633 453 1683; x_wconf 84' lang='lat' dir='ltr'>datur</span> <span class='ocrx_word' id='word_1_122' title='bbox 470 1633 629 1695; x_wconf 79' lang='lat' dir='ltr'>indulgentia,</span> <span class='ocrx_word' id='word_1_123' title='bbox 648 1632 708 1697; x_wconf 82' lang='lat' dir='ltr'>qudd</span> <span class='ocrx_word' id='word_1_124' title='bbox 721 1634 764 1697; x_wconf 42' lang='lat' dir='ltr'>*qui</span> <span class='ocrx_word' id='word_1_125' title='bbox 788 1634 828 1683; x_wconf 80' lang='lat' dir='ltr'>det</span> 
     </span>
     <span class='ocr_line' id='line_1_19' title="bbox 20 1700 827 1767; baseline 0.001 -15"><span class='ocrx_word' id='word_1_126' title='bbox 20 1700 135 1752; x_wconf 84' lang='lat' dir='ltr'>auxilinm</span> <span class='ocrx_word' id='word_1_127' title='bbox 149 1701 178 1750; x_wconf 91' lang='lat' dir='ltr'>ad</span> <span class='ocrx_word' id='word_1_128' title='bbox 193 1700 291 1764; x_wconf 80' lang='lat' dir='ltr'>aliquam</span> <span class='ocrx_word' id='word_1_129' title='bbox 303 1700 411 1751; x_wconf 76' lang='lat' dir='ltr'>taddeam</span> <span class='ocrx_word' id='word_1_130' title='bbox 424 1702 563 1765; x_wconf 77' lang='lat' dir='ltr'>erigendam,</span> <span class='ocrx_word' id='word_1_131' title='bbox 577 1703 668 1753; x_wconf 88' lang='lat' dir='ltr'>tertiam</span> <span class='ocrx_word' id='word_1_132' title='bbox 689 1707 777 1767; x_wconf 81' lang='lat' dir='ltr'>portem</span> <span class='ocrx_word' id='word_1_133' title='bbox 791 1716 827 1753; x_wconf 88' lang='lat' dir='ltr'>re-</span> 
     </span>
     <span class='ocr_line' id='line_1_20' title="bbox 19 1770 826 1837; baseline 0.002 -16"><span class='ocrx_word' id='word_1_134' title='bbox 19 1770 141 1822; x_wconf 83' lang='lat' dir='ltr'>missionis</span> <span class='ocrx_word' id='word_1_135' title='bbox 155 1776 298 1835; x_wconf 79' lang='lat' dir='ltr'>peecatorum</span> <span class='ocrx_word' id='word_1_136' title='bbox 310 1778 471 1837; x_wconf 76' lang='lat' dir='ltr'>consequatur.</span> <span class='ocrx_word' id='word_1_137' title='bbox 484 1773 508 1824; x_wconf 82' lang='lat' dir='ltr'>si</span> <span class='ocrx_word' id='word_1_138' title='bbox 518 1786 572 1837; x_wconf 80' lang='lat' dir='ltr'>ergo</span> <span class='ocrx_word' id='word_1_139' title='bbox 583 1772 731 1837; x_wconf 73' lang='lat' dir='ltr'>indulgentie</span> <span class='ocrx_word' id='word_1_140' title='bbox 738 1772 826 1824; x_wconf 72' lang='lat' dir='ltr'>mutim</span> 
     </span>
     <span class='ocr_line' id='line_1_21' title="bbox 20 1842 826 1909; baseline 0 -16"><span class='ocrx_word' id='word_1_141' title='bbox 20 1844 105 1893; x_wconf 75' lang='lat' dir='ltr'>ualent</span> <span class='ocrx_word' id='word_1_142' title='bbox 118 1842 228 1905; x_wconf 78' lang='lat' dir='ltr'>quantiam</span> <span class='ocrx_word' id='word_1_143' title='bbox 240 1844 406 1907; x_wconf 74' lang='lat' dir='ltr'>predicentur,</span> <span class='ocrx_word' id='word_1_144' title='bbox 420 1847 476 1895; x_wconf 85' lang='lat' dir='ltr'>tuno</span> <span class='ocrx_word' id='word_1_145' title='bbox 498 1843 538 1908; x_wconf 89' lang='lat' dir='ltr'>qui</span> <span class='ocrx_word' id='word_1_146' title='bbox 553 1845 593 1895; x_wconf 85' lang='lat' dir='ltr'>dat</span> <span class='ocrx_word' id='word_1_147' title='bbox 603 1857 674 1893; x_wconf 89' lang='lat' dir='ltr'>unum</span> <span class='ocrx_word' id='word_1_148' title='bbox 689 1844 826 1909; x_wconf 86' lang='lat' dir='ltr'>denarium,</span> 
     </span>
     <span class='ocr_line' id='line_1_22' title="bbox 20 1914 826 1982; baseline 0 -16"><span class='ocrx_word' id='word_1_149' title='bbox 20 1919 47 1966; x_wconf 87' lang='lat' dir='ltr'>et</span> <span class='ocrx_word' id='word_1_150' title='bbox 64 1914 246 1982; x_wconf 22' lang='lat' dir='ltr'>seeunddlunnm</span> <span class='ocrx_word' id='word_1_151' title='bbox 256 1916 327 1966; x_wconf 88' lang='lat' dir='ltr'>alium</span> <span class='ocrx_word' id='word_1_152' title='bbox 336 1954 344 1977; x_wconf 90' lang='lat'>,</span> <span class='ocrx_word' id='word_1_153' title='bbox 354 1920 381 1966; x_wconf 88' lang='lat' dir='ltr'>et</span> <span class='ocrx_word' id='word_1_154' title='bbox 394 1916 477 1966; x_wconf 90' lang='lat' dir='ltr'>iterum</span> <span class='ocrx_word' id='word_1_155' title='bbox 491 1929 562 1966; x_wconf 88' lang='lat' dir='ltr'>unum</span> <span class='ocrx_word' id='word_1_156' title='bbox 581 1916 666 1978; x_wconf 85' lang='lat' dir='ltr'>aliurn,</span> <span class='ocrx_word' id='word_1_157' title='bbox 681 1916 773 1980; x_wconf 82' lang='lat' dir='ltr'>plenam</span> <span class='ocrx_word' id='word_1_158' title='bbox 784 1916 826 1966; x_wconf 91' lang='lat' dir='ltr'>ab·</span> 
     </span>
     <span class='ocr_line' id='line_1_23' title="bbox 21 1985 827 2053; baseline 0.001 -17"><span class='ocrx_word' id='word_1_159' title='bbox 21 1985 163 2037; x_wconf 86' lang='lat' dir='ltr'>solutionem</span> <span class='ocrx_word' id='word_1_160' title='bbox 175 1986 204 2036; x_wconf 79' lang='lat' dir='ltr'>nli</span> <span class='ocrx_word' id='word_1_161' title='bbox 218 1986 283 2037; x_wconf 88' lang='lat' dir='ltr'>omni</span> <span class='ocrx_word' id='word_1_162' title='bbox 294 1992 439 2052; x_wconf 73' lang='lat' dir='ltr'>peoenwrnm</span> <span class='ocrx_word' id='word_1_163' title='bbox 457 2001 528 2053; x_wconf 82' lang='lat' dir='ltr'>poena</span> <span class='ocrx_word' id='word_1_164' title='bbox 545 1988 704 2052; x_wconf 80' lang='lat' dir='ltr'>consequitur3</span> <span class='ocrx_word' id='word_1_165' title='bbox 718 1988 779 2052; x_wconf 86' lang='lat' dir='ltr'>quod</span> <span class='ocrx_word' id='word_1_166' title='bbox 791 1988 827 2037; x_wconf 83' lang='lat' dir='ltr'>vi·</span> 
     </span>
     <span class='ocr_line' id='line_1_24' title="bbox 21 2057 235 2109; baseline 0.005 -1"><span class='ocrx_word' id='word_1_167' title='bbox 21 2058 91 2108; x_wconf 84' lang='lat' dir='ltr'>detur</span> <span class='ocrx_word' id='word_1_168' title='bbox 105 2057 235 2109; x_wconf 81' lang='lat' dir='ltr'>absordum.</span> 
     </span>
    </p>

    <p class='ocr_par' dir='ltr' id='par_1_7' title="bbox 22 2128 831 2691">
     <span class='ocr_line' id='line_1_25' title="bbox 56 2128 828 2197; baseline 0.008 -20"><span class='ocrx_word' id='word_1_169' title='bbox 56 2131 82 2179; x_wconf 83' lang='lat' dir='ltr'>t.</span> <span class='ocrx_word' id='word_1_170' title='bbox 97 2128 223 2190; x_wconf 74' lang='lat' dir='ltr'>Praetereo,</span> <span class='ocrx_word' id='word_1_171' title='bbox 236 2132 372 2195; x_wconf 78' lang='lat' dir='ltr'>quandoque</span> <span class='ocrx_word' id='word_1_172' title='bbox 386 2132 452 2182; x_wconf 83' lang='lat' dir='ltr'>detor</span> <span class='ocrx_word' id='word_1_173' title='bbox 466 2134 511 2183; x_wconf 85' lang='lat' dir='ltr'>hoo</span> <span class='ocrx_word' id='word_1_174' title='bbox 528 2134 594 2184; x_wconf 92' lang='lat' dir='ltr'>modo</span> <span class='ocrx_word' id='word_1_175' title='bbox 606 2132 757 2197; x_wconf 75' lang='lat' dir='ltr'>indulgentis,</span> <span class='ocrx_word' id='word_1_176' title='bbox 766 2132 828 2195; x_wconf 82' lang='lat' dir='ltr'>quod</span> 
     </span>
     <span class='ocr_line' id='line_1_26' title="bbox 22 2198 829 2267; baseline 0.009 -19"><span class='ocrx_word' id='word_1_177' title='bbox 22 2200 67 2264; x_wconf 87' lang='lat' dir='ltr'>qui</span> <span class='ocrx_word' id='word_1_178' title='bbox 75 2198 139 2249; x_wconf 77' lang='lat' dir='ltr'>uadit</span> <span class='ocrx_word' id='word_1_179' title='bbox 148 2202 176 2251; x_wconf 91' lang='lat' dir='ltr'>ad</span> <span class='ocrx_word' id='word_1_180' title='bbox 186 2201 284 2265; x_wconf 75' lang='lat' dir='ltr'>aliquam</span> <span class='ocrx_word' id='word_1_181' title='bbox 293 2204 422 2265; x_wconf 80' lang='lat' dir='ltr'>ecelesiam,</span> <span class='ocrx_word' id='word_1_182' title='bbox 432 2209 522 2267; x_wconf 81' lang='lat' dir='ltr'>septem</span> <span class='ocrx_word' id='word_1_183' title='bbox 532 2216 606 2255; x_wconf 80' lang='lat' dir='ltr'>annos</span> <span class='ocrx_word' id='word_1_184' title='bbox 618 2204 759 2257; x_wconf 83' lang='lat' dir='ltr'>remissionis</span> <span class='ocrx_word' id='word_1_185' title='bbox 772 2216 829 2255; x_wconf 90' lang='lat' dir='ltr'>eon-</span> 
     </span>
     <span class='ocr_line' id='line_1_27' title="bbox 24 2271 828 2339; baseline 0.007 -19"><span class='ocrx_word' id='word_1_186' title='bbox 24 2275 142 2334; x_wconf 80' lang='lat' dir='ltr'>sequotnr.</span> <span class='ocrx_word' id='word_1_187' title='bbox 158 2271 184 2321; x_wconf 90' lang='lat' dir='ltr'>Si</span> <span class='ocrx_word' id='word_1_188' title='bbox 196 2286 252 2336; x_wconf 78' lang='lat' dir='ltr'>ergo</span> <span class='ocrx_word' id='word_1_189' title='bbox 264 2274 352 2324; x_wconf 80' lang='lat' dir='ltr'>tantlrm</span> <span class='ocrx_word' id='word_1_190' title='bbox 366 2276 428 2326; x_wconf 85' lang='lat' dir='ltr'>ualet</span> <span class='ocrx_word' id='word_1_191' title='bbox 439 2274 579 2339; x_wconf 80' lang='lat' dir='ltr'>indulgentia</span> <span class='ocrx_word' id='word_1_192' title='bbox 592 2274 703 2338; x_wconf 79' lang='lat' dir='ltr'>quantem</span> <span class='ocrx_word' id='word_1_193' title='bbox 716 2276 828 2339; x_wconf 77' lang='lat' dir='ltr'>predior-</span> 
     </span>
     <span class='ocr_line' id='line_1_28' title="bbox 25 2341 829 2411; baseline 0.006 -21"><span class='ocrx_word' id='word_1_194' title='bbox 25 2346 77 2403; x_wconf 90' lang='lat' dir='ltr'>tur,</span> <span class='ocrx_word' id='word_1_195' title='bbox 93 2341 133 2391; x_wconf 88' lang='lat' dir='ltr'>ille</span> <span class='ocrx_word' id='word_1_196' title='bbox 149 2343 189 2405; x_wconf 77' lang='lat' dir='ltr'>qni</span> <span class='ocrx_word' id='word_1_197' title='bbox 206 2344 276 2395; x_wconf 80' lang='lat' dir='ltr'>laist</span> <span class='ocrx_word' id='word_1_198' title='bbox 289 2344 382 2395; x_wconf 90' lang='lat' dir='ltr'>domum</span> <span class='ocrx_word' id='word_1_199' title='bbox 397 2359 463 2396; x_wconf 84' lang='lat' dir='ltr'>snam</span> <span class='ocrx_word' id='word_1_200' title='bbox 478 2347 547 2411; x_wconf 84' lang='lat' dir='ltr'>juxta</span> <span class='ocrx_word' id='word_1_201' title='bbox 563 2346 683 2397; x_wconf 80' lang='lat' dir='ltr'>eeclesiam</span> <span class='ocrx_word' id='word_1_202' title='bbox 700 2347 778 2409; x_wconf 86' lang='lat' dir='ltr'>illam,</span> <span class='ocrx_word' id='word_1_203' title='bbox 793 2346 829 2397; x_wconf 88' lang='lat' dir='ltr'>vel</span> 
     </span>
     <span class='ocr_line' id='line_1_29' title="bbox 26 2413 829 2483; baseline 0.002 -20"><span class='ocrx_word' id='word_1_204' title='bbox 26 2413 106 2464; x_wconf 84' lang='lat' dir='ltr'>cleriei</span> <span class='ocrx_word' id='word_1_205' title='bbox 122 2414 224 2465; x_wconf 76' lang='lat' dir='ltr'>melesio</span> <span class='ocrx_word' id='word_1_206' title='bbox 245 2415 286 2479; x_wconf 87' lang='lat' dir='ltr'>qui</span> <span class='ocrx_word' id='word_1_207' title='bbox 310 2417 412 2480; x_wconf 79' lang='lat' dir='ltr'>qnotidie</span> <span class='ocrx_word' id='word_1_208' title='bbox 433 2418 536 2480; x_wconf 83' lang='lat' dir='ltr'>uadunt,</span> <span class='ocrx_word' id='word_1_209' title='bbox 550 2423 720 2483; x_wconf 86' lang='lat' dir='ltr'>consequuntur</span> <span class='ocrx_word' id='word_1_210' title='bbox 739 2416 829 2467; x_wconf 83' lang='lat' dir='ltr'>lantino</span> 
     </span>
     <span class='ocr_line' id='line_1_30' title="bbox 27 2482 830 2553; baseline 0.005 -18"><span class='ocrx_word' id='word_1_211' title='bbox 27 2482 138 2548; x_wconf 77' lang='lat' dir='ltr'>quantiam</span> <span class='ocrx_word' id='word_1_212' title='bbox 152 2485 191 2536; x_wconf 89' lang='lat' dir='ltr'>illo</span> <span class='ocrx_word' id='word_1_213' title='bbox 203 2487 365 2550; x_wconf 79' lang='lat' dir='ltr'>qniiremotis</span> <span class='ocrx_word' id='word_1_214' title='bbox 378 2488 482 2553; x_wconf 75' lang='lat' dir='ltr'>partibus</span> <span class='ocrx_word' id='word_1_215' title='bbox 495 2489 572 2553; x_wconf 78' lang='lat' dir='ltr'>uenit,</span> <span class='ocrx_word' id='word_1_216' title='bbox 583 2491 643 2553; x_wconf 89' lang='lat' dir='ltr'>quod</span> <span class='ocrx_word' id='word_1_217' title='bbox 654 2490 744 2540; x_wconf 84' lang='lat' dir='ltr'>uidetur</span> <span class='ocrx_word' id='word_1_218' title='bbox 755 2489 830 2553; x_wconf 86' lang='lat' dir='ltr'>injus-</span> 
     </span>
     <span class='ocr_line' id='line_1_31' title="bbox 28 2556 831 2625; baseline 0.005 -19"><span class='ocrx_word' id='word_1_219' title='bbox 28 2563 93 2617; x_wconf 86' lang='lat' dir='ltr'>tum3</span> <span class='ocrx_word' id='word_1_220' title='bbox 106 2559 133 2605; x_wconf 87' lang='lat' dir='ltr'>et</span> <span class='ocrx_word' id='word_1_221' title='bbox 144 2556 226 2607; x_wconf 89' lang='lat' dir='ltr'>iterum</span> <span class='ocrx_word' id='word_1_222' title='bbox 233 2594 243 2622; x_wconf 90' lang='lat'>,</span> <span class='ocrx_word' id='word_1_223' title='bbox 252 2563 280 2610; x_wconf 93' lang='lat' dir='ltr'>ut</span> <span class='ocrx_word' id='word_1_224' title='bbox 293 2559 393 2623; x_wconf 83' lang='lat' dir='ltr'>uidetur,</span> <span class='ocrx_word' id='word_1_225' title='bbox 403 2560 490 2625; x_wconf 78' lang='lat' dir='ltr'>plumes</span> <span class='ocrx_word' id='word_1_226' title='bbox 510 2560 674 2625; x_wconf 79' lang='lat' dir='ltr'>indulgentiam</span> <span class='ocrx_word' id='word_1_227' title='bbox 684 2560 831 2625; x_wconf 76' lang='lat' dir='ltr'>consequitur</span> 
     </span>
     <span class='ocr_line' id='line_1_32' title="bbox 28 2626 360 2691; baseline 0.015 -14"><span class='ocrx_word' id='word_1_228' title='bbox 28 2626 110 2689; x_wconf 88' lang='lat' dir='ltr'>indie,</span> <span class='ocrx_word' id='word_1_229' title='bbox 124 2626 175 2677; x_wconf 85' lang='lat' dir='ltr'>edm</span> <span class='ocrx_word' id='word_1_230' title='bbox 185 2629 271 2691; x_wconf 83' lang='lat' dir='ltr'>pluries</span> <span class='ocrx_word' id='word_1_231' title='bbox 283 2633 360 2682; x_wconf 82' lang='lat' dir='ltr'>vadet.</span> 
     </span>
    </p>

    <p class='ocr_par' dir='ltr' id='par_1_8' title="bbox 24 2698 831 2981">
     <span class='ocr_line' id='line_1_33' title="bbox 61 2698 831 2767; baseline 0.006 -20"><span class='ocrx_word' id='word_1_232' title='bbox 61 2703 84 2749; x_wconf 77' lang='lat' dir='ltr'>t.</span> <span class='ocrx_word' id='word_1_233' title='bbox 103 2698 229 2763; x_wconf 78' lang='lat' dir='ltr'>Praeterea,</span> <span class='ocrx_word' id='word_1_234' title='bbox 248 2700 310 2752; x_wconf 91' lang='lat' dir='ltr'>idem</span> <span class='ocrx_word' id='word_1_235' title='bbox 322 2702 412 2758; x_wconf 81' lang='lat' dir='ltr'>videtur</span> <span class='ocrx_word' id='word_1_236' title='bbox 435 2702 550 2753; x_wconf 85' lang='lat' dir='ltr'>remittere</span> <span class='ocrx_word' id='word_1_237' title='bbox 570 2703 639 2754; x_wconf 85' lang='lat' dir='ltr'>alieni</span> <span class='ocrx_word' id='word_1_238' title='bbox 662 2715 754 2767; x_wconf 78' lang='lat' dir='ltr'>omnam</span> <span class='ocrx_word' id='word_1_239' title='bbox 771 2702 831 2752; x_wconf 85' lang='lat' dir='ltr'>ultre</span> 
     </span>
     <span class='ocr_line' id='line_1_34' title="bbox 24 2770 830 2839; baseline -0.001 -16"><span class='ocrx_word' id='word_1_240' title='bbox 24 2771 114 2835; x_wconf 82' lang='lat' dir='ltr'>justam</span> <span class='ocrx_word' id='word_1_241' title='bbox 135 2770 323 2835; x_wconf 76' lang='lat' dir='ltr'>estimationem,</span> <span class='ocrx_word' id='word_1_242' title='bbox 337 2775 398 2838; x_wconf 85' lang='lat' dir='ltr'>quod</span> <span class='ocrx_word' id='word_1_243' title='bbox 420 2774 537 2825; x_wconf 87' lang='lat' dir='ltr'>remittere</span> <span class='ocrx_word' id='word_1_244' title='bbox 563 2776 649 2839; x_wconf 78' lang='lat' dir='ltr'>ausone</span> <span class='ocrx_word' id='word_1_245' title='bbox 672 2786 755 2836; x_wconf 82' lang='lat' dir='ltr'>eausa,</span> <span class='ocrx_word' id='word_1_246' title='bbox 777 2774 830 2837; x_wconf 80' lang='lat' dir='ltr'>quia</span> 
     </span>
     <span class='ocr_line' id='line_1_35' title="bbox 27 2840 831 2911; baseline 0.005 -20"><span class='ocrx_word' id='word_1_247' title='bbox 27 2840 136 2904; x_wconf 68' lang='lat' dir='ltr'>«montium</span> <span class='ocrx_word' id='word_1_248' title='bbox 153 2843 184 2892; x_wconf 89' lang='lat' dir='ltr'>ad</span> <span class='ocrx_word' id='word_1_249' title='bbox 196 2843 241 2893; x_wconf 82' lang='lat' dir='ltr'>hoc</span> <span class='ocrx_word' id='word_1_250' title='bbox 254 2845 314 2905; x_wconf 84' lang='lat' dir='ltr'>unod</span> <span class='ocrx_word' id='word_1_251' title='bbox 330 2846 437 2907; x_wconf 80' lang='lat' dir='ltr'>excedit,</span> <span class='ocrx_word' id='word_1_252' title='bbox 452 2857 501 2896; x_wconf 90' lang='lat' dir='ltr'>nou</span> <span class='ocrx_word' id='word_1_253' title='bbox 519 2850 715 2911; x_wconf 79' lang='lat' dir='ltr'>recompensatur.</span> <span class='ocrx_word' id='word_1_254' title='bbox 728 2844 774 2895; x_wconf 87' lang='lat' dir='ltr'>Sed</span> <span class='ocrx_word' id='word_1_255' title='bbox 793 2842 831 2895; x_wconf 90' lang='lat' dir='ltr'>ille</span> 
     </span>
     <span class='ocr_line' id='line_1_36' title="bbox 29 2912 830 2981; baseline 0.006 -20"><span class='ocrx_word' id='word_1_256' title='bbox 29 2913 71 2977; x_wconf 83' lang='lat' dir='ltr'>qni</span> <span class='ocrx_word' id='word_1_257' title='bbox 80 2913 132 2965; x_wconf 81' lang='lat' dir='ltr'>iacit</span> <span class='ocrx_word' id='word_1_258' title='bbox 144 2912 317 2979; x_wconf 77' lang='lat' dir='ltr'>indulgentiam,</span> <span class='ocrx_word' id='word_1_259' title='bbox 330 2930 376 2969; x_wconf 86' lang='lat' dir='ltr'>uon</span> <span class='ocrx_word' id='word_1_260' title='bbox 384 2920 463 2980; x_wconf 77' lang='lat' dir='ltr'>nosset</span> <span class='ocrx_word' id='word_1_261' title='bbox 475 2916 592 2969; x_wconf 85' lang='lat' dir='ltr'>remittere</span> <span class='ocrx_word' id='word_1_262' title='bbox 601 2918 686 2981; x_wconf 74' lang='lat' dir='ltr'>obsone</span> <span class='ocrx_word' id='word_1_263' title='bbox 699 2928 767 2967; x_wconf 81' lang='lat' dir='ltr'>muso</span> <span class='ocrx_word' id='word_1_264' title='bbox 781 2930 830 2981; x_wconf 79' lang='lat' dir='ltr'>po·</span> 
     </span>
    </p>
   </div>
   <div class='ocr_carea' id='block_1_5' title="bbox 0 0 993 3284">
    <p class='ocr_par' dir='ltr' id='par_1_9' title="bbox 0 0 993 3284">
     <span class='ocr_line' id='line_1_37' title="bbox 0 0 993 3284; baseline 0 0"><span class='ocrx_word' id='word_1_265' title='bbox 0 0 993 3284; x_wconf 95' lang='lat' dir='ltr'> </span> 
     </span>
    </p>
   </div>
  </div>
 </body>
</html>
