1942 3284
232 229 266 265 os
282 228 473 268 suscrrrsnnmus
491 229 637 268 ssrrrsuns.
791 221 835 268 nna

41 301 104 354 Unde
118 304 257 366 Augustinus
272 303 326 355 dicit
337 306 362 356 iu
372 305 413 356 lib.
423 305 460 356 De
473 309 633 370 peccatorum
648 307 751 356 meritis
763 311 788 358 et
800 324 838 358 re·

40 376 157 424 missione
172 375 232 439 (tib.
248 376 273 440 i,
288 389 338 441 cap.
355 377 403 440 25)
422 393 429 428 :
445 379 538 429 obinter
554 377 654 428 Ecclesia
668 392 694 429 os
708 383 836 430 maternum

41 446 137 509 paruulis
151 448 251 510 praebet,
265 451 291 497 ut
307 449 377 499 sacris
387 449 503 514 mysteriis
514 449 642 500 imbuantur
645 488 655 514 ,
667 451 720 514 quia
737 452 837 501 nondum

44 522 134 579 possunt
154 519 223 568 corne
240 518 331 583 proprio
346 521 438 571 credere
453 522 481 570 ad
495 521 623 585 justitiam,
637 534 680 573 nec
693 533 732 572 ore
746 521 837 586 proprio

45 588 143 640 confiteri
162 589 190 639 ad
204 587 308 640 salntem.
326 590 349 640 Si
369 595 444 641 annm
459 596 578 656 propterea
600 591 661 641 recte
685 592 774 655 fideles
793 606 836 643 no-

44 663 132 722 uantur,
147 659 256 721 quoniam
274 661 340 711 iidem
360 675 400 727 per
421 663 490 713 verba
514 663 652 726 gestantium
673 665 837 726 quodammodo

45 730 188 793 profitentur,
206 745 245 781 cur
261 731 329 783 etiam
348 747 393 784 non
406 737 551 797 penitentes
570 733 704 794 habeantur,
722 733 775 784 cbm
795 747 836 798 per

47 803 167 852 eorumdem
181 803 249 852 verba
268 804 403 866 gestantium
416 804 505 855 diabolo
518 810 542 855 et
555 805 609 855 buic
627 805 711 857 seculo
724 807 838 855 obrenun-

46 873 97 922 tiare
114 875 288 926 monstrentur?
305 893 318 922 o
332 877 361 926 Et
380 877 457 926 estem
476 877 564 927 ratione
582 881 678 940 possunt
697 877 740 928 dici
757 880 839 926 inteo-

42 945 138 1002 dentes,
154 959 201 996 uun
215 959 256 1010 per
273 950 346 997 actum
364 948 459 1012 proprie
474 948 625 1011 intentionis,
640 947 692 998 cium
709 947 754 1013 ipsi
767 961 838 1012 quan-

44 1016 113 1081 doque
124 1021 204 1068 contrn
212 1018 316 1068 nitantur
325 1021 348 1072 et
355 1019 453 1082 plorent,
463 1021 503 1070 ssd
516 1032 555 1084 per
563 1022 636 1070 actum
645 1032 723 1070 eorum
734 1019 839 1084 aquibus

42 1093 172 1154 eperuntnr.

70 1163 103 1211 Art
122 1162 248 1212 secundom
267 1161 395 1223 dicendum,
408 1161 469 1225 quod
483 1161 543 1213 sicut
558 1163 719 1228 Augustinus,
735 1163 838 1214 scribens

43 1232 165 1294 Boniiacio,
176 1232 230 1283 dicit
239 1233 326 1298 (Epist.
337 1233 451 1296 xcviiii:
466 1249 480 1282 o
492 1235 517 1283 in
530 1234 631 1285 Ecclesia
644 1235 768 1285 salvatoris
784 1249 837 1298 par·

44 1305 86 1353 noti
97 1317 139 1367 per
153 1303 211 1353 aiios
228 1305 338 1365 credunt,
353 1303 410 1354 sicut
423 1318 452 1354 ex
471 1305 585 1368 aliisque
601 1304 626 1354 in
636 1305 749 1369 baptismo
762 1307 837 1356 renuit·

44 1379 118 1424 tuntor
128 1377 222 1438 peccata
234 1377 385 1424 traxerunt.»
400 1377 448 1426 Nec
460 1376 582 1440 impeditur
595 1389 674 1426 eorum
686 1377 755 1436 satos,
766 1377 786 1426 si
798 1390 838 1441 pa-

46 1451 113 1498 rentes
123 1448 172 1496 sint
183 1445 297 1506 infideles,
308 1446 369 1510 quis,
381 1447 439 1497 sicut
454 1447 593 1511 Augustinus
607 1447 673 1509 dicit,
684 1446 757 1496 eidem
767 1447 838 1497 ttoni-

47 1518 96 1568 tacio
105 1517 221 1577 scribens,
234 1534 248 1564 o
257 1518 381 1568 offeruntur
391 1519 478 1582 parvuli
488 1519 516 1568 ad
523 1518 691 1583 percipiendam
701 1518 839 1583 spirituatem

50 1589 140 1652 gratiam,
153 1592 257 1638 nontam
274 1588 302 1638 ab
317 1588 350 1638 eis
362 1602 455 1652 quorum
474 1589 704 1652 gestanturmanibus
717 1590 840 1653 (quamuis

53 1661 103 1711 otoo
117 1660 192 1724 ipsis,
209 1659 230 1709 si
244 1663 269 1709 et
287 1659 331 1724 ipsi
347 1659 400 1710 boni
410 1699 416 1721 ,
428 1660 506 1710 tidetes
515 1661 598 1722 snott,
610 1660 677 1724 mann
692 1661 720 1709 ab
734 1661 840 1711 uniuersa

51 1733 145 1784 societate
159 1735 291 1782 sanctonum
306 1736 372 1794 utque
381 1731 491 1782 fidetium.
503 1731 648 1782 Abomnibus
659 1743 756 1795 namque
765 1732 841 1782 oiierri

49 1804 100 1855 recti
113 1804 285 1866 intelliguntur,
299 1802 380 1867 quibus
395 1803 472 1868 piacet
484 1803 543 1867 qrubd
560 1803 694 1864 offeruntur,
705 1807 730 1853 et
745 1816 840 1866 quorum

49 1877 149 1928 charitate
162 1877 191 1926 ad
207 1875 390 1926 communionem
400 1875 472 1926 sancti
488 1875 585 1939 Spiritus
598 1876 759 1939 adjunguntur.
774 1892 788 1922 o
803 1877 840 1926 in·

49 1948 134 1999 institas
148 1952 229 1998 autern
242 1947 382 2011 propriorum
400 1952 535 2011 parentum,
554 1945 643 1997 etiamsi
656 1958 695 1995 cos
715 1950 768 2010 post
784 1947 840 2010 bap·

48 2021 132 2072 tismum
147 2019 312 2073 daemoniorum
326 2019 443 2070 sacrificiis
460 2019 561 2069 imbuere
576 2021 696 2082 conentur,
706 2019 785 2082 pneris
794 2032 841 2068 non

49 2097 120 2158 uocet,
129 2093 199 2158 quin,
212 2094 238 2141 ut
251 2091 389 2154 Augustinus
405 2091 489 2141 ibidem
504 2090 574 2153 dicit,
589 2106 602 2137 «
612 2103 669 2154 puer
683 2091 754 2141 semei
769 2104 841 2155 gene·

50 2169 102 2215 ratus
115 2180 157 2229 per
173 2165 271 2214 aliorum
296 2163 407 2214 carnatem
421 2163 574 2228 voluptatem,
592 2162 643 2212 cbm
659 2162 730 2212 semel
747 2175 845 2225 regene-

51 2239 104 2285 ratus
113 2235 181 2286 inerit
195 2249 238 2299 per
251 2234 347 2284 niiorurn
361 2233 499 2297 spirituatem
508 2233 661 2296 uoluntatem,
675 2233 783 2296 deinceps
796 2246 842 2283 non

51 2311 115 2366 potest
127 2307 221 2356 uinculo
234 2305 314 2356 alienae
328 2305 453 2369 iniquitatis
467 2303 591 2367 obstringi,
602 2304 622 2354 si
636 2303 697 2353 nolit
709 2303 751 2354 sut
764 2304 844 2356 rotun·

53 2379 91 2426 tate
106 2378 233 2440 consentit,
247 2377 370 2428 secuntum
386 2377 441 2427 iilud
455 2377 552 2432 Ezectr„
563 2375 633 2425 nunu
650 2391 657 2425 z
672 2375 757 2426 «Sicut
768 2376 843 2426 anima

54 2450 173 2509 patrismea
184 2453 232 2511 est,
245 2451 276 2500 ita
287 2454 311 2500 et
323 2449 398 2499 anima
412 2449 459 2498 filii.
475 2449 555 2498 Anima
569 2461 620 2511 que
634 2448 776 2512 peccauerit,
791 2448 842 2512 ipsa

56 2521 160 2570 monetur.
176 2539 189 2568 o
207 2521 252 2572 Set
267 2521 320 2572 ideo
333 2521 451 2582 cuidam
471 2519 542 2570 traxit
553 2520 613 2582 quod
627 2518 762 2569 sacramenti
782 2517 844 2569 iiiios

57 2591 118 2648 grotti
129 2593 266 2655 solueretur,
277 2592 328 2656 quia
338 2593 437 2643 noudum
449 2595 499 2642 erat
509 2590 584 2639 anima
594 2589 716 2653 separatim
727 2588 817 2638 uirens.
828 2603 843 2634 s

58 2659 116 2710 Fides
127 2668 202 2713 nutem
216 2664 299 2725 nnius,
316 2660 363 2711 imb
376 2661 445 2712 totins
459 2659 583 2720 Ecclesiae,
593 2659 689 2724 paronio
699 2659 793 2722 prodest
803 2672 845 2722 per

58 2735 199 2793 operationem
208 2734 305 2800 Spiritus
316 2733 396 2796 sancti,
406 2733 443 2796 poi
454 2732 505 2782 unit
520 2731 656 2795 Ecclesiam,
670 2733 694 2782 et
703 2731 762 2780 bona
773 2729 844 2779 unius

59 2801 116 2851 atteri
128 2807 286 2856 communicat.

89 2874 117 2924 At
130 2876 219 2926 tertium
232 2875 429 2939 dissonosque
437 2875 498 2924 sicut
506 2887 571 2938 puer,
583 2871 634 2923 cium
647 2872 782 2936 baptizatur,
797 2882 844 2918 non

61 2943 207 3010 perseipsum,
222 2947 261 2999 sed
271 2959 312 3012 per
321 2945 378 2998 alios
388 2946 468 3009 credit,
480 2945 513 2996 itu
525 2957 570 2996 uon
580 2943 742 3008 perseipsum,
753 2939 793 2990 sed
806 2953 847 2984 ner
