1942 3284
121 207 152 253 tlt
307 212 368 252 raus
384 211 426 262 ru,
441 210 534 256 cuasa.
555 211 612 262 axv,
627 209 683 250 aar.
701 213 737 250 ιιι.

122 288 165 339 nis.
180 286 252 339 lledio
266 288 344 337 anum
356 285 422 336 morlo
433 297 459 334 se
471 283 542 334 hahet
555 287 720 335 sacramentum
731 285 922 339 confirmationis.

121 359 291 410 Sacramentum
304 355 359 408 rerll
372 354 513 420 poenitentiae
524 357 548 406 et
563 358 671 406 extremae
688 356 804 410 nnchunis
818 365 876 410 sunt
886 359 923 410 iu·
949 365 950 408 l

121 430 210 482 terioris
222 428 303 493 panus
315 427 453 492 apraedictis
468 427 705 491 sacramentis,quia‚
717 428 774 479 sicut
783 430 872 481 dictum
884 435 919 481 est

124 502 186 567 (art.
205 501 248 564 l),
257 501 390 552 ordinantur
408 500 438 550 ml
456 499 518 560 uiam
532 497 693 564 christianam,
707 513 753 552 uon
766 514 808 565 per
828 516 870 566 se,
882 504 923 554 sed

121 573 187 638 quasi
201 586 241 638 per
260 570 380 634 accidens,
395 570 483 621 sulieet
499 570 523 620 in
539 569 663 622 remedium
681 573 867 636 supervenientis
887 575 925 626 de-
950 589 951 600 ¹

121 645 209 707 tectim
230 645 360 708 interque
380 647 483 694 extrema
498 642 576 693 unrrlin
598 648 742 708 comparatur
762 645 790 696 ad
807 647 924 710 poeniten·
950 639 951 658 ³

124 717 194 778 ham,
207 716 267 768 sicut
281 716 422 767 confirmatio
435 717 463 767 acl
476 715 630 780 baptismum,
645 717 678 766 ita
692 717 778 770 scilicet
791 718 854 784 qnhd
871 732 924 785 pue·
951 715 952 784 l

123 789 223 841 nitentia
245 793 281 840 est
298 789 390 854 majoris
414 787 574 851 necessitatis,
592 789 632 840 sed
658 793 760 841 extrema
783 791 865 842 unctio
890 795 925 842 est

124 860 218 926 majoris
230 860 386 925 perfectionis.

154 932 302 996 ltprimum
318 945 372 995 ergo
392 930 526 996 dicendum,
542 931 603 995 quhd
618 932 786 983 matrimonium
810 934 925 986 ordinatu
952 944 953 1002 ι

118 1006 152 1056 «ιιι
165 1017 284 1055 mmmnne
300 1004 384 1054 hunum
400 1003 553 1068 mrpcraliter.
567 1003 612 1054 Sed
626 1003 841 1056 hunnmcumnrnne
858 1005 925 1072 spiri·
952 1013 953 1072 j

122 1077 184 1128 tuate
204 1076 274 1128 tetius
287 1075 393 1127 Ecclesia
405 1074 534 1127 continetur
547 1074 726 1128 substantialiter
735 1077 759 1126 in
773 1076 824 1141 ipsc
838 1079 925 1129 eucha-

123 1149 193 1200 ristia
207 1151 359 1200 sacramento.
953 1174 954 1209 ι

155 1221 189 1271 hu
202 1221 328 1270 secundnm
344 1219 478 1282 licendum,
492 1219 552 1284 quhd
568 1232 609 1283 per
622 1219 725 1270 ordinem
736 1222 759 1270 et
769 1221 925 1272 mnurmatic

125 1305 178 1343 nem
191 1292 327 1357 deputantur
336 1291 413 1341 fideles
424 1291 509 1341 Christi
518 1289 546 1340 ad
560 1291 635 1356 aliqua
651 1291 757 1356 specialia
773 1291 861 1355 officia,
876 1305 926 1358 qua

124 1364 240 1428 pertinent
252 1362 281 1413 al
294 1361 395 1413 cilicium
407 1360 523 1426 principis.
536 1361 564 1413 Et
576 1363 628 1414 ideo
640 1363 728 1413 trudere
742 1363 879 1426 huiusmodi
893 1377 927 1416 sa·
954 1402 955 1434 ,

124 1439 239 1486 eramenta
247 1433 347 1499 pertinet
358 1433 386 1484 ad
397 1433 469 1484 solnm
485 1433 632 1499 episcopum,
642 1435 682 1499 qui
691 1440 726 1485 est
737 1433 803 1499 quasi
816 1435 925 1500 princeps
954 1471 955 1474 ,

124 1507 149 1557 in
161 1507 271 1558 Ecclesia.
286 1506 331 1556 Per
342 1509 508 1556 sacramentum
520 1505 575 1556 vert
588 1504 731 1557 eucharistie
744 1519 790 1557 nun
803 1507 927 1571 deputatur

124 1581 193 1630 humo
209 1580 237 1629 nd
253 1578 344 1643 aliquod
365 1578 479 1642 efficium,
493 1580 532 1630 sel
547 1578 618 1642 magis
639 1580 683 1630 hoc
701 1583 873 1632 sacramentnm
892 1584 927 1632 est
955 1632 956 1642 ,

125 1653 177 1704 linis
190 1652 291 1704 emnium
302 1652 435 1713 citriorum,
449 1655 477 1700 ut
490 1650 574 1702 melum
585 1655 620 1702 est
631 1651 726 1715 (mrpl.

156 1727 190 1777 hd
203 1725 294 1776 tertium
313 1725 445 1786 dicendum,
459 1724 521 1787 quhd
535 1725 649 1774 character
668 1721 854 1787 sacramentalis,
867 1725 929 1776 sicul

127 1797 196 1862 suprl
211 1798 343 1848 dictumest
359 1796 419 1860 (qu.
435 1799 473 1858 63,
484 1799 528 1846 ert.
548 1795 591 1860 t),
606 1798 640 1846 est
658 1795 762 1859 quedam
779 1794 928 1860 participatio

127 1869 248 1920 sacerdotii
264 1866 356 1918 Christi.
375 1867 440 1917 llnde
457 1871 622 1918 sacramentum
637 1868 697 1931 qued
715 1867 790 1932 ipsum
808 1866 929 1920 Christum

126 1940 246 2004 conjungit
256 1939 343 1991 homini
351 1943 387 1990 est
396 1938 485 2003 dignius
496 1942 637 1991 sacramente
648 1940 708 2005 quod
721 1938 831 2006 imprimit
839 1941 928 1994 Christi

128 2014 289 2063 characterem.

158 2085 193 2135 lld
202 2089 307 2149 quartum
316 2082 449 2147 dicendum,
464 2083 525 2147 puhel
539 2083 596 2136 ratic
606 2084 645 2136 illa
657 2084 760 2150 procedit
771 2098 801 2136 ex
812 2087 877 2148 parte
889 2099 930 2137 ne·

127 2156 247 2208 cessitatis.
260 2155 394 2207 sicutenim
403 2156 539 2221 baptismus,
551 2156 603 2207 ciurn
615 2158 646 2209 sit
657 2156 760 2209 maxima
771 2157 929 2223 necessitatis,

126 2231 163 2280 est
178 2226 321 2293 potissimum
338 2231 545 2291 sacramentorum,
558 2227 591 2279 sic
608 2229 663 2281 urdo
682 2233 706 2280 et
721 2228 866 2280 confirmatio
882 2230 928 2281 ha-

127 2301 182 2352 hent
197 2300 318 2363 quamdam
338 2298 495 2350 excellentiam
509 2300 596 2351 ratione
616 2299 754 2362 ministerii,
767 2303 791 2350 et
805 2301 930 2353 matrimu-

128 2372 191 2421 ninm
210 2371 296 2422 ratione
307 2371 493 2437 signitimlicuis3
506 2372 564 2422 nihil
577 2372 638 2423 eninr
652 2370 757 2437 prohihet
770 2371 856 2438 aliquid
873 2386 929 2426 esse

125 2443 250 2566 ceterum
262 2443 317 2508 qma
333 2443 440 2510 mgnins,
453 2445 515 2510 quel
529 2447 606 2498 husu
623 2457 670 2498 nnn
679 2448 715 2498 ast
731 2443 821 2511 dignius
835 2446 929 2512 simpli-

129 2528 150 2568 ci
175 2530 196 2565 r.
732 2557 737 2566 .
