1942 3284
87 135 133 181 266
263 142 323 180 rans
338 141 379 190 ιιι,
395 139 490 183 ouhsr.
506 139 588 188 cxxrr,
601 137 659 176 nar.
678 139 717 180 vr.

380 319 540 372 hahebitis
554 320 594 372 vl.

255 447 531 506 'Utrbmaqnasitoino
537 445 713 504 permiscenda.

118 577 154 628 hd
172 578 263 627 sertum
280 575 315 624 sic
326 575 456 640 proceditm
470 573 514 639 (1).
529 573 625 625 Videtur
637 571 699 637 quod
719 585 783 637 aqua
802 585 861 625 non
882 570 912 622 sii
959 579 960 638 Ῑ

86 646 141 699 nino
160 645 325 710 permiscenda.
344 645 485 696 Sacrificium
511 644 575 694 enim
595 643 679 694 Christi
702 643 842 708 figuratum
868 642 912 692 init
959 639 960 666 l

86 731 129 781 per
142 716 279 768 oblationem
287 716 461 780 Melchisedech,
470 714 511 778 qui
522 715 591 772 Gen„
601 715 719 778 lllV,-n0n
732 713 830 776 legitur
842 712 914 765 obtu·
959 701 960 736 ¹

87 788 143 838 lisso
160 787 207 838 nisi
222 801 309 851 panem
324 790 347 838 et
362 789 451 837 vinum.
465 788 524 850 Ergo
538 785 628 836 videtur
638 784 699 848 quod
715 785 741 834 in
760 787 816 836 hoc
832 795 914 836 sacra·
957 787 958 790 ’

87 862 166 910 mento
177 873 223 909 non
234 859 317 908 debeat
329 858 424 922 adjungi
437 871 504 922 aqua.
959 919 960 924 Ἰ

119 934 145 979 2.
157 931 281 992 Praeterea,
296 929 438 981 diversorum
453 932 645 980 sacramentorum
658 927 756 978 diversa
778 929 848 980 sunt
861 939 913 977 mn·
959 937 960 950 ¹

88 1001 162 1052 teriae.
177 1001 221 1051 Sed
235 1014 293 1064 aqna
303 1005 338 1051 est
349 1001 443 1052 materia
453 1001 572 1066 baptismi.
585 999 645 1064 Ergo
658 1011 705 1050 non
722 999 796 1050 dehet
814 996 914 1050 assumi
959 991 960 1074 l

88 1073 119 1123 ad
136 1073 254 1123 materiam
267 1073 338 1136 hujus
352 1073 500 1124 sacramenti.
959 1087 960 1094 ¹

125 1149 149 1193 8.
165 1145 293 1205 Praeterea,
312 1145 380 1206 panis
396 1148 421 1195 et
439 1143 520 1194 vinum
544 1146 598 1194 sunt
618 1142 713 1194 materia
731 1142 809 1206 hujus
831 1154 912 1193 sacra·
959 1153 960 1164 ¹

90 1213 171 1266 merca.
186 1215 232 1264 ser
244 1215 300 1278 pam
311 1214 369 1264 nara
380 1213 520 1278 acjmgrrur.
538 1215 598 1278 mgb
609 1227 652 1266 nec
663 1214 717 1266 arno
729 1214 804 1265 rebec
818 1211 913 1278 mam
959 1199 960 1268 l

88 1287 194 1348 ad'ongi.
959 1299 960 1306 ¹

116 1303 168 1409 JSed
185 1360 263 1407 contra
280 1361 329 1419 est,
339 1357 400 1420 quod
414 1357 543 1407 Alexander
557 1357 620 1421 Papa
632 1355 710 1408 scribit
726 1372 733 1407 ε
752 1375 765 1406 a
779 1359 808 1408 ln
828 1367 911 1408 sacra·
959 1347 960 1380 ¹

89 1434 218 1480 mentorum
229 1427 381 1479 oblationibus
393 1442 445 1492 quse
464 1428 524 1478 inter
538 1427 658 1479 missarum
672 1428 785 1480 solemnia
801 1427 908 1482 Domino
959 1409 960 1458 1

88 1499 225 1559 olieruntur,
235 1498 302 1561 panis
317 1496 406 1547 ianthm
419 1501 443 1549 et
456 1497 537 1548 vinum
555 1497 614 1562 aqut
627 1497 766 1562 permixtum
781 1499 810 1550 in
829 1495 905 1549 secri-

88 1570 168 1622 iicinm
180 1570 304 1621 oderantur
315 1568 362 1632 (2).
375 1584 390 1617 o

125 1644 284 1708 (Conccnsro.
295 1640 444 1705 -Congruit
453 1645 479 1691 ut
494 1641 638 1694 eucharistiae
653 1644 825 1693 sacramentum
848 1654 906 1694 con·

90 1715 197 1766 ficeretur
206 1715 230 1764 in
242 1715 297 1767 rino
306 1727 365 1779 aqua
377 1713 500 1778 permixto,
513 1713 638 1765 secundhm
650 1713 712 1776 quod
722 1713 836 1766 Christus
844 1711 904 1764 illm
959 1715 960 1732 *

90 1783 219 1838 instituisse
233 1787 357 1846 creditur.)

88 1901 91 1906 .
122 1859 259 1922 Respondoo
274 1857 409 1918 dicendum,
424 1856 487 1920 qnod
503 1857 557 1908 vino
571 1857 631 1920 quod
644 1855 737 1906 cllcrtur
756 1855 782 1904 in
801 1857 852 1906 hoc
866 1865 904 1904 sa·

90 1933 208 1979 manento
222 1927 290 1977 debet
302 1940 362 1991 aqua
376 1927 468 1978 misceri
482 1942 489 1976 :
503 1925 579 1979 Primo
592 1927 699 1992 quidem,
713 1931 808 1991 propter
834 1924 904 1977 insli-

91 1997 219 2061 tntionem3
235 1997 382 2061 probabiliter
401 1997 464 2048 enim
482 1997 581 2048 creditur
595 1997 656 2061 quod
671 1997 783 2048 Dominus
803 1999 852 2050 hoc
866 2007 904 2046 sa·

91 2072 232 2120 canentum
242 2068 366 2118 instituerit
374 2069 399 2118 in
409 2069 463 2120 vino
474 2068 534 2132 aqua
544 2069 666 2133 permixto,
675 2068 804 2118 secundhm
812 2077 900 2120 morem

89 2138 152 2202 illius
168 2145 246 2203 lerrae3
267 2141 369 2192 undeet
386 2142 473 2198 Pron„
494 2141 539 2204 lll,
559 2140 639 2191 dicitur
662 2156 669 2190 :
691 2157 706 2188 <a
719 2139 795 2191 Bibite
818 2141 901 2190 vinnm

91 2213 153 2276 qnod
169 2211 252 2262 miscui
262 2211 337 2264 robis.
353 2212 496 2276 insecundo,
507 2211 561 2276 quia
570 2214 614 2264 hoe
628 2211 734 2263 convenit
747 2213 900 2276 representa·

91 2283 151 2334 tioni
159 2283 280 2334 dominica,
291 2283 421 2348 passionis3
431 2285 493 2335 unde
504 2284 559 2335 dicit
569 2283 697 2335 Alexander
709 2283 773 2347 Papa
788 2298 796 2333 :
813 2299 827 2330 c
843 2283 896 2334 Non

88 2353 160 2406 debet
172 2353 199 2404 in
207 2354 278 2405 calice
287 2355 379 2406 Domini
391 2358 430 2406 ant
439 2355 518 2407 vinnm
530 2356 604 2407 solnm
610 2393 619 2419 ,
629 2357 669 2406 aut
678 2367 737 2419 aqua
747 2355 797 2406 sola
808 2351 894 2412 chorri,

123 2467 157 2534 (1)
171 2475 204 2518 lle
215 2472 251 2518 his
261 2474 332 2520 etiam
345 2474 481 2533 lV‚Sect.‚
495 2474 550 2521 dist.
560 2472 587 2520 11
601 2509 606 2534 ,
621 2487 662 2534 qu.
673 2474 702 2535 2,
717 2477 762 2519 art.
774 2471 803 2534 1,
819 2479 896 2532 qums·

90 2533 164 2581 tinne.
178 2535 210 2590 ¹:
225 2540 249 2582 ct
261 2538 280 2584 l.
294 2536 363 2587 Gor..
376 2539 420 2598 xl,
432 2537 487 2582 lect.
498 2537 525 2597 6,
541 2538 588 2585 col.
599 2537 622 2583 5.

125 2603 157 2667 (2)
173 2607 218 2653 Vel
228 2607 262 2652 sic
274 2607 373 2666 plebilis,
383 2608 486 2667 Epistol.
498 2610 509 2654 l
519 2641 524 2666 ‚
535 2621 587 2667 cap.
599 2608 614 2653 1
626 2626 631 2654 =
641 2610 672 2654 lo
683 2611 890 2654 sacramentam

91 2667 255 2715 oblationibus
276 2682 330 2728 qno
351 2673 420 2717 dour
437 2672 570 2717 mimarum
587 2671 706 2718 solemnio
718 2672 824 2716 Domino
841 2668 894 2730 offe·

93 2737 205 2784 ructor,
216 2735 299 2791 portic
313 2734 415 2780 Domini
427 2735 551 2780 miscenda
570 2739 622 2785 ert,
635 2739 663 2780 act
683 2733 756 2791 ccjacc
768 2745 858 2792 corpas
872 2732 893 2776 ct

86 2798 196 2854 :abacis
210 2797 351 2856 conficitur,
364 2798 418 2854 ejice
428 2799 513 2855 passio
526 2797 674 2850 celebretur:
691 2799 728 2843 tta
741 2800 770 2844 ut
787 2794 892 2857 repulso

67 2910 72 2919 ἡ
93 2859 253 2917 opinionibus
266 2861 479 2920 commuttionem,
494 2863 568 2922 ponta
583 2860 690 2913 tactim,
699 2863 744 2908 etc.

12 3035 132 3252 h
