1942 3284
462 161 546 201 3²2⁴]
797 165 919 204 PARS
950 167 1032 217 111,
1065 166 1248 211 QUAEST.
1283 168 1471 218 Lxxvu,
1504 168 1616 205 Ant.
1653 170 1705 205 u.

458 245 682 308 desidem,
711 242 884 294 scilicet
905 242 1080 295 ratione
1101 243 1316 307 subjecti.
1333 244 1607 294 Dividuntur
1630 248 1783 295 autem
1813 244 1942 309 quali

457 320 737 366 remanentes
765 316 815 365 in
843 317 931 366 hoc
953 320 1234 367 sacramento
1266 330 1348 379 per
1381 316 1653 366 divisionem
1680 316 1942 381 quantitati:

458 389 696 447 niensivae,
731 388 849 437 sicut
887 389 1015 452 patet
1050 389 1105 437 ad
1140 402 1342 439 sensum.
1382 388 1501 451 Ergo
1526 388 1762 451 quantitas
1800 389 1942 438 dimer

454 469 522 509 est>
546 460 793 524 subjectum
830 458 1130 509 accidentium
1153 474 1253 522 quae
1281 463 1520 511 remanent
1548 461 1600 510 in
1630 462 1719 511 hoe
1750 473 1942 510 sacram«

534 533 844 593 tssoncnusio.
872 557 933 567 —
963 532 1129 582 Omnia
1157 530 1411 581 accidentia
1443 535 1604 596 praeter
1633 533 1942 595 quantitatem

454 605 735 665 mensivam,
766 613 866 667 quae
893 606 1130 654 remanent
1168 602 1218 652 in
1259 605 1572 666 sacramento,
1598 604 1813 667 quamvis
1852 604 1904 653 in
1941 620 1942 623 ¹

454 677 542 725 sint
570 676 819 727 substantia
836 714 849 739 ‚
876 679 984 725 sunt
1015 679 1170 725 tamen
1197 675 1246 724 in
1273 674 1526 738 quantitate
1548 676 1804 726 dimensiva
1840 688 1942 739 pan

453 749 546 797 7cini
574 753 789 812 tanquam
816 748 866 798 in
898 746 1144 811 subjecto.)

518 821 782 883 Respondeo
800 820 1058 881 dicendum,
1076 817 1192 880 quod
1212 831 1400 869 necesse
1422 821 1495 868 est
1513 818 1662 869 dicere
1682 818 1942 869 accidentia

454 909 554 953 quar
594 894 827 941 remanent
855 891 903 941 in
929 892 1020 941 hoc
1047 894 1332 940 *sacramento
1352 928 1368 953 ‚
1397 902 1500 939 esse
1528 890 1647 939 sicut
1678 890 1728 939 in
1768 889 1942 953 subjec³

454 964 704 1025 qirvzintitate
730 962 983 1013 dimensiva
1005 962 1135 1026 panis
1156 962 1233 1013 vel
1255 961 1354 1012 vini
1375 964 1655 1013 remanente.
1683 962 1840 1013 Primo
1865 961 1942 1026 qui

454 1053 530 1097 pen·
562 1037 649 1084 hoc
684 1034 803 1097 quod
839 1036 893 1084 ad
928 1047 1111 1085 sensum
1150 1038 1337 1097 apparet
1376 1034 1546 1097 aliquid
1580 1037 1806 1098 quantum
1850 1047 1942 1084 ess«

458 1109 715 1161 [st-duratum.
740 1111 787 1156 et
804 1105 904 1155 aliis
925 1106 1236 1157 accidentibus
1258 1106 1486 1167 affectum3
1519 1106 1677 1156 necin
1699 1106 1867 1157 talibus
1893 1118 1942 1155 se

454 1179 692 1241 deripitur.
721 1178 928 1228 Secundo
949 1215 962 1239 ,
987 1177 1095 1241 quia
1130 1178 1284 1240 prima·
1307 1177 1544 1240 dispositio
1572 1177 1771 1227 materiae
1806 1182 1881 1227 est
1909 1193 1939 1240 q

458 1253 558 1297 [itas
586 1248 867 1312 dimensiva3
897 1250 1019 1301 unde
1046 1255 1091 1299 et
1116 1252 1244 1301 Plato
1276 1250 1430 1315 posuit
1450 1249 1622 1314 primas
1646 1249 1934 1300 differentias

458 1321 578 1369 [er-ire
607 1335 853 1385 maynum
883 1324 928 1370 et
958 1336 1195 1382 parvum.
1231 1323 1287 1371 Et
1313 1320 1419 1385 quia
1455 1321 1653 1384 primum
1697 1320 1942 1383 subjecturi

454 1392 637 1441 materia
656 1430 668 1453 ‚
694 1403 978 1453 consequens
1001 1396 1071 1443 est
1098 1392 1220 1457 quod
1238 1392 1388 1443 omnia
1414 1392 1503 1441 alia
1524 1391 1777 1442 accidentia
1793 1392 1941 1442 resera

454 1465 506 1513 :id
538 1463 790 1527 subjectum
820 1463 1048 1513 mediante
1069 1464 1320 1527 quantitate
1348 1463 1602 1514 dimensiva
1624 1464 1762 1529 (sicut
1779 1468 1826 1515 et
1853 1461 1942 1527 prii

454 1537 702 1601 §umectum
726 1536 888 1586 coloris
917 1535 1078 1586 dicitur
1104 1549 1206 1587 esse
1235 1536 1548 1600 superficies),
1578 1536 1752 1587 ratione
1791 1536 1927 1600 cujus

454 1613 554 1657 [lam.
598 1613 848 1673 posuerunt
892 1608 1201 1659 dimensiones
1236 1622 1338 1659 esse
1383 1608 1663 1659 substantias
1699 1622 1942 1673 corporum

454 1681 617 1733 aii-ritui·
638 1682 686 1730 in
713 1682 746 1730 Ι.
773 1679 1145 1744 Metaphysz'coe.
1168 1681 1224 1729 Et
1250 1680 1355 1743 quia
1384 1679 1613 1729 subtracto
1639 1679 1875 1748 subjecto,
1901 1693 1942 1730 re

454 1757 562 1801 uerit
596 1751 849 1802 accidentia
877 1750 1126 1801 secundnm
1154 1763 1257 1802 esse
1290 1751 1413 1814 quod
1445 1751 1570 1813 prius
1599 1752 1860 1812 habebant,
1886 1765 1942 1801 co

454 1837 596 1885 spiens
627 1827 695 1872 est
741 1822 860 1885 quod
895 1822 1048 1871 omnia
1093 1821 1342 1871 accidentia
1379 1826 1643 1872 remaneant
1687 1822 1876 1872 fundata
1915 1837 1939 1872 s

450 1893 751 1957 .rpmntitatem
771 1891 1085 1942 dimensivam.
1109 1892 1280 1955 Tertio,
1299 1892 1404 1955 quia
1427 1891 1531 1942 cum
1555 1893 1813 1956 subjectum
1838 1893 1897 1943 sit
1921 1908 1942 1957 ς

454 1965 619 2025 opium
649 1962 1023 2013 individuationis
1062 1964 1393 2032 accidentium,
1417 1968 1599 2027 oportet
1625 1964 1672 2013 id
1711 1966 1832 2027 quod
1867 1977 1942 2028 por

454 2037 702 2097 aliquorum
740 2033 1043 2083 accidentium
1084 2035 1370 2098 subjectum,
1398 2047 1501 2085 esse
1541 2035 1696 2097 aliquo
1726 2035 1858 2086 modo
1889 2035 1942 2084 in·

454 2104 678 2155 *titutionis
696 2104 990 2169 principium.
1009 2106 1253 2165 Quantitas
1275 2109 1424 2155 autem
1451 2106 1705 2155 dimensiva
1731 2110 1804 2157 est
1827 2107 1941 2170 quod

458 2176 818 2226 inidiriduationis
856 2177 1156 2242 principium.
1192 2180 1272 2228 Est
1321 2177 1444 2227 enim
1485 2180 1542 2228 de
1583 2179 1764 2229 ratione
1802 2177 1940 2229 indivi

454 2249 570 2313 [prud
597 2261 685 2299 non
714 2249 860 2313 possit
882 2248 929 2298 in
956 2249 1164 2314 pluribus
1195 2263 1317 2301 esse.
1346 2250 1474 2309 Quod
1501 2250 1687 2313 quidem
1715 2250 1937 2314 contingit

454 2325 630 2385 punite:-
667 2335 678 2369 ε
712 2334 805 2371 uno
833 2322 966 2371 modo
985 2356 998 2380 ,
1027 2321 1134 2385 quia
1166 2334 1258 2373 non
1297 2326 1368 2373 est
1392 2326 1550 2372 natum
1586 2334 1690 2372 esse
1717 2321 1768 2372 in
1803 2323 1942 2386 atiquo

454 2397 538 2441 hue
566 2394 697 2443 modo
726 2394 882 2444 formae
913 2392 1239 2444 immateriales
1270 2397 1516 2459 separatae,
1534 2407 1617 2458 per
1640 2406 1688 2443 se
1718 2394 1942 2446 subsisten

450 2473 554 2517 sunt
578 2466 712 2517 etiam
737 2479 819 2529 per
841 2465 1018 2530 seipsas
1036 2464 1300 2529 individuae3
1323 2466 1413 2516 alio
1436 2467 1569 2517 modo
1587 2479 1645 2515 ex
1663 2479 1720 2517 eo
1729 2504 1748 2530 ,
1769 2467 1888 2530 quod
1903 2466 1942 2516 fo

454 2537 761 2589 sishstantialis
787 2539 861 2588 vel
888 2536 1181 2588 accidentalis
1209 2543 1280 2588 est
1306 2538 1488 2601 quidem
1527 2543 1634 2588 nata
1662 2537 1714 2587 in
1748 2538 1896 2601 aliquo
1920 2550 1942 2587 e

454 2625 542 2661 uun
570 2613 721 2661 tamen
750 2608 799 2659 in
825 2609 1030 2673 pluribus
1063 2609 1182 2659 sicut
1208 2610 1309 2661 hoec
1335 2609 1521 2670 albede,
1539 2622 1642 2672 quae
1671 2613 1744 2659 est
1771 2610 1818 2659 in
1840 2612 1922 2660 hoc

450 2697 574 2745 [mre.
596 2682 824 2741 Quantum
849 2681 990 2745 igitur
1016 2683 1068 2732 ad
1107 2680 1328 2745 primum,
1362 2680 1547 2731 materia
1583 2685 1654 2731 est
1679 2680 1942 2732 individuati

450 2753 721 2817 principium
754 2753 961 2804 omnibus
988 2753 1144 2805 formis
1174 2754 1514 2815 inhaeoentibuS‚
1529 2754 1636 2817 quia
1663 2768 1766 2804 cum
1791 2755 1942 2818 hujusn

454 2825 608 2875 sermm
638 2828 854 2887 quantum
883 2829 954 2875 est
975 2827 1032 2876 de
1059 2838 1133 2888 se,
1161 2824 1257 2875 sint
1293 2829 1412 2876 natae
1440 2826 1492 2874 in
1515 2825 1668 2889 aliquo
1695 2838 1798 2876 esse
1816 2863 1829 2889 ,
1857 2825 1942 2875 sicu

454 2897 684 2958 suiijecto,
705 2908 763 2947 ex
795 2910 885 2961 quo
919 2896 1071 2961 aliqua
1101 2908 1256 2949 earum
1286 2896 1500 2963 recipitur
1527 2896 1576 2947 in
1604 2897 1793 2948 materia
1831 2910 1924 2962 quae
