1942 3284
112 168 158 220 stt
289 179 350 218 raus
364 181 404 230 m,
422 179 516 226 ourasr.
532 177 613 230 urxrr,
630 177 685 218 aar.
703 177 729 220 r.

413 364 572 415 ARTICULUS
586 363 615 415 V.

121 491 208 539 vtrdm
228 491 312 536 vinam
325 490 381 535 vitia
396 491 428 536 sit
443 491 544 548 propria
557 491 661 536 materia
673 491 747 548 datas
762 495 918 540 sacramenti.

148 619 183 670 dd
196 618 300 683 quintum
311 618 344 668 sic
354 617 483 682 proceditur
494 618 540 682 (1).
549 617 643 669 Videtur
654 619 715 682 qudd
726 621 817 672 nonsit
833 621 917 686 propria

113 691 214 742 materia
232 690 303 755 hujus
316 691 451 740 sacramenti
468 689 548 741 uiuum
560 690 623 740 ritis.
641 691 705 741 Sicut
725 693 788 743 enirn
809 707 873 756 aqua
889 693 919 743 est

115 763 212 813 materia
227 761 353 825 baptismi,
373 761 406 812 ita
423 763 504 812 viuum
519 765 554 813 est
573 762 665 812 materia
685 763 757 827 hujus
772 764 918 816 sacramenti.

116 834 163 885 Sed
178 833 202 882 in
214 833 314 896 qualibet
328 846 386 897 aqua
400 837 476 898 potest
490 833 541 884 fieri
552 834 687 898 baptismus.
703 835 762 898 Ergo
776 835 803 884 in
822 835 921 900 quolibet

116 904 172 955 uino
185 904 257 968 (puta
274 906 383 954 malorum
398 908 561 969 granatorum,
577 905 615 956 sel
628 919 760 968 mororum,
777 911 821 957 aut
838 908 920 971 hujus-

116 976 211 1040 modi),
226 978 303 1039 potest
316 975 398 1027 confici
417 979 462 1028 hoc
480 980 666 1041 sacramentum3
681 979 816 1041 prasertim
834 978 887 1029 cirnr
900 977 921 1025 iu

117 1046 254 1110 quibusdam
267 1048 334 1097 terris
355 1047 414 1098 vites
427 1061 475 1099 nou
492 1051 604 1098 crescant.

149 1123 173 1168 Ξ
180 1119 318 1180 Preterea,
334 1122 424 1169 acetum
442 1123 478 1170 est
496 1119 599 1182 quaedam
618 1121 706 1184 species
724 1120 790 1183 uini,
817 1122 879 1186 quod
898 1119 922 1170 de

115 1189 165 1239 rite
179 1189 289 1251 sumitur,
303 1193 331 1239 ιιι
347 1191 446 1241 isidmus
465 1191 521 1240 dicit
534 1191 580 1256 (2).
598 1191 642 1242 Sed
655 1191 683 1242 de
699 1197 764 1244 aceto
781 1207 833 1244 non
848 1193 920 1258 potest

117 1259 200 1312 confici
211 1263 256 1311 hoc
270 1266 445 1313 sacramentum.
456 1263 515 1326 Ergo
529 1263 618 1314 videtur
629 1263 726 1327 qudd
704 1279 785 1314 uinum
806 1265 867 1316 uitis
880 1275 921 1356 uon

117 1332 148 1383 sit
161 1332 252 1397 propria
265 1333 357 1382 materia
372 1335 442 1398 huius
455 1335 604 1384 sacramenti.

150 1408 173 1454 a.
189 1405 319 1465 preterea,
333 1405 393 1453 sicut
408 1407 437 1455 de
455 1405 502 1454 vite
519 1405 615 1454 sumitur
630 1405 710 1458 uinum
725 1407 879 1472 depuratum,
893 1406 920 1454 ita

116 1475 187 1526 etiam
201 1480 290 1539 agresta
304 1478 327 1524 et
338 1479 447 1525 mustum
460 1476 505 1526 Sed
520 1476 548 1526 de
568 1475 605 1528 his
621 1491 668 1529 uon
682 1479 773 1530 uidetur
784 1493 860 1544 posse
873 1489 921 1528 con-

118 1545 155 1596 fici
172 1548 217 1596 hoe
240 1549 417 1608 sacramentum,
431 1548 558 1597 secuudum
578 1549 634 1599 iilud
654 1551 734 1612 quod'
728 1564 753 1600 un
772 1551 815 1601 vt.
832 1546 918 1615 syuodo

116 1614 222 1683 legitur·
236 1617 385 1670 «didicimus
398 1618 486 1684 qudd
479 1633 504 1669 ιιι
521 1620 656 1683 quibusdam
673 1621 776 1672 ecelesiis
793 1623 920 1673 sacerdotes

119 1690 232 1742 sacrificio
243 1690 366 1742 oblationis
379 1691 520 1756 conjungant
530 1705 597 1757 uvas,
607 1696 629 1742 et
644 1691 677 1742 sic
689 1692 756 1743 simul
767 1699 870 1759 utraque
884 1703 920 1756 po

117 1763 173 1826 pulo
193 1763 343 1827 dispensent,
357 1763 503 1826 praecipimus
521 1763 601 1828 igitur,
616 1765 641 1813 nt
655 1763 729 1814 nulius
751 1767 862 1817 sacerdos
881 1766 918 1814 hoc

116 1832 215 1883 utteriirs
227 1835 332 1883 iaciat.»
344 1834 375 1882 Et
386 1835 459 1884 Julius
471 1847 531 1899 papa
542 1835 689 1899 reprehendit
701 1836 812 1898 quosdam
824 1836 866 1901 qui
884 1848 919 1885 ex·

109 1916 224 1968 pressum
237 1905 317 1954 uinum
335 1905 360 1954 in
371 1907 632 1958 sacramentodominici
648 1907 725 1958 calicis
742 1910 853 1960 offerunt.
865 1909 917 1969 Ergo
950 1907 951 1988 i

112 1973 208 2026 ‘uidetur
223 1975 283 2039 qudd
298 1976 378 2026 uiuum
394 1977 448 2028 ritis
461 1991 509 2029 uon
525 1977 554 2029 sit
571 1978 663 2044 propria
680 1979 775 2031 materia
799 1981 870 2046 hujus
885 1989 918 2028 sa·

120 2048 241 2098 canenti

151 2117 197 2168 Sed
217 2121 297 2171 contra
312 2123 356 2182 est,
374 2121 434 2185 qudd
451 2123 511 2173 siem
523 2123 632 2174 Dominus
650 2135 675 2174 se
688 2125 833 2189 compararit
853 2130 916 2188 grano

117 2188 240 2252 immenti,
255 2191 288 2242 ita
307 2192 375 2243 etiam
388 2208 413 2244 se
433 2195 574 2260 compararit
591 2194 646 2259 viti,
662 2193 739 2246 dicens
757 2197 842 2252 Joaa„
862 2192 916 2244 XV:

120 2277 135 2308 a
151 2262 199 2324 Ego
216 2275 267 2312 sum
286 2263 339 2314 ritis
360 2279 423 2317 vera
442 2282 456 2313 a
480 2267 526 2317 Sed
542 2267 604 2318 solus
621 2265 686 2331 panis
703 2267 731 2317 de
752 2267 868 2318 frumento
885 2263 916 2314 est

117 2332 213 2382 materia
229 2333 298 2398 hujus
311 2337 461 2397 sacramenti,
471 2339 499 2386 ut
511 2337 596 2387 dietum
608 2341 643 2389 est
657 2338 710 2402 (art.
727 2339 761 2400 3)
774 2339 836 2402 Ergo
848 2335 914 2387 solum

115 2402 197 2453 uinum
212 2404 239 2456 de
255 2406 303 2457 site
317 2412 352 2458 est
362 2409 454 2474 propria
464 2409 560 2460 materia
571 2409 641 2476 hujus
656 2409 802 2460 sacramenti.

150 2476 309 2542 (Conuuusro.
330 2481 453 2532 S-olum
476 2481 556 2531 uinum
582 2481 636 2532 vitis
657 2480 748 2547 propria
770 2485 806 2532 est
827 2474 913 2532 narem

114 2547 187 2612 hujus
206 2551 357 2615 sacramenti,
376 2566 443 2618 quarn
457 2551 563 2602 Christus
576 2552 685 2604 instituit
696 2552 706 2616 )

148 2620 284 2686 Respondeo
303 2624 437 2689 dicendum,
451 2623 512 2690 qudd
526 2625 554 2676 de
569 2623 617 2677 solo
630 2625 685 2676 uiuo
696 2624 752 2675 uitis
772 2626 849 2689 potest
866 2629 915 2671 con·

148 2772 575 2839 (t)1tahraeuam1vsmt.,dsst.
592 2779 911 2856 11,qo.s‚art.a,quea·

117 2838 303 2896 tiunc.1;·e.t1
319 2842 385 2898 Gor.
397 2845 442 2904 XI,
456 2846 511 2890 lect.
523 2844 577 2902 ·t,
570 2845 702 2904 rupriueip.

148 2909 180 2975 (2)
198 2912 298 2962 Acetum
313 2911 403 2976 (inquit
412 2914 431 2979 ),
446 2917 633 2975 quincentum,
647 2916 685 2964 oei
698 2917 758 2976 quia
771 2911 911 2976 macaris·

53 3208 74 3256 Α
161 3216 178 3256 k
