1942 3284
149 175 180 211 ὓΙ
196 172 362 212 insolitam
378 172 681 213 communitionem.
771 168 819 215 755
853 190 854 193 ’

21 251 68 301 itur
79 248 211 315 jmieiictio
226 249 251 299 iu
265 249 372 301 exteriori
383 249 449 313 loro,
467 264 514 301 non
526 254 601 301 autem
616 250 641 300 in
655 251 819 303 absolutionela

20 323 107 372 necato
122 333 184 371 :nee
196 321 296 384 exigitur
305 321 381 371 cautio
391 320 526 381 iuramenti,
540 322 600 371 sieut
611 321 711 384 exigitur
719 322 744 371 in
753 322 821 374 aliso-

20 390 100 442 utione
110 392 139 441 alu
152 391 411 454 exeommunicatioue3
432 405 473 457 per
484 394 639 456 juramentum
657 393 717 443 enim
729 396 821 444 conuo-

20 463 102 526 miae,
111 476 163 527 qua
173 468 227 513 sunt
241 464 301 514 iuter
316 463 436 526 homiues,
452 464 609 527 terminantur,
621 462 748 515 secundnm
759 466 821 528 ipo-

20 534 108 585 stolum.

43 605 81 654 lo
93 602 221 654 meusium
243 604 378 669 (licendum,
394 604 455 668 quil
470 604 522 655 cim
542 605 752 656 excommunicatus
773 616 819 656 non

20 673 45 725 uit
65 674 188 739 particeps
207 678 400 725 monumentorum
415 676 540 738 Ecclesia,
556 676 660 726 sacerdos
680 690 726 727 non
745 678 820 741 potest

20 747 137 797 absoluere
146 746 369 797 excommunicatum
380 746 479 812 lculpa,
492 746 538 797 nisi
550 746 581 797 sit
591 746 656 811 priius
667 747 783 799 absolutus
792 746 822 797 ab

20 817 264 869 excommunicatione.

313 926 472 977 tementes
484 924 516 976 ll.

184 1049 271 1094 Utrum
280 1048 369 1107 eliquia
374 1049 452 1107 poerit
461 1049 551 1095 absolvi
566 1049 664 1093 invitae.

48 1177 83 1226 lo
100 1176 226 1226 secundum
245 1174 278 1226 sic
298 1176 439 1241 proceditur.
454 1176 549 1225 Videtur
571 1172 632 1238 quoti
651 1175 728 1225 nulus
750 1174 824 1239 possit

22 1245 107 1297 taetri
118 1246 212 1297 inuitus.
226 1246 359 1311 spiritualia
370 1247 431 1297 enim
443 1260 490 1297 non
500 1246 647 1297 courleruntur
658 1245 726 1295 alicui
740 1244 822 1295 inuito.

20 1317 65 1369 Sel
77 1318 235 1369 absolutioni
248 1318 486 1369 excommunicatione
503 1322 538 1369 est
547 1317 683 1369 beneficium
694 1316 823 1381 spirituale.

20 1388 77 1454 lingo
89 1402 139 1441 non
150 1393 227 1454 potest
241 1390 348 1455 praestari
366 1391 448 1441 inuito.

49 1465 74 1511 2.
86 1462 215 1524 Preterea,
226 1462 472 1513 excommunicationis
481 1474 549 1512 causa
562 1463 597 1511 est
610 1459 764 1510 contumacia.
779 1458 824 1510 Sed

22 1533 112 1594 qnando
130 1531 213 1595 alquis
235 1545 283 1583 non
297 1533 347 1582 uult
369 1533 471 1597 absolui,
489 1530 746 1583 excommunicationem
765 1542 825 1580 con-

23 1605 143 1667 temnens,
161 1606 216 1653 tunc
229 1610 265 1654 eet
285 1604 383 1656 maxime
398 1608 532 1655 contumax.
553 1602 613 1665 lingo
628 1615 674 1651 non
687 1604 763 1666 potest
780 1600 826 1651 ab·

27 1674 88 1723 solui.

52 1747 95 1797 Sed
106 1749 186 1799 contra
194 1762 201 1796 a
209 1746 417 1798 excommunicatio
425 1751 504 1798 eontra
515 1746 657 1797 uoluntatem
668 1743 736 1795 alicui
749 1746 826 1808 potest

26 1815 110 1868 interni.
128 1817 176 1868 Sed
193 1832 244 1883 quc
260 1822 340 1869 contra
352 1820 494 1870 uoluntatem
512 1818 638 1877 eueniunt,
658 1814 727 1865 etiam
746 1817 826 1865 eontra

25 1888 164 1939 uoluntatem
185 1892 285 1940 amoueri
301 1895 411 1955 possunt,
422 1890 482 1940 sicut
500 1893 564 1954 patet
581 1888 609 1938 de
630 1884 696 1937 bunis
715 1885 824 1937 fortune.

26 1957 83 2023 Ergo
93 1961 300 2013 excommunicatio
309 1966 383 2026 potest
397 1960 445 2013 tolli
461 1962 490 2011 ab
504 1961 580 2025 aliquo
593 1958 675 2008 inuito.

58 2032 221 2095 (concinere.
234 2033 497 2097 -Excommunicatio‚
510 2032 562 2083 cium
581 2043 650 2097 poena
669 2028 773 2093 quatiam
787 2026 826 2090 sit,

28 2102 54 2151 ad
66 2117 135 2166 quam
154 2104 303 2170 impertinens
314 2110 350 2156 est
362 2105 526 2168 uoluntarium,
540 2104 600 2153 sicut
616 2103 640 2151 in
657 2100 754 2151 inuitum
764 2098 827 2161 terri,

30 2173 62 2223 sie
73 2180 98 2226 et
108 2175 197 2227 inritus
208 2176 291 2241 aliquis
306 2176 394 2228 absolvi
410 2178 438 2228 ab
451 2190 478 2227 ea
493 2175 596 2242 potest.)

59 2246 195 2312 Respondeo
208 2248 343 2309 dicendum,
356 2247 416 2312 qnod
435 2248 520 2298 malum
535 2247 608 2309 culpe
622 2248 645 2296 et
656 2256 730 2308 pena
743 2242 767 2291 in
785 2242 830 2291 hoe

32 2314 149 2382 filerunt,
157 2319 217 2383 qnid
227 2321 301 2385 culpa
314 2318 452 2384 principium
461 2322 498 2367 est
506 2319 530 2367 in
545 2317 620 2377 nohis,
628 2316 682 2380 quia
695 2326 763 2365 omne
775 2324 832 2375 peo-

33 2392 104 2439 catum
121 2391 275 2442 uoluntarium
295 2395 428 2455 esi3poene
446 2393 521 2439 eutem
542 2388 680 2452 principium
695 2385 833 2450 quandoque

32 2462 93 2510 exoa
105 2472 149 2512 noe
162 2467 211 2524 est3
225 2476 272 2513 non
286 2465 348 2513 euim
360 2459 487 2524 requiritur
500 2462 527 2511 aul
535 2472 627 2525 poenam
640 2458 699 2523 quod
710 2457 739 2506 sit
749 2454 833 2504 uolun-

31 2530 99 2594 taria,
115 2531 164 2583 imo
176 2533 249 2597 magis
261 2538 297 2585 est
309 2533 337 2584 de
350 2533 440 2583 ratione
450 2546 525 2596 poena
543 2530 602 2595 quid
615 2530 645 2581 sit
660 2531 742 2579 contra
751 2524 834 2575 uoluu-

31 2600 110 2651 aem.
125 2603 155 2653 nt
165 2603 217 2654 ideo
227 2604 286 2657 sicut
296 2607 391 2670 peccata
406 2616 454 2654 non
467 2602 639 2654 committuntur
647 2598 693 2650 nisi
706 2597 831 2655 minoem,

32 2667 62 2719 ’la
74 2686 120 2723 non
136 2674 281 2726 remittuntur
298 2676 366 2727 alicui
381 2675 458 2725 inuito
474 2690 480 2725 ε
500 2676 540 2725 sei
554 2668 758 2725 excommunicatio
771 2666 833 2745 sicut

32 2738 55 2789 iu
68 2744 168 2808 aliquem
179 2746 276 2797 inuitum
284 2746 338 2797 ierri
348 2749 435 2812 potest,
443 2748 475 2797 ita
490 2746 559 2796 etiam
570 2744 656 2795 inuitus
669 2742 697 2791 ab
707 2750 735 2790 ea
746 2736 832 2788 aieolra

34 2814 127 2872 reteit.

45 2879 49 2887 '
61 2885 94 2935 ld
106 2885 209 2950 primum
222 2898 277 2953 ergo
287 2888 492 2955 uiuentium,un
503 2886 628 2955 pmpositio
637 2883 831 2936 hahetueritatem
