1942 3284
25 651 33 761 q-—

61 572 70 589 ο
57 505 72 535 ,-
57 393 61 442 '⁴

109 853 122 1104 -γ--ει
110 748 117 787 a
104 317 126 600 “““;--

155 1008 157 1018 -
154 916 158 935 -
150 718 158 739 Δ
138 415 142 423 ⁴

0 773 95 1289 ᾖξε-εἰέκ

102 2086 113 2104 ·
88 1993 113 2033 ¹-
98 1936 100 1940 ἡ
48 1297 138 1898 munii-¹⁵33?
109 1230 122 1262 ι-
81 1158 122 1197 .:

386 54 474 100 304
726 60 845 99 PARS
876 61 958 108 111,
991 58 1181 103 QUAEsT.
1214 58 1390 107 Lxxv1‚
1417 56 1528 95 Am.
1566 57 1633 96 tv.

386 134 433 185 Si
466 146 573 197 ergo
601 132 650 182 in
687 134 775 183 hoc
808 133 1092 181 sacramento
1132 130 1194 180 sit
1228 128 1459 193 quantitas
1497 128 1764 180 dimensiva
1798 140 1942 192 corpor

386 204 553 256 Christi
566 242 580 265 ,
602 217 703 253 eum
724 201 976 267 quantitate
995 200 1249 251 dimensiva
1277 201 1458 260 hostias,
1477 201 1712 264 quantitas
1734 200 1942 251 dimensi

386 275 582 340 corporis
615 274 788 324 Christi
812 274 1083 325 extendetur
1106 272 1222 322 ultra
1255 273 1560 336 quantitatem
1588 272 1781 335 hostiae,
1803 286 1909 335 quaa
1933 276 1942 320 1

390 361 493 397 men
521 361 611 399 non
639 346 827 397 estsine
854 345 1107 395 substantia
1135 344 1333 409 corporis
1359 344 1551 394 Christi.
1584 344 1702 407 Ergo
1739 345 1942 394 substant

386 419 587 483 corporis
619 417 790 468 Christi
816 417 901 467 erit
932 416 982 466 in
1006 418 1094 467 hoc
1119 418 1400 466 sacramento
1439 416 1581 467 etiam
1619 419 1798 479 praeter
1826 415 1942 478 speci

386 491 535 553 panis3
561 491 683 553 quod
708 498 778 540 est
811 488 1160 552 inconveniens,
1177 486 1280 537 cum
1313 487 1563 538 substantia
1587 485 1802 551 corporis
1829 486 1942 536 Chri

386 575 474 611 non
496 562 554 611 sit
578 563 626 611 in
651 563 739 612 hoc
760 562 1071 619 sacramento,
1104 559 1192 608 nisi
1227 572 1310 622 per
1340 558 1731 609 consecrationem
1760 557 1932 622 panis,

386 634 553 683 dictum
577 637 649 685 est
679 635 799 695 (art.
820 638 846 682 1
874 632 907 695 ).
937 630 1221 695 Impossibile
1249 643 1356 693 ergo
1375 630 1557 681 videtur
1579 630 1700 693 quod
1722 633 1833 680 tota
1863 641 1942 692 qua

386 703 493 755 titas
519 704 772 755 dimensiva
798 704 998 768 corporis
1026 702 1193 753 Christi
1218 702 1279 752 sit
1304 703 1352 752 in
1379 704 1469 751 hoc
1496 705 1811 751 sacramento.

446 776 535 826 Sed
563 782 718 827 contra
746 781 851 839 est,
878 776 1000 840 quod
1020 774 1250 839 quantitas
1275 773 1529 823 dimensiva
1555 773 1768 836 corporis
1798 771 1942 835 alicuj

390 860 479 898 non
508 852 743 910 separatur
779 846 1030 899 secundum
1057 860 1158 897 esse
1199 846 1226 895 a
1253 844 1505 896 substantia
1533 844 1656 908 ejus.
1687 845 1788 895 Sed
1834 844 1889 894 in
1920 844 1942 891 h

390 923 672 969 sacramento
700 923 769 969 est
795 923 890 970 tota
912 918 1168 970 substantia
1188 918 1394 981 corporis
1421 916 1618 980 Christi,
1638 917 1859 981 utsupra
1874 916 1942 966 hal

390 992 485 1039 tum
507 995 577 1040 est
604 992 703 1052 (art.
730 991 797 1054 1).
814 992 931 1053 Ergo
953 994 1050 1041 tota
1067 989 1300 1053 quantitas
1319 987 1571 1039 dimensiva
1590 988 1802 1051 corporis
1827 985 1942 1037 Chri

390 1062 524 1111 estin
547 1063 633 1111 hoc
662 1066 961 1112 sacramento.

452 1133 780 1197 (Coucmsro.
818 1161 881 1171 —
902 1135 1015 1183 Tota
1045 1133 1302 1184 dimensiva
1335 1132 1536 1196 corporis
1561 1130 1737 1181 Christi
1764 1129 1942 1195 quantit

386 1208 457 1257 est
482 1204 531 1255 in
557 1206 648 1255 hoc
669 1210 988 1269 sacramento,
1018 1219 1110 1257 non
1134 1205 1319 1269 quidem
1345 1218 1404 1255 ex
1426 1205 1473 1254 vi
1500 1204 1815 1266 sacramenti,
1843 1203 1927 1254 sed

390 1275 495 1326 reali
522 1276 933 1338 concomitantia.)

449 1348 721 1411 Respondeo
745 1348 1010 1411 dicendum,
1029 1348 1151 1411 quod
1181 1348 1297 1398 sicut
1324 1347 1462 1410 supra
1481 1346 1653 1397 dictum
1682 1351 1754 1398 est
1788 1348 1902 1412 (art.
1934 1348 1942 1393 t

386 1418 630 1481 dupliciter
655 1418 825 1483 aliquid
852 1420 1025 1471 Christi
1057 1420 1200 1471 estin
1236 1421 1324 1469 hoc
1360 1424 1685 1469 sacramento:
1717 1432 1815 1470 uno
1851 1417 1942 1467 mod

386 1503 442 1541 ex
472 1490 519 1539 vi
560 1492 855 1553 sacramenti3
895 1492 982 1543 alio
1015 1492 1179 1553 modo,
1200 1504 1257 1541 ex
1296 1490 1407 1541 reali
1437 1490 1817 1542 concomitantia.
1849 1490 1922 1539 Ex

386 1562 567 1627 quidem
612 1564 883 1614 sacramenti
914 1564 1144 1627 quantitas
1168 1563 1418 1613 dimensiva
1448 1563 1653 1626 corporis
1694 1561 1938 1614 Christin
1909 1574 1942 1610 η

386 1640 455 1686 est
479 1637 527 1685 in
560 1637 647 1685 hoc
681 1640 983 1687 sacramento.
1011 1636 1078 1685 Ex
1107 1635 1154 1684 vi
1183 1635 1307 1685 enim
1335 1634 1606 1685 sacramenti
1628 1637 1699 1685 est
1727 1634 1774 1683 in
1803 1637 1898 1684 hoc
1917 1647 1942 1682 s

386 1711 614 1758 eramento
635 1708 747 1757 illud
773 1708 819 1757 in
839 1707 959 1769 quod
982 1705 1153 1757 directe
1178 1706 1416 1757 conversio
1436 1706 1721 1755 terminatur.
1745 1708 1942 1757 Convers

386 1783 535 1829 autem
572 1792 672 1841 quae
699 1778 751 1828 fit
770 1780 820 1827 in
846 1780 933 1828 hoc
960 1781 1277 1839 sacramento,
1301 1776 1470 1828 directe
1496 1776 1770 1827 terminatur
1791 1777 1853 1827 ad
1881 1774 1942 1825 sul

386 1851 598 1898 stantiam
635 1848 835 1911 eorporis
869 1846 1072 1908 Christi,
1105 1861 1197 1897 non
1227 1851 1380 1899 autem
1419 1849 1475 1898 ad
1515 1847 1834 1900 dimensiones
1862 1847 1942 1911 ejus

386 1920 501 1982 quod
532 1923 658 1983 patet
684 1934 740 1971 ex
778 1920 867 1969 hoc
894 1919 1016 1981 quod
1044 1919 1274 1982 quantitas
1303 1920 1562 1971 'dimensiva
1597 1921 1733 1983 panis
1754 1931 1939 1970 remane

386 1988 503 2040 facta
541 1991 909 2051 consecratione,
941 1989 1040 2040 sola
1084 1991 1338 2043 substantia
1380 1992 1509 2055 panis
1543 1995 1828 2041 transeunte.
1879 1991 1942 2048 Qu

386 2063 538 2110 tamen
572 2060 823 2110 substantia
850 2062 1052 2125 corporis
1080 2062 1253 2113 Christi
1277 2063 1458 2113 realiter
1486 2075 1579 2112 non
1604 2061 1827 2112 dividitur
1855 2061 1884 2111 a
1906 2073 1942 2108 st

382 2132 637 2196 quantitate
667 2131 914 2182 dimensiva
944 2138 991 2183 et
1017 2134 1075 2183 ab
1121 2134 1222 2185 aliis
1251 2134 1560 2184 accidentibus
1580 2173 1592 2196 ‚
1623 2134 1734 2184 inde
1772 2137 1846 2184 est
1868 2128 1942 2195 qut'

386 2216 443 2254 ex
467 2203 514 2253 vi
537 2203 671 2253 realis
707 2204 1100 2267 concomitantiae,
1130 2210 1203 2255 est
1224 2205 1274 2254 in
1295 2207 1384 2256 hoc
1412 2209 1696 2255 sacramento
1723 2209 1820 2255 tota
1848 2215 1942 2268 qua]

386 2276 491 2327 titas
527 2275 779 2326 dimensiva
805 2277 1006 2340 corporis
1037 2277 1223 2341 Christi,
1247 2280 1293 2328 et
1320 2277 1472 2328 omnia
1509 2277 1765 2327 accidentia
1791 2278 1906 2341 ejus.

445 2349 509 2398 Ad
536 2348 731 2411 primum
758 2360 864 2411 ergo
892 2349 1163 2412 dicendum,
1189 2348 1312 2411 quod
1339 2350 1498 2399 modus
1527 2349 1710 2400 essendi
1740 2345 1942 2413 quuslih

378 2418 446 2471 ¹rei
468 2417 790 2469 determinatur
819 2420 1074 2471 secundum
1103 2421 1149 2470 id
1177 2421 1298 2484 quod
1322 2424 1393 2472 est
1418 2420 1462 2471 ei
1486 2433 1565 2485 per
1591 2434 1641 2472 se
1658 2457 1673 2484 ‚
1708 2433 1804 2471 non
1833 2422 1942 2469 autel

382 2488 633 2541 secundum
661 2490 705 2541 id
743 2491 864 2555 quod
903 2493 976 2541 est
1002 2492 1047 2541 ei
1085 2504 1167 2555 per
1203 2492 1414 2543 accidens
1444 2507 1456 2541 z
1488 2492 1607 2541 sicut
1643 2505 1817 2556 corpus
1841 2488 1942 2543 esti

382 2561 511 2625 visu,
532 2561 779 2613 secundum
817 2562 937 2626 quod
976 2566 1046 2612 est
1071 2563 1255 2626 album,
1278 2575 1384 2613 non.
1403 2567 1556 2614 autem
1585 2563 1837 2614 secundum
1864 2558 1942 2626 quo

386 2637 452 2685 est
478 2634 627 2695 dulce,
647 2633 756 2683 licet
785 2634 909 2684 idem
933 2648 1095 2698 corpus
1114 2635 1173 2685 sit
1204 2635 1352 2685 album
1387 2639 1434 2685 et
1455 2635 1621 2698 dulce3
1650 2636 1773 2685 unde
1803 2638 1850 2685 et
1875 2631 1942 2683 dul

382 2706 488 2756 cedo
524 2707 597 2755 est
634 2704 683 2754 in
709 2704 812 2755 visu
839 2705 1090 2757 secundum
1118 2706 1299 2757 modum
1327 2706 1547 2757 albedinis
1569 2744 1582 2770 ,
1608 2719 1704 2759 non
1732 2702 1942 2757 secundiu

386 2776 562 2827 modum
592 2775 863 2829 dulcedinis.
894 2776 1007 2836 Quia
1045 2776 1182 2841 igitur
1209 2790 1268 2830 ex
1294 2778 1339 2828 vi
1371 2776 1508 2843 hujus
1536 2778 1811 2830 sacramenti
1836 2779 1902 2830 est
1926 2772 1942 2823 i

1069 2929 1099 2974 ἱ
