1942 3284
104 173 148 220 tta
269 183 327 221 nnus
341 183 381 230 ιιι,
395 181 489 228 numer.
503 181 607 231 unuin,
621 181 676 218 aar.
694 181 728 217 ιι.

101 260 176 312 cordia
193 260 278 326 petitur
300 258 396 310 dicendo
415 274 421 308 ε
440 276 453 306 u
472 257 540 322 Kyrie
557 257 657 317 eleison3
675 274 690 304 ι
707 261 743 307 ter
755 252 846 320 quidem
859 269 898 320 nro

101 345 198 397 persona
219 331 303 394 Patris3
323 336 358 380 ter
372 333 448 380 autem
465 343 506 394 pro
521 342 619 394 persona
638 329 705 385 Filii,
722 329 776 379 edm
795 330 897 379 dicitnr:

103 419 116 450 n
134 403 225 454 Christe
239 402 341 465 eleison3
357 418 370 448 u
383 405 406 451 ct
423 405 457 451 ter
471 414 511 466 pro
525 414 621 465 persona
637 401 736 465 spirituo
751 401 839 463 sancti,
850 399 899 450 clun

102 474 204 526 subditur
218 491 224 524 z
239 474 444 538 «Kyntodemon,
460 491 473 520 ι
489 477 567 523 contra
580 473 691 538 triplicem
706 473 821 523 miseriam
835 473 899 535 igno-

102 548 193 609 rantiae,
208 547 280 610 culpae
298 549 322 596 et
340 559 429 610 poenae,
444 546 480 594 vel
499 545 527 594 ad
544 543 719 608 significandum
740 543 803 607 qnod
823 558 899 594 omnes

101 632 203 681 persone
219 618 307 669 suntin
322 631 346 668 se
361 617 465 667 inuicem.
480 616 556 666 Tertia
575 621 652 665 autem
671 629 725 679 pars
739 619 899 666 commemorat

101 690 215 740 coelestem
231 689 339 753 gloriam,
350 689 377 738 ad
396 701 463 752 quam
481 688 596 738 tendimns
613 693 665 751 post
679 693 817 752 presentem
833 687 899 736 uitam

101 765 124 810 et
139 762 252 812 miserium
260 799 268 824 ,
283 761 377 811 dicendo
392 776 397 809 :
412 759 512 810 «Gloria
527 761 550 808 iu
559 759 655 809 excelsis
668 761 729 822 lleo,
744 776 759 806 n
773 759 835 822 quod
845 771 898 808 mn-

103 835 161 882 tatur
175 832 199 881 in
219 833 301 895 lestis,
316 833 341 882 in
355 832 435 896 quibus
451 834 639 882 commemoratur
652 831 753 882 coelestis
767 831 850 894 gloria3
864 829 898 879 in-

101 904 231 954 termittitur
245 909 319 954 autem
334 905 357 952 in
371 903 452 954 oltlc'iis
461 903 586 965 luctuosis,
600 916 651 965 quae
665 904 691 952 ad
706 901 899 952 commemoratio

102 988 155 1025 nem
165 975 260 1026 miserie
273 975 396 1040 pertinent.
410 975 493 1032 Quarta
503 978 581 1023 antem
592 987 646 1037 pars
656 973 759 1024 continet
766 973 896 1030 orationem,

100 1060 169 1110 quam
183 1047 287 1096 sacerdos
297 1060 337 1110 pro
345 1045 429 1110 populo
441 1044 505 1104 lacit,
518 1048 545 1093 nt
555 1045 618 1108 digni
627 1045 754 1094 habeantur
763 1044 834 1095 tantis
844 1057 898 1108 mys

101 1118 173 1169 teriis.
197 1118 302 1168 Secundd
321 1123 396 1168 antem
417 1116 559 1182 praemittitur
577 1116 697 1167 instructio
719 1117 793 1167 fidelis
807 1115 896 1180 populi,

100 1191 154 1255 qnia
168 1191 212 1239 boc
225 1193 389 1240 sacramentum
399 1193 435 1238 est
444 1189 596 1252 mysterium
607 1187 897 1252 fidei,ntsnpral1abitum

101 1266 135 1312 est
148 1262 196 1326 (qu.
211 1266 249 1321 78,
258 1265 300 1310 art.
313 1260 411 1324 abone
426 1260 517 1324 quidem
529 1260 649 1310 Instructio
663 1260 796 1325 dispositive
808 1258 896 1323 quiden

100 1334 125 1382 tit
134 1347 174 1397 per
183 1333 307 1383 doctrinam
320 1334 481 1396 prophetarum
494 1337 517 1382 et
531 1331 698 1395 apostolomm,
709 1346 761 1394 que
770 1331 795 1381 in
804 1330 895 1382 ecclesia

39 1409 43 1422 '
100 1405 182 1467 legitur
191 1419 230 1469 per
242 1405 336 1456 lectores
350 1408 373 1455 et
383 1405 543 1456 subdiaconos.
557 1405 690 1467 Postquam
701 1404 830 1465 lectionem,
844 1415 894 1452 can·

100 1477 187 1526 taturd
207 1477 277 1526 choro
294 1477 417 1536 Graduale,
433 1477 493 1540 quod
511 1475 625 1538 significat
645 1476 773 1539 protectum
785 1475 852 1535 vite,
863 1477 892 1532 et,

101 1547 222 1604 dilatato,
237 1548 298 1611 quod
312 1547 425 1610 significat
438 1547 577 1610 spiritualem
593 1547 771 1609 exultationem,
787 1547 823 1596 uel
833 1546 894 1595 Trac-

101 1623 146 1682 tus,
162 1619 187 1668 in
206 1619 287 1670 olliciis
301 1619 423 1681 luctuosis,
437 1617 476 1682 qni
490 1618 604 1680 significat
617 1617 759 1681 spiritualem
774 1618 890 1682 gemitum

101 1692 148 1741 haee
166 1691 226 1740 enim
241 1690 350 1754 consequi
369 1690 451 1740 debent
470 1690 495 1739 iu
513 1690 597 1753 populo
618 1703 647 1738 ex
660 1690 769 1753 praedicta
788 1688 892 1739 doctrina.

100 1762 206 1814 Perlectd
227 1767 301 1812 autem
324 1763 422 1826 populus
442 1761 562 1811 instruitur
576 1773 618 1823 per
635 1761 760 1810 doctrinam
777 1757 891 1810 christiin
940 1758 941 1801 l

100 1833 225 1896 Evangelio
239 1837 378 1895 contentam,
389 1847 438 1896 quae
451 1833 464 1882 a
481 1831 574 1882 summis
586 1831 697 1882 ministris
709 1832 803 1896 legitur,
816 1829 894 1880 scilicet

101 1905 113 1954 ir
125 1905 234 1955 diaconis.
247 1905 276 1953 Et
287 1905 340 1968 quia
354 1906 444 1954 Christo
455 1905 568 1955 credimus
581 1909 688 1968 tanqmm
702 1904 787 1955 divinae
801 1899 890 1959 verimi,
940 1910 941 1981 ι

100 1975 224 2026 secundum
236 1975 292 2024 illud
305 1978 386 2032 doun„
403 1978 453 2028 Vlll
466 1993 471 2025 ι
485 1994 500 2023 (ι
511 1977 535 2024 Si
545 1976 663 2026 ueritatem
672 1977 723 2026 dico
736 1977 815 2039 uobis,
830 1983 890 2038 qnare
940 2018 941 2031 ,

100 2058 146 2096 uon
155 2046 249 2096 creditis
258 2047 324 2096 mibi.
336 2064 349 2094 u
360 2048 429 2100 Lecto
440 2049 574 2111 Evangelio,
583 2049 711 2113 symbolum
722 2048 777 2099 lidei
788 2049 890 2100 canuam

100 2117 123 2167 in
137 2131 180 2181 quo
195 2117 293 2182 populus
309 2120 407 2170 ostendit
420 2135 444 2171 se
458 2134 500 2184 per
516 2122 584 2186 tidem
600 2120 684 2171 Cbristi
700 2121 809 2171 doctrine
822 2130 888 2168 amen·
940 2152 941 2157 κ

49 2241 51 2246 ,
100 2191 151 2241 tire.
162 2191 271 2240 Cantator
283 2194 357 2242 autem
373 2195 416 2243 hoc
427 2194 554 2257 symbolum
569 2192 595 2242 in
611 2193 676 2243 lestis
686 2194 715 2242 de
727 2193 809 2256 utribus
824 2187 890 2239 titali·
940 2202 941 2207 ¹

100 2275 145 2324 qua
161 2261 246 2312 mentio
260 2261 285 2312 in
295 2263 407 2327 symbolo,
424 2264 483 2314 sicut
502 2265 525 2313 in
539 2264 605 2314 festis
617 2265 718 2325 Christi,
734 2269 758 2314 et
768 2265 838 2314 beate
847 2258 888 2307 Vir·

100 2333 173 2397 ginis,
188 2337 211 2384 et
223 2336 397 2398 Apostolorum,
412 2335 451 2399 qui
471 2338 530 2386 bano
550 2339 617 2386 tidem
631 2336 800 2399 fundaverunt,
813 2338 835 2384 et
846 2331 888 2381 aliis

100 2405 238 2469 hujusmodi.
256 2407 384 2470 sicigitur,
399 2408 482 2472 populo
499 2413 625 2472 preparato
637 2412 660 2458 et
674 2408 801 2467 instructo,
819 2400 888 2455 cone

98 2480 194 2538 quenter
208 2477 323 2527 acceditur
334 2479 362 2528 ad
376 2479 549 2530 celebrationem
561 2478 680 2544 mysterii,
696 2480 756 2543 quod
770 2478 856 2542 quiden
867 2474 887 2522 el
940 2522 941 2547 3

100 2548 192 2598 offertur
209 2552 236 2598 ut
258 2549 405 2613 sacrificinm,
420 2555 443 2601 et
461 2556 605 2601 consecratur
624 2555 648 2601 et
662 2551 760 2600 sumitur
781 2554 807 2599 ut
821 2557 886 2598 sacm-
940 2560 941 2565 ¹

101 2625 212 2670 mentum.
227 2622 291 2671 Unde
303 2621 376 2685 primo
391 2622 507 2686 peragitur
521 2622 622 2687 oblatlo;
642 2621 744 2674 secundb
757 2615 885 2672 consecratio

100 2693 200 2743 materiae
215 2693 312 2757 oblatae3
330 2693 395 2744 tertid
412 2695 513 2758 ejusdem
528 2696 653 2760 perceptio.

130 2762 193 2814 Circa
208 2765 345 2816 oblationem
360 2765 415 2816 verb
429 2767 473 2816 duo
486 2774 598 2831 aguntum
614 2767 702 2817 scilicet
715 2759 884 2829 transportabit

100 2839 169 2886 cantu
188 2837 312 2899 offertorii,
323 2851 364 2900 pen
379 2839 439 2901 qnod
453 2837 594 2902 significatur
603 2838 683 2890 laetitia
699 2837 851 2896 offerentium,
863 2833 882 2879 tl

100 2907 172 2957 oratio
185 2909 306 2959 sacerdotis
312 2945 320 2972 ,
335 2909 373 2973 qui
387 2910 445 2972 petit
458 2915 482 2959 ut
497 2910 581 2962 oblatio
597 2911 678 2976 populi
691 2911 723 2960 sit
736 2911 782 2960 lleo
795 2905 881 2968 acsaph,
