1942 3284
134 379 180 426 tate
194 375 288 436 mortis,
302 376 452 440 egritudinis,
464 375 597 434 obsidionis,
609 373 775 438 persecutionis
785 377 809 424 et
821 373 929 437 naufragii

133 452 250 511 urgentur,
263 449 325 497 omni
338 452 439 511 tempore
458 448 542 498 debent
554 446 672 509 baptizari.
693 463 707 492 ι
722 447 746 495 Si
760 450 837 495 ιιιιιει
853 445 928 508 aliquis

134 523 206 568 morte
226 519 386 583 praeveniatur,
398 520 492 569 articulo
507 517 649 569 necessitatis
668 521 835 567 sacramentum
853 517 929 566 exciu-

135 589 216 653 dente,
233 591 286 640 dum
302 595 406 654 expectat
425 596 514 654 tempus
535 591 562 639 ab
577 589 678 640 Ecclesia
696 589 843 652 institutum,
859 589 928 638 salra-

135 665 181 723 tur,
192 663 247 712 licet
260 677 300 727 per
311 664 398 726 ignem,
407 668 432 712 ιι
443 662 511 727 sopri
525 663 609 712 dictum
621 665 654 712 εει
667 661 720 726 (art.
731 665 755 721 a,
765 661 794 710 ad
804 659 841 724 tl.
855 661 928 709 Peccat

136 738 213 784 autem
222 735 256 795 ,si
269 735 325 785 nltr'a
341 739 431 799 tempus
440 735 568 785 institutum
578 735 607 785 ab
619 734 719 784 Ecclesia
733 732 823 782 differat
834 733 930 794 accipere

136 804 291 868 baptismum,
306 807 351 856 nisi
369 821 397 856 er
411 820 478 857 causa
498 805 624 857 necessaria
646 809 668 855 et
682 803 772 854 lieentia
791 805 930 868 prelatumm

138 877 257 928 Ecclesiae.
272 878 317 928 Sed
328 881 402 928 tanim
414 881 437 928 et
452 879 495 928 boc
509 882 626 942 peecatum
645 889 696 926 cum
708 874 760 926 aliis
776 875 848 925 deleri
862 876 930 938 potest

137 962 178 1011 per
195 951 353 1000 succedentem
368 949 544 1012 contritionem,
560 962 610 1012 quae
625 947 716 1012 supplet
728 945 802 996 ricem
814 945 930 1010 baptismi,

138 1024 164 1069 at
181 1034 249 1084 supra
261 1023 345 1072 dictum
362 1026 397 1071 est
409 1021 500 1086 (arm).

170 1093 203 1142 Ad
221 1092 318 1156 primum
333 1105 387 1155 ergo
408 1092 547 1154 dicendum,
562 1089 621 1154 qubd
636 1090 690 1144 illud
709 1089 842 1138 mandatum
858 1087 932 1138 Leonis

139 1177 205 1227 papae
220 1165 247 1214 de
261 1164 410 1214 observandis
425 1164 512 1214 duobus
525 1162 662 1226 temporibus
676 1162 700 1210 iu
714 1159 843 1223 baptismo,
857 1158 933 1210 intelli·

140 1235 238 1296 gendum
252 1241 288 1285 est
301 1236 328 1285 de
342 1234 426 1285 adultis
436 1252 443 1298 3
455 1239 552 1298 exceptu
565 1237 643 1284 tameo
655 1231 757 1296 periculo
775 1232 869 1294 mortis,
882 1230 932 1295 quot

139 1319 229 1370 semper
239 1307 263 1356 iu
277 1306 354 1370 pueris
364 1311 399 1356 est
411 1306 544 1370 timendum,
559 1310 583 1355 ot
598 1305 680 1355 dictum
695 1307 739 1354 est.
767 1352 769 1356 .

173 1378 207 1426 ld
220 1379 342 1428 secuudum
354 1378 486 1441 dicendum,
498 1377 559 1440 qudd
568 1376 623 1425 illud
637 1376 664 1426 de
677 1375 759 1426 ludaeis
768 1378 805 1424 est
814 1375 933 1426 institutum

141 1450 169 1498 ad
182 1449 291 1499 Ecclesiae
310 1450 438 1510 cautelam,
450 1461 480 1498 ne
497 1447 636 1512 simplicium
656 1447 725 1498 iidem
745 1452 906 1511 corrumpant,
918 1442 933 1492 si

141 1533 186 1571 nun
197 1520 284 1572 luerint
293 1521 361 1586 plene
374 1519 486 1571 conversi.
500 1521 529 1570 ιιι
541 1523 628 1582 tamen,
640 1523 666 1568 ut
676 1518 759 1568 ibidem
771 1517 885 1581 subditur,
895 1515 933 1566 ιιι

141 1591 201 1643 inlrl
220 1597 311 1659 tempus
324 1594 482 1658 praescriptum
498 1593 589 1658 aliquod
607 1591 732 1657 periculum
751 1590 893 1642 infirmitatis
905 1589 933 1640 'u-

142 1665 266 1726 currerint,
277 1667 361 1717 debeut
371 1665 489 1730 baptizari.
499 1682 513 1712 ι

174 1737 208 1786 Ad
224 1738 315 1788 tertium
331 1737 467 1800 dicendum,
481 1736 544 1800 qudd
560 1734 683 1800 baptismus
701 1747 742 1798 per
760 1733 858 1798 gratiam
876 1745 933 1799 quan

143 1809 230 1858 confert
247 1823 292 1859 uon
306 1809 379 1860 solbm
395 1813 496 1858 removet
509 1811 601 1872 peccata
613 1806 741 1871 preterita,
757 1807 798 1856 sed
811 1806 883 1858 eliam
896 1805 933 1855 im·

143 1879 206 1941 pedit
218 1885 311 1943 peccata
325 1880 401 1929 lutura
412 1893 441 1928 ne
452 1879 516 1928 liant.
535 1879 583 1928 lloc
597 1881 673 1928 autem
685 1876 799 1941 praecipue
813 1877 934 1928 desiderau-

145 1950 197 2000 dum
213 1956 261 2015 est,
275 1955 301 2001 ut
313 1951 417 2002 bemines
431 1964 476 2000 nou
490 1954 599 2014 peccent;
618 1948 752 2000 secundarii
765 1952 860 2010 autem,
874 1952 899 1998 ιι
910 1948 935 1996 le·

144 2021 194 2074 ride
206 2028 317 2088 peccent,
330 2027 368 2074 rel
381 2024 449 2074 etiam
460 2027 486 2073 ut
500 2037 576 2076 eurum
591 2025 685 2086 peecata
699 2021 846 2084 mundentur,
861 2035 935 2073 secun·

144 2095 198 2145 diam
210 2097 266 2146 illud
278 2098 296 2146 1.
314 2099 413 2156 dorcon,
426 2098 446 2146 ll
468 2111 474 2146 :
492 2113 505 2145 ιι
519 2095 592 2146 Filioli
606 2097 667 2156 mei,
680 2095 730 2144 ιιι
743 2093 817 2144 scribo
838 2095 904 2145 rubis
916 2097 936 2140 nt

144 2181 192 2218 nun
210 2169 316 2232 peccetis.
331 2169 375 2218 Sed
389 2174 413 2219 et
425 2169 508 2232 siquis
529 2167 668 2232 peccauerit,
686 2167 819 2216 advocatum
833 2166 938 2216 babemus

144 2242 205 2303 apud
214 2241 316 2304 Patrem,
331 2241 407 2290 lesum
421 2240 538 2291 Christum
548 2239 651 2304 justum,
667 2238 749 2302 etipse
761 2241 797 2290 est
811 2236 935 2302 propitiatio

144 2324 185 2374 pro
204 2311 407 2375 peccatisnostris.
422 2329 436 2359 ι

438 2490 595 2542 ramentas
613 2491 650 2541 lv.

324 2617 408 2663 Utedrm
423 2620 555 2674 peccatores
574 2616 624 2660 rint
643 2613 789 2670 baptizandi.

133 218 178 265 1a8
288 226 403 277 rameru,
422 227 518 272 eumer.
535 228 620 277 ιιιιιι,
636 227 690 266 ιιι.
708 226 741 264 ιι.

133 304 193 355 unde
208 304 255 354 beo
270 305 333 369 Pepa
344 305 399 354 dicit
413 304 469 369 (obi
483 317 552 368 supra
566 317 618 368 cap.
633 303 667 367 6)
689 319 695 351 :
713 319 726 350 ιι
739 300 767 352 lli
781 301 821 366 qui
834 301 928 353 necessi

179 2746 214 2796 ld
226 2747 330 2808 quartum
344 2744 377 2795 sic
385 2745 514 2810 proceditur
525 2743 571 2808 (l).
581 2742 673 2794 Videtur
683 2739 744 2804 qnbd
756 2741 887 2804 peccateres
901 2733 939 2786 siut

148 2815 288 2880 baptizandi.
307 2817 391 2868 bicitru
403 2816 466 2866 enim
477 2815 592 2872 Zocder,
603 2813 671 2864 lllll:
685 2829 699 2862 ιι
708 2812 734 2862 ιι
743 2811 782 2862 die
794 2810 834 2862 illa
843 2808 886 2860 erit
896 2807 939 2856 ioue
953 2849 954 2916 1

183 2961 216 3024 (ι)
232 2961 525 3020 demembrarent.
539 2957 564 3018 e,
578 2956 646 3005 ιιι.
