1942 3284
108 202 156 252 itt
229 207 232 212 ’
259 210 463 263 waruunuururr,
479 214 572 259 oussr.
590 215 637 258 xx,
651 215 709 252 aar.
727 214 766 251 rrr.

107 300 177 353 rere,
191 296 217 340 ct
226 302 268 354 pro
285 303 352 354 poeua
365 289 492 340 amovenda
506 288 573 339 debet
586 290 613 339 acl
631 288 775 354 superiorem
787 287 925 362 remittas,

108 360 155 411 uisi
166 360 193 410 iu
207 360 457 420 excommunicatione,
473 360 528 425 quia
541 360 656 412 absolutio
667 361 698 411 ab
709 360 762 425 ipsa
777 361 852 411 debet
861 363 929 427 μ-

109 432 189 482 cerlere
206 431 371 482 absolutionem
382 430 396 480 i
406 435 515 494 peccam
530 430 583 494 quia
598 431 710 494 quamdiu
723 430 813 494 aliquis
830 436 871 482 cst
882 444 927 481 ex-

109 502 303 564 communicatus,
321 515 369 553 uou
384 505 461 566 potest
475 501 577 565 recipere
592 502 688 567 aliquod
710 503 826 553 Ecclesiae
848 512 926 553 sacra

109 578 222 626 mmmm.

139 646 174 696 ab
194 644 286 695 tertium
299 643 434 705 dicendum,
449 644 511 709 quid
524 644 582 696 ratio
595 644 633 694 illa
646 645 754 708 procedit
766 646 889 710 quautim
902 644 928 695 al

108 718 176 778 hac,
189 716 214 765 iu
227 716 311 781 quibus
326 715 371 766 sibi
389 716 522 779 superiores
534 719 670 780 potestatem
684 716 868 780 jurisdictionis
889 729 927 767 rc-

109 790 209 839 serrant.

401 894 559 946 sustentus
571 894 611 943 lll.

138 1019 225 1064 Uirrim
238 1019 327 1078 uliquis
343 1019 419 1076 possit
433 1019 470 1064 uti
483 1019 590 1063 clavibus
603 1019 629 1062 ira
646 1030 717 1063 auum
729 1020 900 1075 superiorem.

140 1144 176 1195 hd
188 1145 281 1195 tertium
294 1144 328 1194 sic
341 1144 483 1208 proceditur.
500 1142 594 1193 Videtur
605 1142 665 1207 quid
680 1142 767 1206 aliquis
784 1158 840 1196 uon
855 1146 923 1211 possit

107 1215 145 1265 uti
159 1216 261 1267 clavibus
280 1216 305 1265 iu
322 1229 388 1264 suum
405 1214 555 1278 superiorem.
571 1214 712 1264 hctuseuiru
724 1214 832 1277 quilibet
847 1230 924 1268 sacra·

109 1286 216 1337 uenalis
226 1286 321 1349 requirit
331 1286 445 1350 propriam
457 1284 584 1335 materiam.
596 1285 640 1335 Sed
648 1285 743 1349 propria
754 1288 862 1337 materia
874 1288 924 1338 usus

108 1356 207 1407 clauim
220 1360 256 1406 est
269 1369 366 1420 persona
384 1356 500 1420 subjecta,
516 1358 542 1405 ut
560 1356 646 1405 dictum
661 1360 706 1405 cst.
719 1357 783 1420 Ergo
799 1357 828 1407 irr
841 1372 871 1410 eo
889 1356 922 1422 qui
960 1352 961 1411 l

108 1440 156 1479 hou
166 1431 201 1477 cst
212 1427 327 1490 subditus,
337 1440 383 1477 uou
397 1430 475 1490 potest
488 1426 594 1476 sacerdos
605 1426 639 1476 uti
649 1426 764 1477 clavibus.
959 1418 961 1459 Ι

143 1504 168 1549 2.
184 1501 307 1562 praterea,
320 1498 422 1550 Ecclesia
435 1499 537 1549 militaus
554 1499 656 1549 imitatur
670 1500 872 1563 triumphantem.
881 1502 920 1552 Sci

110 1571 136 1622 iu
149 1571 239 1622 eoelcsti
251 1570 353 1622 Ecclesia
366 1570 460 1620 interior
470 1570 564 1632 augelus
573 1583 690 1633 urruqoam
702 1577 798 1634 purgat,
817 1574 920 1635 autiillu
960 1554 961 1633 i

110 1641 200 1706 uiuat,
213 1646 253 1692 aut
268 1642 358 1706 perlicit
373 1640 522 1705 superiorem.
541 1642 600 1703 Ergo
613 1654 656 1691 uec
668 1641 753 1705 aliquis
768 1642 871 1694 iuicrior
882 1656 919 1693 sa-
959 1648 960 1727 i

110 1714 192 1765 certios
205 1717 281 1777 potest
296 1713 330 1762 uti
347 1711 437 1762 actione
450 1710 606 1775 hierarchici,
621 1716 718 1775 quaest
736 1724 780 1775 per
794 1712 919 1765 absum
958 1740 959 1819 p

110 1798 178 1847 usur,
194 1785 218 1834 iu
229 1786 379 1850 superiorem.

142 1861 167 1906 a.
189 1858 317 1916 Proterea,
334 1855 445 1919 judicium
461 1854 603 1917 ponitentiae
623 1853 691 1904 debet
705 1855 765 1905 'esse
788 1854 917 1905 ordinatius
957 1826 958 1911 i

108 1925 178 1991 quim
191 1926 303 1990 judicium
318 1924 438 1975 exterioris
457 1924 511 1974 lori.
529 1924 573 1974 Sed
587 1923 613 1973 iu
628 1924 737 1975 exteriori
755 1923 810 1974 loro
824 1924 916 1975 husu

108 2011 154 2047 nou
172 2002 250 2061 potest
269 1996 467 2047 excommunicare
489 1999 528 2045 aut
551 1996 668 2047 absolvero
688 1994 844 2059 superiorem.
861 1998 916 2060 llrpa

107 2068 199 2119 uictu
211 2067 272 2131 pubi
286 2079 329 2117 uec
342 2068 368 2117 iu
380 2068 430 2118 loro
441 2068 601 2132 ponitentiali

139 2138 186 2189 Sed
207 2142 285 2189 contra
300 2154 306 2188 ε
323 2138 425 2203 superior
442 2139 550 2203 prelatus
567 2139 635 2189 etiam
654 2139 810 2190 circumdatus
831 2144 866 2192 est
882 2139 915 2189 iu·

108 2209 228 2272 humitate,
246 2215 269 2261 et
287 2211 398 2274 contingit
412 2209 489 2275 ipsum
508 2222 610 2275 peccare.
628 2210 674 2259 Sed
690 2210 822 2261 remedium
840 2215 913 2261 coum

107 2283 228 2345 peccatum
247 2283 282 2332 est
304 2285 405 2346 potestas
425 2281 533 2331 clauom.
556 2282 615 2345 Ergo
633 2279 684 2331 cunr
705 2282 757 2343 ipse
776 2294 827 2331 uou
846 2282 914 2347 ponit

108 2352 135 2402 iu
155 2351 257 2417 seipsum
275 2352 339 2403 clave
357 2352 404 2415 uti,
422 2353 476 2416 quia
490 2365 537 2403 uou
558 2354 703 2416 potestesse
720 2352 790 2403 simul
808 2353 912 2417 iudexcl
951 2398 952 2401 ,

108 2436 176 2486 reus,
189 2423 279 2474 uidetur
296 2422 357 2488 quhd
373 2423 448 2488 possit
461 2422 556 2474 inferior
575 2424 599 2473 iu
619 2423 695 2487 ipsum
714 2422 787 2473 claris
800 2428 912 2487 potestate
951 2404 952 2469 l

108 2494 152 2545 uti.

141 2568 265 2629 Pretcrea,
280 2565 391 2617 absolutio
398 2578 450 2630 qua
461 2565 488 2615 lit
497 2576 538 2630 pcr
552 2565 661 2615 uirtutem
670 2562 785 2626 clavium,
795 2564 910 2615 ordinatur

108 2639 138 2688 ad
160 2636 329 2704 perceptionem
349 2635 499 2687 eucharistia.
523 2636 568 2687 Sed
588 2635 682 2686 interior
703 2638 782 2699 potest
800 2634 909 2701 superiori

107 2710 271 2759 cucharistiam
286 2708 437 2772 dispensare,
449 2710 470 2759 si
480 2712 554 2774 petat.
573 2708 633 2772 Ergo
648 2710 673 2757 et
686 2705 784 2757 clavium
799 2710 909 2771 potum

110 2777 135 2827 iu
151 2780 228 2843 ipsum
242 2779 286 2839 uti,
301 2778 322 2828 si
334 2792 360 2829 se
373 2779 395 2829 ei
408 2778 541 2843 subjecerit

141 2848 306 2911 (Coucuusro.
314 2874 347 2887 -
359 2848 418 2898 Cium
429 2850 533 2914 supcrior
544 2850 653 2913 prolatus
667 2860 714 2901 nou
727 2848 839 2913 postitio
853 2849 909 2913 stip·

108 2928 161 2965 saur
173 2918 238 2970 mue
250 2919 293 2984 uti,
305 2923 328 2970 et
340 2919 415 2984 possit
424 2918 540 2973 interioris
554 2924 693 2985 potestatem
701 2920 823 2973 limitatam
832 2922 909 2971 cut&
