1942 3284
278 178 311 216 nr
325 178 430 216 rrrnmu
444 177 621 228 consumta,
633 177 689 218 ure.
826 171 872 220 sto

84 253 212 306 remittitur
228 253 278 305 siue
294 253 379 316 altera3
391 253 511 304 ridiculum
523 254 584 305 enim
596 253 685 306 uidetur
696 251 756 319 codd
768 251 837 307 etium
845 260 879 308 tto

85 325 182 378 nomine
194 324 276 388 niquis
288 324 378 375 ueniam
392 327 480 389 peteret
490 325 520 376 de
529 335 576 374 uua
586 323 717 387 sudumst
728 337 775 377 uon
786 325 877 378 dotia.
940 327 943 333 '

120 399 156 450 sd
170 395 275 461 quntum
288 397 421 460 dicendum,
435 396 496 461 quod
512 396 603 447 miecio
616 409 661 460 pua
675 398 736 448 Dens
747 395 822 461 uuigit
838 399 880 450 ho·

85 467 162 519 minis
174 471 291 530 naturam,
312 479 359 518 non
374 467 490 518 ordinatur
502 467 532 518 ad
544 467 630 518 bonum
643 466 735 531 glorie,
751 467 765 518 d
778 479 823 532 quo
834 468 881 519 im·

84 538 182 604 peditur
195 538 263 589 homo
283 550 326 602 per
342 537 459 601 quodlibet
473 542 593 602 porcetum
613 537 715 590 monade.
729 537 775 590 sed
790 537 885 608 dilectio¹

85 609 170 674 gratie
181 621 223 673 per
231 620 299 671 quam
307 607 333 658 dt
340 607 443 658 remissio
452 608 539 672 peccati
550 608 661 670 mortalis,
667 607 757 659 ordinat
765 607 880 659 hominem

86 680 119 730 ad
132 678 204 729 uitam
214 682 336 740 eternam,
349 677 471 730 secundum
484 677 540 728 iilud
553 680 635 737 Rom„
648 678 679 728 Vi
692 693 699 728 ε
717 678 820 730 «Gratia
829 678 880 742 uei,

85 751 139 801 uita
154 753 271 802 eterna.»
286 748 349 800 Unde
362 761 408 800 non
418 752 456 800 est
466 747 548 800 similis
559 748 626 800 ratio.

378 925 539 978 rurlcunus
553 925 594 978 iv.

119 1051 206 1098 Utrum
214 1051 313 1096 semmai
325 1049 394 1108 culpo
402 1061 446 1106 per
452 1048 628 1106 pertenuem,
641 1050 852 1094 centumuirorum

448 1123 527 1168 poesoe.

124 1239 159 1290 td
170 1241 273 1302 quanm
286 1238 321 1288 sic
334 1234 462 1301 proceditur
471 1235 517 1300 (d).
530 1235 625 1286 Videtur
636 1232 805 1300 codd-remini
817 1234 883 1300 cripe

88 1324 135 1376 per
146 1306 317 1374 poenitentium,
331 1321 378 1359 non
390 1311 504 1358 remaneat
516 1311 594 1358 reims
609 1319 691 1372 punse
704 1306 802 1357 mnes
819 1307 881 1356 enim

89 1381 164 1434 causi
179 1382 306 1432 remoretur
316 1379 418 1430 euectus.
432 1379 477 1430 Sed
490 1379 558 1442 culpa
569 1382 606 1430 est
616 1391 686 1430 musa
699 1377 776 1428 matris
789 1391 881 1442 posnan

88 1455 145 1505 ideo
153 1451 215 1504 euim
224 1454 259 1502 est
267 1449 347 1514 aliquis
354 1450 436 1513 dignus
445 1449 524 1514 pent,
534 1450 589 1513 quia
596 1450 685 1514 eulpam
695 1448 815 1500 commisit.
822 1449 881 1513 ungo

88 1520 188 1576 remissi
200 1518 266 1587 onlpt
282 1534 329 1573 non
343 1524 418 1586 potest
435 1533 551 1571 remanere
565 1523 642 1570 reatus
653 1532 737 1584 poene.

125 1600 149 1646 t.
162 1595 288 1655 erasnm,
307 1592 365 1644 siout
383 1593 505 1657 Apostolus
526 1591 599 1652 dicit,
617 1592 884 1648 itom.,vco1)onnm

91 1666 183 1720 chricti
195 1664 308 1717 eidcrcius
320 1668 356 1716 est
373 1665 440 1730 quim
455 1666 573 1727 peccatum
590 1663 654 1714 ide.
674 1663 750 1714 used
767 1663 882 1727 procando

91 1743 164 1792 nome
187 1735 256 1788 annul
272 1735 366 1787 incurrit
383 1735 472 1800 culpam
488 1738 512 1785 et
529 1746 605 1797 pene
621 1735 717 1784 reatum
736 1733 795 1796 urps
811 1733 884 1782 unito

91 1810 168 1874 magis
183 1820 225 1873 per
243 1807 327 1859 donum
348 1806 426 1871 gratie
440 1804 508 1855 simul
525 1803 649 1856 remittitur
665 1803 741 1868 culpa,
758 1807 783 1855 et
799 1803 885 1855 tollitur

133 1893 169 1931 ne
181 1882 267 1931 reatus.
507 1892 510 1897 ⁴

92 1895 149 2002 pus·
164 1953 285 2012 Preterca,
297 1947 399 2000 remissio
409 1950 554 2012 pccmtornm
567 1945 594 1996 tit
605 1943 630 1996 in
641 1943 774 2010 penitentia
785 1957 828 2010 per
836 1945 883 1995 rir-

93 2027 166 2075 tutem
183 2021 311 2086 passionis,
322 2017 447 2070 secundun
462 2016 520 2067 iliud
532 2018 614 2073 iicon..
632 2015 680 2066 ili:
696 2017 791 2075 «Quem
801 2029 885 2080 propo-

94 2093 142 2145 suit
154 2093 215 2142 Bous
225 2089 393 2155 propitiatorem
405 2100 446 2152 per
459 2087 528 2137 fidem
538 2086 565 2136 in
574 2085 684 2148 smpnine
696 2083 781 2150 ipsine,
792 2090 886 2151 propter

94 2161 252 2214 remissionem
270 2158 444 2224 precedentium
461 2156 603 2206 delictorum.
622 2170 637 2201 u
651 2155 695 2206 Sed
707 2155 784 2219 passio
798 2155 885 2206 cincti

94 2237 130 2285 est
145 2231 283 2284 sufficienter
298 2228 447 2280 satisfactoria
458 2239 500 2290 pro
520 2225 626 2276 omnibus
642 2225 756 2290 peccatis,
774 2230 801 2277 ut
817 2225 885 2290 supra

94 2303 198 2356 habitum
213 2303 248 2352 est
266 2301 324 2367 (qu.
340 2302 379 2362 tu,
392 2301 435 2348 art.
458 2296 503 2360 t).
517 2297 569 2346 Non
581 2308 635 2358 erpo
657 2298 710 2358 post
728 2296 885 2348 remissionem

95 2375 168 2438 culpe
179 2375 280 2423 remanet
289 2369 370 2444 aliquis
384 2372 460 2419 rantur
473 2380 556 2432 prena.

125 2444 171 2495 Sed
183 2446 262 2494 eontra
275 2445 321 2504 est,
336 2441 429 2506 quodid
443 2441 513 2504 itaq„
523 2435 659 2501 iil‚dicitur‚
672 2434 732 2500 qudd
744 2436 882 2486 cimiterii

94 2514 209 2580 penitens
217 2512 312 2566 dixisset
324 2513 352 2564 ad
363 2511 468 2562 Nathan:
480 2527 495 2558 a
505 2507 602 2559 Peooaui
613 2506 721 2569 unnim,
736 2522 751 2554 o
771 2506 828 2557 dixit
841 2508 886 2556 Na-

97 2589 153 2638 than
168 2584 291 2637 edilium:
306 2583 438 2635 «Dominus
450 2591 539 2645 quoqne
552 2578 667 2630 transtnm
676 2579 795 2641 peccatum
809 2579 883 2636 tuum,

130 2753 166 2816 (1)
177 2755 210 2799 lic
226 2753 262 2798 his
279 2751 348 2797 etiam
362 2749 439 2806 supra,
456 2761 496 2806 qu.
515 2746 555 2803 tr,
566 2751 610 2790 art.
625 2745 649 2804 3,
667 2745 696 2790 ad
712 2743 770 2801 ³,et
786 2754 826 2798 qu.
846 2743 884 2793 eu,
958 2722 959 2779 t

98 2827 142 2864 art.
160 2817 200 2872 10,
212 2815 240 2860 nd
259 2813 285 2866 ³;
298 2821 323 2858 ut
332 2819 355 2860 et
363 2815 394 2858 lv
404 2812 482 2858 Serri„
497 2810 549 2854 dist.
560 2807 599 2864 tt,
613 2820 652 2862 qu.
673 2807 698 2861 Ξ,
714 2811 757 2850 art.
777 2804 805 2856 13
820 2811 843 2847 et
854 2805 886 2848 oei
958 2812 959 2869 p

99 2879 233 2937 uom.,x1‚
247 2878 301 2922 lect.
312 2875 336 2935 t,
348 2876 393 2920 col.
406 2873 436 2928 43
451 2879 474 2917 et
488 2873 518 2916 od
534 2870 616 2922 dicer„
630 2870 675 2928 Vi,
690 2869 734 2913 cod
746 2865 769 2909 t.
