1942 3284
625 41 637 68 δ

197 227 226 262 us
243 226 399 263 sacasaasao
417 228 535 264 ιιιιιιιι
552 228 684 264 ascalonas.
797 220 841 265 783

57 303 231 364 (Ceramussa.
240 327 270 339 -
279 301 338 351 Cum
350 305 452 352 extrema
467 303 544 352 auctio
555 305 588 353 ad>
598 307 741 366 peccatorum
757 305 841 354 remis-

16 376 126 426 sionem
141 373 231 433 ualeat,
246 385 288 422 uec
308 373 336 422 ad
351 373 412 423 aliud
427 378 592 424 sacramentum
605 374 736 438 ordinetur,
753 380 788 426 est
800 390 841 426 sa-

15 447 192 506 cramentum,
203 456 249 494 uon
264 449 339 494 autem
354 443 470 508 quippiam
480 443 664 508 sacramentale.)

56 515 207 579 Respondes
223 514 358 575 dicendum,
373 514 434 579 quod
448 513 473 564 in
489 514 526 564 his
539 527 590 577 que
607 516 707 566 Ecclesia
722 517 841 568 visibiliter

14 590 155 654 operatur,
172 587 275 648 quaedam
294 591 348 636 suut
364 589 519 646 sacramenta,
538 591 563 635 ut
584 586 724 650 baptismam
738 590 840 652 quadam

15 657 224 715 sacramentalia,
240 661 265 705 ut
281 658 444 708 exorcismus:
461 671 557 721 quamn
572 662 609 708 est
626 659 674 708 hac
693 659 839 721 differentia,

15 729 98 797 quod
112 730 304 778 sacramentnm
317 727 402 779 dicitur
420 729 459 780 illa
472 729 531 778 actio
549 729 671 792 Ecclesia,
687 745 737 794 que
750 730 841 794 attingit

16 804 51 852 ad
74 799 192 850 ellectum
210 797 367 862 principaliter
382 799 496 849 intentum
510 798 534 848 iu
550 799 748 851 administratione
766 812 842 852 sacra-

17 875 181 932 mentoram3
192 871 231 920 sed
242 869 426 920 sacramentale
439 870 523 920 dieitur
533 870 573 919 illa
587 871 659 933 actio,
672 885 724 933 que
737 872 841 936 quamvis

18 959 77 996 nou
95 939 214 1006 pertingat
225 941 254 990 ad
265 939 330 990 illum
340 941 445 992 ellectum
455 978 463 1004 ,
472 944 549 990 tamen
565 941 681 991 ordinatur
691 942 842 1006 aliquomodo

18 1018 52 1067 ad
75 1013 148 1064 illam
166 1011 279 1061 actionem
297 1011 458 1076 principalem.
482 1012 582 1062 Effectus
599 1015 674 1061 auam
694 1011 795 1064 intentus
816 1014 841 1064 iu

18 1083 234 1138 administratione
259 1087 452 1134 sacramentorum
475 1086 510 1134 est
530 1083 617 1134 curatio
635 1083 707 1134 morbi
729 1085 839 1147 peccati:

19 1159 116 1219 unde,
134 1156 224 1209 isaia,
242 1155 323 1204 llllVll
338 1171 344 1203 :
361 1171 374 1202 c
389 1155 431 1204 llic
451 1159 487 1206 est
508 1155 583 1205 amuis
603 1152 692 1204 tructus
704 1160 731 1204 ut
750 1155 841 1206 tollatur

18 1231 167 1294 peccatum.
177 1242 191 1272 n
202 1226 231 1276 Et
242 1226 295 1276 ideo
308 1225 359 1276 cum
375 1227 402 1276 ad
416 1227 478 1276 huuc
491 1226 600 1276 elleetum
613 1227 727 1289 pertingat
739 1229 841 1277 extrema

18 1299 133 1360 unctio,
149 1301 174 1346 ut
185 1310 214 1348 ex
225 1297 304 1348 verbis
317 1297 395 1348 iacobi
408 1301 485 1362 patet,
500 1311 543 1348 nec
555 1298 673 1348 ordinetur
685 1297 715 1347 ad
726 1296 787 1348 aliud
799 1311 841 1348 sa-

17 1373 181 1423 cramentum
198 1370 262 1432 quasi
276 1368 297 1418 el
312 1381 442 1431 annexum,
460 1373 550 1420 constat
567 1368 629 1432 qaod
645 1372 746 1419 extrema
764 1367 842 1418 unctio

17 1457 76 1496 non
92 1445 133 1492 est
146 1439 343 1496 sacramentale,
357 1442 396 1491 sed
407 1443 606 1490 sacramaatnm.

60 1513 103 1564 Ad
118 1509 217 1575 primum
230 1524 284 1574 ergo
297 1510 434 1573 dicendum,
452 1510 512 1574 qudd
526 1512 602 1560 oleum
621 1525 668 1574 quo
681 1511 840 1560 catechumeni

18 1586 193 1646 inunguntur,
209 1596 250 1632 sua
270 1583 378 1633 uranicae
399 1595 445 1632 uon
459 1583 563 1647 perducit
575 1584 605 1633 ad
622 1584 709 1647 peccati
723 1582 840 1632 remissio·
939 1626 950 1649 ,

20 1670 87 1708 nem
97 1693 106 1718 ,
118 1654 174 1717 quia
190 1655 234 1704 lioe
247 1655 273 1704 ad
293 1654 432 1717 baptismum
451 1655 569 1718 pertiuet;
585 1654 626 1704 sed
641 1654 718 1717 aliquo
731 1653 798 1703 modo
811 1654 840 1702 ad

20 1728 176 1792 baptismum
190 1726 307 1790 disponit,
324 1725 429 1790 utsupra
447 1727 579 1777 dictumest
593 1726 648 1790 (lll.
663 1729 723 1789 part.
737 1740 779 1788 qu.
798 1729 839 1784 tl,

21 1807 75 1852 art.
88 1798 134 1862 1).
149 1797 177 1846 Et
190 1797 242 1848 ideo
256 1799 295 1848 illa
308 1798 386 1848 unctio
399 1811 446 1849 uon
458 1802 494 1848 est
504 1802 680 1860 sacramentum,
690 1797 750 1847 sicut
764 1796 840 1846 unctio

20 1877 150 1923 extrema.
893 1916 898 1923 ,

62 1944 101 1992 rid
112 1941 238 1990 secundum
253 1941 371 1992 dicendum
381 1980 388 2004 ,
398 1941 458 2004 quod
470 1943 513 1990 hoc
527 1943 692 1991 sacramentum
707 1937 837 1987 immediate

21 2011 155 2066 hominem
166 2012 195 2061 ad
213 2011 306 2075 gloriam
322 2013 435 2076 disponit,
450 2013 502 2062 cum
516 2012 651 2063 exeuntibus
662 2010 779 2074 aaarpore
798 2011 838 2060 de-

24 2094 81 2150 tur3
99 2085 187 2148 etquis
199 2085 305 2134 inceleri
317 2085 369 2148 lege
380 2099 426 2136 uon
438 2088 488 2136 erat
500 2085 575 2134 adnue
587 2088 677 2147 tempus
690 2081 841 2145 persecutandi

22 2159 62 2209 acl
77 2155 185 2220 gloriam,
196 2155 250 2218 quia
262 2158 386 2206 neminem
398 2158 434 2206 ad
445 2159 588 2221 perfectam
598 2156 714 2205 adduxit
723 2155 777 2208 lea,
790 2155 841 2206 ideo

23 2230 98 2281 istud
110 2231 279 2278 sacramentum
294 2227 325 2277 ilai
339 2228 480 2291 prefigurari
492 2241 539 2278 nou
554 2227 632 2278 debuit
646 2240 686 2290 per
698 2226 789 2291 aliquod
802 2239 840 2275 sa-

23 2304 182 2350 cramentum
193 2298 235 2348 sibi
251 2300 406 2362 respondens,
420 2299 481 2348 sicut
495 2313 535 2362 per
548 2300 640 2362 liguram
655 2298 757 2361 ejusdam
769 2309 840 2360 geue·

22 2372 80 2432 ris;
97 2368 204 2432 quamuis
220 2383 261 2432 ρει
276 2369 358 2432 figuras
371 2374 471 2419 remotas
484 2371 559 2432 aliquo
574 2369 640 2420 modo
659 2369 779 2431 figuratum
791 2369 840 2430 sit,

22 2445 58 2492 in
77 2441 186 2491 omrribas
206 2439 362 2489 curatimious
375 2453 426 2502 que
448 2440 555 2502 leguntur
568 2439 592 2489 in
606 2438 677 2489 uetari
693 2442 840 2488 testamenta.

69 2513 103 2562 dd
122 2511 214 2561 tertium
231 2509 367 2572 dicendum,
385 2510 444 2574 quod
464 2511 585 2574 dionysius
604 2522 650 2561 uou
666 2509 723 2559 tacit
741 2509 840 2571 aliquam

26 2584 182 2635 mentionem
194 2583 222 2633 de
233 2587 334 2634 extrema
344 2582 460 2644 auctione,
473 2582 534 2632 sicut
547 2595 590 2631 uec
603 2583 631 2632 de
645 2579 843 2644 pantomimum

23 2660 64 2707 de
82 2653 246 2716 matrimonio;
260 2654 315 2717 quia
326 2653 375 2717 ipse
386 2667 432 2704 uou
446 2653 545 2704 intendit
556 2653 706 2703 determinare
723 2651 752 2699 de
765 2661 842 2697 sacra·

27 2726 140 2786 ruentis,
152 2724 199 2774 nisi
210 2724 322 2787 cuatonis
336 2737 377 2789 per
390 2737 416 2774 ea
428 2725 573 2775 innotescere
584 2726 661 2788 potest
674 2718 842 2771 Ecclesiastico
920 2763 922 2770 ‚
955 2704 958 2713 ¹

24 2798 172 2851 hierarchia
189 2798 291 2847 ordinata
304 2797 430 2860 dispositio,
444 2795 554 2860 quautam
568 2797 596 2846 ad
608 2795 725 2844 ministros
734 2797 758 2842 ει
770 2791 842 2842 actio·

26 2884 80 2921 raes
102 2870 273 2932 ministrorum,
289 2873 312 2918 ει
330 2870 474 2934 recipientes.
489 2870 575 2918 lamen
593 2867 645 2916 clun
663 2879 704 2929 per
719 2868 842 2914 extremam

23 2941 173 2993 cinctionem
188 2940 271 3004 aliquis
289 2945 438 3003 consequatur
456 2945 551 3004 gratiam
573 2942 595 2990 et
609 2937 768 2988 remissionem
786 2947 842 2999 pec-
