1942 3284
110 144 159 189 itte
261 146 463 193 surrunmuou,
479 144 574 189 obesa.
588 145 642 192 xxi,
660 144 719 181 m.
736 145 766 181 ιι.

111 228 159 291 tia,
173 224 277 276 divinum
288 222 399 286 judicium
417 220 529 271 imitatur.
544 222 569 269 ln
583 224 694 284 quantum
710 220 777 270 enim
791 220 900 285 aliquem
915 220 929 272 ai

111 296 271 351 communione
285 294 385 344 bdelium
397 294 489 355 separat
502 294 529 341 ut
542 290 676 355 erubescat,
689 290 797 341 imitatur
816 292 928 343 divinum

111 369 232 435 judicium,
243 379 288 429 quo
299 378 340 428 per
349 364 439 427 flagella
452 362 557 427 castigat,
567 362 592 411 in
603 366 715 425 quantum
726 363 836 413 auteur'a
847 363 930 413 suffra

113 439 157 505 giis
166 442 190 491 et
202 438 253 488 aliis
266 435 423 499 spiritualibus
435 438 540 498 separat,
549 434 652 485 imitatur
668 432 778 483 divinum
792 434 927 499 judicium,

113 525 159 579 quo
172 509 287 563 bominem
298 506 342 558 sibi
356 505 478 569 relinquit,
492 509 518 555 ut
529 518 570 571 per
587 504 757 567 humilitatem,
771 508 886 571 seipsum
896 519 930 557 cc

111 595 239 649 quomens,
256 580 286 629 ad
299 579 371 629 licum
385 578 471 627 redeat.

83 687 88 698 .
145 655 179 705 ad
189 653 287 717 primum
301 662 355 713 ergo
368 649 498 711 dicendum,
508 646 569 711 qudd
584 646 714 698 maledictio
728 652 813 713 potest
824 662 882 701 esse
893 651 929 700 de

113 723 212 791 pliciter.
224 723 275 773 Uno
289 720 367 781 modo,
381 719 412 767 ita
426 718 487 782 qubd
501 718 526 769 in
540 718 598 769 malo
612 720 674 782 quod
687 718 793 783 irrogat,
807 722 849 772 uel
864 722 926 782 did,

112 810 155 861 per
171 794 323 844 intentionem
341 790 422 852 sistat3
436 793 459 840 et
471 790 504 840 sic
522 788 650 841 maledictio
665 790 779 840 omnibus
794 793 878 843 modis
896 794 927 843 est

113 866 236 946 prohibita.
250 865 300 915 llio
313 862 389 925 modo,
400 862 433 911 ita
446 860 506 925 qubd
518 861 602 911 malum
615 862 677 925 quod
691 861 747 923 quis
762 863 924 914 maledicendo

114 939 261 999 imprecatur,
275 934 304 984 ad
320 934 404 983 bonum
419 930 481 981 illius
501 930 604 994 ordinet,
619 930 658 993 qui
675 931 846 997 maledicitur;
861 938 887 984 et
898 934 925 983 sir

114 1006 242 1060 maledictio
255 1005 391 1070 quaudoque
406 1006 442 1053 est
455 1000 517 1051 licita
527 1004 550 1052 et
564 1001 695 1065 sulutifera,
710 1002 775 1053 sicut
791 1004 869 1055 etiam
883 1018 924 1055 me

115 1078 181 1129 diem
197 1078 286 1141 aliquod
300 1078 462 1127 nocumentum
472 1072 542 1123 iniert
556 1072 659 1135 iubrmu,
675 1076 702 1122 ut
722 1074 924 1140 sectionem,pe

114 1162 184 1213 quam
200 1149 229 1198 ab
242 1146 374 1197 infirmitate
383 1146 498 1195 liberetur.

147 1220 181 1270 nd
197 1219 320 1269 secundum
337 1215 469 1271 dicendum,
485 1214 547 1279 qudd
565 1214 667 1265 diabolus
683 1215 860 1280 incorrigibilis
875 1224 923 1281 ml,

117 1295 143 1342 et
160 1290 212 1341 ideo
226 1302 272 1339 non
291 1292 326 1339 cst
339 1283 490 1351 susceptibilis
503 1286 598 1350 alicujus
611 1284 666 1336 boni
675 1298 717 1349 per
732 1291 923 1341 exmmmumm

116 1361 186 1415 tionis
201 1372 302 1424 poenam.

147 1432 182 1481 Ad
191 1430 284 1481 tertium
295 1429 423 1489 dicendum,
436 1423 494 1491 quid
508 1440 537 1477 ex
546 1428 590 1477 hoc
602 1427 652 1491 ipso
667 1426 729 1491 qudd
743 1428 837 1492 aliquis
848 1433 923 1482 sume

115 1502 161 1567 giis
174 1501 280 1554 Ecclesia
295 1501 413 1565 privatur,
424 1498 504 1562 triplex
517 1498 685 1567 incommodum
699 1499 803 1551 incurrit
822 1516 868 1567 per
884 1504 922 1553 tr'a

115 1588 168 1639 que
184 1573 236 1636 quis
248 1586 278 1623 ex
288 1570 402 1634 suffragiis
422 1568 527 1619 Ecclesiae
543 1569 697 1632 consequitur.
711 1571 802 1621 Valent
819 1574 883 1625 enim
898 1576 922 1625 al

116 1649 266 1709 augmentum
284 1642 362 1707 gratie
376 1640 411 1692 eis
420 1640 517 1705 quieam
529 1640 630 1701 habeut,
641 1642 679 1690 uel
693 1641 721 1691 ad
733 1646 878 1696 merendum
889 1646 920 1697 cb

117 1717 158 1781 qui
176 1730 223 1768 non
240 1716 339 1777 babent3
354 1716 378 1763 ct
394 1709 500 1777 quantum
519 1712 547 1761 ad
560 1711 603 1761 boc
616 1712 722 1775 Magister
742 1714 918 1769 Sententiarum

118 1789 181 1852 dicit,
193 1787 253 1851 qudd
267 1786 360 1851 «gratia
369 1786 409 1835 liei
419 1783 726 1847 perercommunicationem
739 1787 918 1841 subtrahitur.»

117 1860 199 1912 valent
212 1860 280 1911 etiam
291 1860 320 1909 ad
331 1854 571 1918 custodiamuirlutis;
585 1858 609 1905 et
621 1856 732 1919 quantum
744 1858 775 1908 ad
790 1860 854 1917 boc,
867 1862 919 1911 diu't

117 1931 180 1996 qnbd
194 1931 333 1994 «protectio
348 1926 490 1987 subtrabitlr,
503 1942 518 1973 r>
534 1939 580 1976 nou
596 1925 655 1990 qubd
668 1927 765 1979 omniuo
778 1929 794 1979 l
809 1932 855 1981 liei
866 1946 917 1997 pru-

117 2002 219 2052 ridentia
233 2000 363 2050 excludatur
380 1997 597 2056 excommunicatus,
614 1998 654 2047 sed
666 1998 694 2047 ab
705 1998 745 2049 illu
762 2004 917 2064 protectione,

117 2084 163 2135 qua
174 2070 232 2120 lilios
242 2070 351 2121 Ecclesia
369 2069 492 2133 specialbri
506 2068 572 2119 modo
587 2068 693 2119 custodit.
706 2071 791 2121 Valent
806 2074 881 2125 etiam
890 2075 917 2125 ed

117 2141 276 2194 defensionem
286 2142 314 2191 ab
328 2142 403 2203 boste,
417 2145 441 2191 ct
459 2138 561 2208 quantim
583 2140 611 2191 ad
622 2141 665 2190 boc
679 2140 745 2200 dicit,
761 2142 827 2205 qubd
843 2146 916 2196 «dia.

117 2214 171 2264 bolo
184 2212 257 2276 maior
269 2216 372 2275 potestas
384 2209 486 2264 seniendi
500 2212 525 2261 in
539 2212 614 2275 ipsum
623 2212 689 2261 datur
698 2228 713 2259 u
725 2216 748 2263 et
765 2213 916 2277 spiritualiter

116 2290 143 2339 et
155 2285 310 2348 corporaliter.
324 2286 388 2335 Unde
401 2284 426 2333 in
439 2282 547 2348 plmitiva
562 2284 672 2345 Ecclesia,
686 2287 779 2349 quando
792 2291 915 2353 oportebat

119 2370 160 2423 per
173 2359 238 2419 signa
249 2357 355 2407 homines
368 2355 396 2406 ad
410 2355 469 2412 fidel
478 2355 592 2421 inuitare,
605 2356 773 2421 sicutSpiritds
787 2363 865 2413 sancti
874 2362 915 2414 de

118 2443 173 2481 num
186 2427 270 2477 visibili
284 2428 349 2491 signo
360 2426 552 2490 manilosubatur,
567 2429 600 2478 ita
610 2429 634 2477 et
643 2430 856 2483 excommunicatio
865 2446 914 2483 cor-

116 2500 190 2567 porati
201 2500 321 2550 uenatione
333 2498 446 2550 idiabolo
458 2499 615 2554 innotescebat.
628 2500 677 2549 Nec
687 2503 722 2550 est
734 2500 912 2559 inconveniens,

114 2574 140 2625 si
152 2574 191 2623 ille
208 2573 309 2636 quinon
326 2576 361 2622 est
383 2572 524 2635 despeptus,
539 2571 601 2621 hosti
616 2572 692 2634 detur,
705 2573 760 2636 quia
781 2585 829 2623 non
847 2575 913 2625 datar

115 2644 184 2706 quasi
197 2643 356 2706 damnandus,
372 2642 412 2692 scd
425 2641 481 2708 qusi
501 2641 665 2707 corrigendum
681 2642 734 2695 cium
752 2643 778 2693 in
797 2648 912 2707 potestate

116 2714 222 2765 Ecclesia
243 2714 289 2776 sit,
309 2727 338 2765 ex
351 2714 403 2776 ejus
416 2723 476 2778 mapu
491 2712 583 2777 ipsum,
595 2712 648 2765 cum
659 2714 766 2779 uoluerit,
776 2716 877 2780 eripere.
