1942 3284
267 222 298 259 ns
314 222 447 265 nunsrunne
463 223 638 260 cosrussronrs.
803 214 846 261 oti

85 298 122 347 An
137 295 260 346 seeundum
272 294 392 346 dicendum
401 332 410 359 ,
418 295 479 360 quid
493 296 518 345 in
529 308 556 347 eo
567 298 607 361 qui
624 309 688 347 usum
701 298 786 361 lingum
799 313 845 351 non

49 367 145 425 habet,
164 366 223 417 sinn
239 369 273 416 est
286 370 373 427 mutus,
387 368 424 417 sel
437 368 478 431 qui
496 371 532 417 est
548 367 639 419 oitenus
653 368 749 431 tingue,
763 371 849 420 suffieit

47 436 118 501 quod
131 436 299 501 perscriptum,
313 440 353 487 eut
362 450 403 502 per
414 443 505 500 nutum,
516 443 556 488 eut
567 451 608 502 per
618 439 764 505 interpretem
778 443 848 492 eonii-

49 510 147 570 tentnr5
157 505 262 570 quianon
271 506 368 569 exigitur
376 508 404 559 eb
413 508 505 559 homine
512 508 564 571 pius
574 508 641 571 quim
652 510 734 573 possit,
743 512 847 573 quamvis

48 580 128 629 homo
140 590 188 628 uon
196 577 267 641 possit
275 579 313 628 rel
323 578 403 629 doben
413 579 550 643 baptismum
560 580 676 643 resipere,
687 580 734 631 nisi
745 582 770 630 in
779 594 846 645 nque,

46 661 110 713 quae
123 652 161 698 est
169 648 262 699 omnino
275 642 304 699 ei
314 647 435 710 exteriori,
447 653 477 699 ει,
485 648 551 699 nonis
563 649 593 700 m
603 648 649 699 ntio
664 651 792 701 exniietnr.
803 652 849 702 Sei

48 722 125 769 actus
142 718 290 771 confessionis
308 723 345 769 est
355 719 384 769 ab
404 718 464 770 iutri
480 724 504 769 ει
516 719 530 769 i
543 720 609 771 nonis
627 737 633 769 :
654 726 678 770 ει
695 723 747 772 ineo
758 724 848 786 quanio

46 801 240 909 nonfipossumus
253 802 298 841 uno
313 790 393 852 modo,
405 790 514 842 dommus
524 790 648 842 nennium
658 793 718 855 quod
728 804 849 856 possumus
910 827 912 832 -

46 872 98 911 eon
117 860 171 909 teri.

88 930 124 981 id
140 930 230 981 tertium
243 930 379 995 dicendum,
390 931 452 995 quod
464 932 490 981 iu
501 932 604 985 absentia
616 933 702 997 proprii
716 935 848 998 sacerdotis,

49 1000 130 1053 etium
144 1004 220 1063 potest
231 1000 289 1053 luico
301 1002 351 1053 fieri
361 1002 475 1055 confessio
490 1007 531 1054 :et
547 1004 600 1055 ideo
619 1016 666 1055 nou
685 1008 774 1067 oportet
790 1009 850 1069 quon

49 1084 101 1137 per
122 1069 230 1135 seriptum
250 1070 301 1134 iet3
316 1072 370 1135 quie
386 1074 438 1137 plus
455 1074 555 1137 pertinet
572 1074 602 1124 ud
620 1074 781 1127 recemtnter'n
795 1087 850 1126 oon

50 1140 168 1194 fessionis
179 1145 254 1205 retus,
266 1142 333 1207 quon
343 1144 396 1207 iiie,
406 1144 444 1195 eui
460 1145 486 1195 iit
495 1144 614 1196 mutatio.
691 1142 696 1151 ‘

351 1320 508 1373 nnncunus
522 1322 561 1372 nv.
617 1392 620 1397 ³

100 1444 190 1491 Uirim
199 1445 314 1490 sexdecim
326 1446 471 1489 conditiones
479 1445 605 1501 ussipnaioe
620 1447 818 1503 requirnntorori

363 1506 538 1563 coissessioneos.
704 1508 709 1517 '
725 1523 728 1528 ’

88 1634 127 1685 Ad
144 1636 249 1697 quartum
269 1632 303 1684 sie
321 1631 457 1697 proceditur.
472 1632 568 1683 Videtur
587 1631 649 1696 quen
670 1632 784 1685 sexoeon
805 1634 850 1685 itio

49 1702 212 1767 conditiones,
226 1717 276 1767 que
288 1702 302 1755 t
315 1702 427 1766 Megistos
447 1702 609 1766 assignentur,
621 1703 658 1753 iis
674 1703 780 1753 semibus
796 1716 851 1755 eon·

49 1777 140 1834 tentae,
156 1785 201 1824 non
218 1772 359 1837 requiruntur
370 1774 398 1824 ud
410 1772 588 1825 contessionem.

135 1878 166 1917 Sit
173 1879 257 1929 simplex,
267 1878 345 1917 humilis
350 1878 451 1921 contnuo.
460 1890 518 1928 pun,
526 1877 593 1924 noetis,

130 1939 192 1985 nsque
201 1936 301 1986 nequem.
311 1935 369 1983 nudo,
379 1936 467 1983 niseum,
475 1937 545 1982 iibens,
556 1936 670 1982 tenu-oq

131 1994 215 2043 integre,
224 2001 304 2041 mem.
314 1994 449 2043 lucrymubiiis,
458 1996 570 2040 ιεεειιηιι,

132 2050 195 2089 Portis
202 2058 221 2089 et
227 2062 324 2097 senuuns.
334 2058 354 2089 et
364 2052 387 2089 sit
395 2063 461 2101 perere
470 2058 543 2101 pente.

49 2148 128 2201 Fides
149 2145 209 2196 enim
228 2148 251 2195 et
263 2142 397 2207 simplicitas
410 2147 434 2194 ει
447 2143 559 2194 fortitudo
568 2148 622 2193 sort
639 2156 680 2207 per
693 2156 719 2194 se
737 2142 850 2207 uirtutes;

52 2230 114 2283 erqo
128 2228 175 2267 uon
188 2215 271 2266 debent
282 2214 338 2278 poni
353 2213 496 2265 conditiones
505 2214 666 2265 eoniessiouis.

88 2295 114 2339 ι.
138 2290 267 2349 Preteren,
285 2298 367 2350 prrsum
387 2289 422 2335 est
440 2286 503 2348 quon
521 2297 568 2334 non
587 2285 656 2333 nubet
668 2282 850 2347 permixtionem.

51 2358 169 2412 Similiter
178 2357 273 2421 simplex
284 2355 470 2419 compositionem
481 2358 505 2405 et
517 2354 690 2418 permixtionem
699 2354 780 2403 aufert.
792 2355 851 2417 Ergo

52 2427 172 2495 superflue
188 2428 320 2479 alterutrum
332 2426 432 2491 ponitur.

89 2506 114 2551 3.
130 2500 259 2557 Praeterea,
273 2502 390 2563 peecatum
412 2495 483 2546 semei
503 2493 592 2544 mutim
607 2492 756 2544 commissum
778 2494 853 2545 nuilus

52 2574 151 2623 tenetur
162 2568 266 2619 confiteri
275 2568 321 2618 uisi
330 2567 409 2617 semel.
421 2566 479 2628 Ergo
489 2565 584 2616 sinemo
593 2566 710 2628 peceatum
720 2563 853 2626 numitore,

53 2655 105 2694 non
115 2643 206 2705 oportet
217 2637 278 2701 quoi
293 2639 323 2688 sit
333 2638 439 2701 frequens
456 2636 508 2703 ejus
520 2634 665 2699 poenitentia.

89 2716 114 2762 t.
129 2710 250 2770 Preteren,
265 2708 377 2758 consessio
389 2707 417 2757 ed
426 2706 603 2757 satisfactionem
615 2704 739 2753 ordinatur.
755 2700 801 2751 Sed
817 2716 853 2752 sn-

54 2782 162 2836 tisiaetio
171 2780 308 2843 quandoque
320 2783 356 2829 est
368 2778 469 2842 publica.
482 2778 541 2841 Ergo
550 2782 573 2827 ει
580 2774 694 2827 noniessio
705 2787 751 2824 nou
764 2786 854 2837 semper

56 2855 128 2907 (tebet
138 2864 191 2903 esse
206 2852 300 2900 secrete.

90 2930 115 2975 o.
132 2918 316 2983 metuentius
329 2920 387 2983 quon
400 2932 446 2972 non
458 2922 494 2971 est
505 2918 530 2969 in
540 2919 651 2983 potestne
662 2915 747 2977 nostru,
756 2924 802 2968 nou
814 2926 857 2966 re·
