1942 3284
21 235 23 240 ,
130 178 176 224 eoo
289 183 491 232 surpereminet,
505 180 599 228 oonsr.
612 182 652 230 rr,
666 180 724 222 aar.
739 182 757 218 ι.
949 200 951 258 t

126 257 282 313 remissionem
305 259 379 323 culpan
402 258 533 312 ordinatum
555 259 601 309 est.
618 255 664 308 sed
684 256 751 321 culpa
773 265 819 320 per
842 254 918 321 gratio
949 259 951 296 t

126 329 265 382 infusionem
284 329 422 382 sullicienter
439 329 570 380 remittitur.
592 329 653 392 Ergo
667 327 698 378 ad
713 325 878 392 penitentiam
893 328 919 379 dc
949 298 951 394 i

126 405 220 466 peccato
231 402 341 466 agendam
351 413 397 454 nou
410 403 445 452 est
458 400 586 452 neccssaria
596 397 721 450 confessio.
949 396 951 407 '

156 475 183 521 a.
194 472 316 532 Preterea,
324 475 441 536 peccatum
456 471 517 535 quod
526 482 556 522 ex
565 469 611 521 alio
623 472 765 521 mutractum
776 473 828 534 est,
839 483 872 522 ex
879 469 919 520 alio

126 539 194 594 debet
212 543 296 595 trabere
311 544 446 596 medicinam
462 555 536 605 :ergo
556 546 675 607 peccatum
697 541 787 593 nunde
809 542 876 606 quod
894 553 921 591 ex
949 556 951 567 ·

126 613 218 677 proprio
230 618 294 665 motu
306 613 401 678 quilibet
407 613 536 676 remonuit,
549 616 676 677 oportetex
689 612 765 676 seipso
771 611 869 664 mutum
882 614 920 663 tra·

125 683 180 736 bere
192 683 337 737 medicinam.
351 685 397 736 Sed
407 687 484 737 contra
495 683 666 748 talepeccatom
674 682 794 734 ordnrtnr
807 682 921 747 preniten-

124 753 166 805 tia.
184 753 243 817 Ergo
253 753 369 813 confessio
382 767 429 806 nou
441 757 477 806 est
488 754 518 805 de
533 753 670 804 necessitate
682 751 839 816 penitentie.

156 829 181 876 3.
200 825 328 890 Praeterea,
344 825 459 890 aliquibus
478 831 515 878 est
532 830 650 890 peccatum
667 823 788 876 remissum
812 826 869 878 sine
882 829 920 878 roc

125 895 185 959 qnod
204 895 302 949 confessi
313 897 431 960 legantur,
443 896 506 948 sieut
516 900 582 962 patet
593 896 622 947 de
634 896 702 947 Petro
715 898 739 945 et
750 894 892 958 llagdalena
902 903 921 946 rt
949 938 951 955 ,

125 967 154 1017 de
165 967 246 1020 Panln.
261 969 306 1020 sed
318 981 365 1020 non
379 971 416 1020 est
424 968 519 1020 minoris
532 967 641 1019 efficacis
653 965 726 1032 qratia
732 966 863 1019 remittens
872 981 921 1032 pec·
949 962 951 972 ¹

124 1039 201 1088 catum
212 1051 282 1104 nnnc,
295 1039 364 1102 quim
375 1042 431 1090 tune
443 1039 521 1090 luerit.
534 1038 595 1102 llrgo
607 1049 650 1089 nec
659 1049 722 1088 nnnc
734 1038 765 1088 de
781 1040 920 1094 necessitate

125 1108 206 1161 ualuis
221 1113 266 1171 est,
277 1107 336 1172 qudd
348 1111 417 1162 homo
430 1110 572 1162 conduntur.

155 1182 180 1231 t.
198 1181 327 1240 Preterea,
339 1179 453 1234 contessio
468 1181 498 1231 ad
511 1181 557 1233 ltoe
575 1179 676 1244 exigitur
693 1178 719 1230 in
731 1178 840 1244 jndicio,
850 1186 879 1234 nt
890 1194 920 1232 se·

124 1250 224 1302 cundum
236 1251 385 1314 quantitatem
396 1251 469 1314 culpae
481 1263 549 1314 pena
562 1249 684 1312 infligatur.
698 1250 746 1301 sed
760 1250 836 1303 homo
850 1255 921 1317 potest

125 1334 216 1386 poenam
233 1321 278 1372 sihi
295 1321 340 1386 ipsi
352 1321 456 1384 indigere
471 1321 598 1386 majorem,
611 1320 681 1384 qnam
694 1320 765 1371 etiam
777 1321 809 1372 alr
820 1322 869 1375 alio
882 1320 920 1373 siti

123 1392 247 1456 indigetur.
257 1392 317 1456 urge
331 1391 422 1446 ridetur
432 1391 495 1458 quid
511 1391 627 1445 contessio
638 1390 726 1443 nonsit
740 1391 772 1442 de
785 1394 920 1446 nmrmiutr

125 1463 216 1514 salutis.

155 1533 201 1586 Sed
215 1537 303 1598 contm,
313 1533 406 1586 Boetius
413 1533 454 1587 tid.
469 1535 507 1586 De
519 1533 619 1587 comet.
634 1530 763 1598 (Prostlt)
775 1547 783 1582 r
794 1535 919 1601 «stepen

125 1605 258 1656 medicantis
278 1609 400 1670 expectas,
416 1607 508 1669 oportet
524 1603 586 1669 quod
603 1604 707 1655 mortum
724 1603 831 1668 deteges.
845 1621 863 1654 n
880 1606 920 1656 sul

125 1674 155 1726 (le
166 1675 301 1727 necessitate
313 1673 392 1726 salutis
406 1679 451 1736 est,
467 1673 528 1738 qntd
540 1676 610 1726 homo
623 1673 653 1724 de
665 1674 768 1738 peccatis
783 1675 919 1728 medicinam

125 1747 231 1812 accipiat.
248 1748 308 1812 Ergo
319 1751 343 1798 et
356 1746 386 1798 de
397 1747 534 1798 necessitate
545 1745 625 1799 salutis
635 1750 673 1797 est
683 1744 746 1810 qnod
760 1746 871 1799 morbum
883 1760 918 1814 prr

125 1819 291 1872 contessionem
300 1818 401 1881 detegat.

157 1892 182 1938 e.
193 1891 312 1953 Preterea,
321 1887 441 1952 injudicio
449 1887 547 1939 seculari
556 1900 603 1939 uon
611 1890 648 1939 est
660 1887 721 1938 idem
733 1886 850 1951 inderet
862 1903 919 1940 reus

126 1958 171 2010 Sed
183 1959 296 2022 iudicium
314 1957 433 2022 spirituale
446 1963 482 2010 est
497 1959 631 2010 ordinatius.
642 1959 702 2021 lingo
715 1960 822 2023 peccator
835 1961 880 2024 qni
890 1963 922 2010 est

125 2042 192 2091 reus,
209 2041 256 2079 uon
270 2029 338 2079 debet
353 2041 405 2082 esse
425 2029 462 2082 sul
473 2029 548 2094 ipsius
557 2029 643 2093 iudex,
660 2029 701 2080 sed
718 2029 747 2080 air
762 2028 809 2080 alio
823 2029 922 2093 iudicari

126 2099 208 2162 debet,
219 2098 286 2150 etita
299 2103 389 2163 oportet
398 2099 460 2165 quod
470 2101 494 2152 ei
501 2100 645 2152 confiteatur.

156 2168 312 2234 (Concuusto.
327 2195 358 2210 -
374 2171 431 2222 Cim
444 2184 492 2224 non
505 2168 579 2236 possit
597 2169 737 2235 penitentie
752 2175 920 2222 scemenum

125 2237 193 2292 alieni
207 2238 232 2290 in
245 2240 369 2293 remedium
386 2237 502 2304 adhiberi,
515 2240 561 2292 nisi
572 2246 692 2304 peccatum
710 2245 881 2306 cognoscatur,
893 2241 921 2292 eo

124 2307 183 2374 qued
198 2309 338 2375 incognitum
356 2313 430 2363 curari
444 2323 492 2364 nou
509 2311 599 2378 possit,
617 2312 789 2364 sacramentalis
806 2312 922 2364 mutessio

124 2380 300 2515 &nepesinis
312 2381 393 2434 saluus
408 2382 461 2446 ejus
470 2387 524 2446 est,
537 2382 612 2448 quiin
627 2386 748 2446 peccatum
761 2382 852 2434 nunde
860 2394 922 2433 mor-

156 2462 169 2500 e
184 2450 274 2502 cecidit.
949 2481 951 2492 2

155 2518 290 2584 despondeo
302 2523 421 2574 dicendum
429 2559 437 2586 ,
445 2523 508 2587 qudd
521 2524 599 2588 passio
608 2522 713 2586 Christi,
727 2523 778 2574 sine
793 2523 863 2588 euius
876 2523 922 2574 rir-

124 2591 173 2640 tute
184 2601 229 2640 nec
241 2591 364 2656 originale,
378 2605 421 2645 nec
433 2594 522 2645 netuele
534 2598 654 2658 peccudum
670 2593 800 2656 dimittitur,
814 2594 840 2644 in
852 2593 920 2646 notis
949 2596 951 2617 ¹

125 2663 229 2721 operatur
240 2673 282 2724 per
295 2667 487 2715 sacramentorum
497 2663 679 2728 susceptionem,
693 2676 746 2727 qua
761 2677 791 2715 ex
805 2665 858 2729 ipse
869 2665 919 2715 eli·

125 2727 211 2778 cariam
223 2729 315 2782 habent.
328 2732 382 2784 ideo
397 2733 426 2784 ad
437 2734 511 2796 culpe
524 2733 683 2784 remissionem
696 2737 721 2784 et
732 2735 831 2787 aemule
840 2738 867 2786 et
876 2733 920 2786 ori·

124 2796 223 2862 ginelis,
236 2801 356 2866 requiritur
363 2808 528 2854 sacramentum
540 2803 659 2866 Ecclesia,
667 2804 706 2855 rel
713 2808 769 2856 artu
776 2809 918 2871 susceptum,

124 2866 162 2914 vet
171 2868 252 2924 sutem
263 2873 538 2940 recoquandoeruicuns
549 2874 706 2949 necessitatis,
717 2887 763 2928 non
774 2880 919 2941 mntemptns
