1942 3284
122 183 169 230 ιιι
255 189 456 242 sonorantium,
473 187 568 236 oum.
585 189 672 240 miv,
690 189 751 228 nur.
770 189 810 226 m.

124 269 229 334 cipitur:
244 269 379 332 quandoque
398 266 462 318 euim
480 265 594 328 significet
608 265 684 329 ipsam
701 265 864 328 relationem,
876 267 902 315 et
913 263 941 314 sir

124 345 161 393 cst
175 344 222 390 ium
238 340 262 389 in
274 339 391 403 inferiori,
406 337 477 402 quim
491 338 516 386 iu
529 336 655 400 superiori,
673 340 702 386 ut
719 336 829 401 obiectio
844 334 938 398 mugi:

124 417 149 465 ιι
163 413 199 464 sic
208 425 256 463 non
268 409 377 474 accipitur
389 409 438 460 hic.
453 408 595 471 Quandoque
609 412 687 459 autem
699 408 823 474 accipitur
837 420 884 474 pro
897 407 941 470 ipso

126 485 198 548 produ
216 483 257 548 qui
269 481 371 533 ordinem
384 481 459 545 primo
472 480 540 531 modo
551 483 670 543 acceptum
684 479 755 529 iacit.
771 480 805 530 Et
821 479 880 544 quia
892 477 941 528 retii

125 554 229 618 ordinis,
245 557 313 618 prout
326 555 362 603 est
374 552 464 616 relatio,
481 551 598 601 inuenitur
609 549 650 599 ubi
667 549 749 614 primd
770 551 865 615 aliquid
881 562 942 614 supe

126 624 175 675 rius
190 624 259 674 altero
273 623 383 686 occurrit,
397 623 450 675 ideo
465 621 504 672 hio
518 621 602 686 gradus
618 619 731 671 eminens
745 634 795 685 per
807 623 943 687 poterium

128 695 278 762 spiritualem,
292 695 347 746 ordo
361 695 500 746 nominatur.
965 646 967 803 l

419 872 581 924 ninevitis
603 873 646 923 111.

331 999 418 1044 Uirum
427 999 486 1044 ordo
502 998 535 1043 cit
543 999 734 1042 sacramentum

163 1125 197 1175 td
206 1125 301 1176 tertium
310 1125 343 1175 sic
352 1123 492 1188 proceditur.
501 1123 597 1174 Videtur
607 1121 668 1186 qudd
680 1122 741 1173 ordo
756 1135 812 1174 non
830 1125 864 1176 sit
878 1137 942 1176 sumr-
966 1136 968 1185 i

129 1201 243 1248 mentum.
256 1199 426 1248 Sacramentum
441 1197 503 1246 enim
515 1195 552 1260 (ut
561 1193 616 1245 dicit
624 1195 691 1259 iiugo
701 1195 734 1246 de
743 1195 842 1248 Sancto
850 1197 940 1257 Victore}
966 1192 967 1247 ἶ

132 1272 169 1320 est
182 1269 317 1317 materiate
330 1266 491 1317 elementum.
503 1267 549 1317 Sed
557 1266 611 1318 ordo
621 1279 669 1316 non
680 1266 795 1317 nominat
808 1268 942 1332 adonidis

128 1339 241 1404 jusmodi,
249 1339 289 1388 sed
301 1337 373 1401 ιιιιςιι
387 1337 530 1400 relationem,
542 1338 580 1387 tei
596 1341 748 1402 potestatem,
758 1338 823 1402 qnia
837 1340 903 1389 onio
912 1343 943 1390 ei
966 1368 967 1381 ι

131 1423 196 1473 porc
207 1411 344 1473 potestatis
356 1407 481 1460 secundum
493 1409 685 1472 isidorumiirgo
697 1421 749 1459 uon
762 1414 806 1460 est
821 1423 942 1461 nmium·

131 1485 191 1530 tum.
245 1483 248 1488 “

164 1553 189 1600 ι.
203 1551 324 1616 Hectorea,
334 1543 532 1602 incrementando
542 1551 636 1602 suntde
649 1548 756 1601 Ecclesia
770 1552 938 1618 trinnpimte

132 1623 177 1674 Sed
190 1623 224 1674 ihi
238 1625 274 1674 est
285 1624 353 1687 ordo,
368 1626 394 1673 ut
409 1625 472 1687 patet
485 1622 511 1672 iu
523 1622 612 1686 augeio.
627 1621 687 1684 Ergo
708 1623 769 1673 ordo
791 1637 846 1674 non
860 1629 895 1676 est
908 1635 939 1674 se·

133 1698 282 1746 crumentum.

167 1769 191 1815 ι.
204 1767 323 1830 preterea,
335 1765 396 1816 sicut
411 1765 514 1829 prelatio
527 1763 726 1830 spiritualisque
743 1769 782 1816 est
801 1768 873 1830 ordo,
885 1767 937 1817 dri:

132 1849 186 1886 cum
198 1839 294 1900 quadum
304 1837 484 1901 consecratione,
498 1837 531 1886 ita
548 1841 573 1886 et
587 1835 689 1901 prelatio
703 1838 840 1903 secularis,
855 1838 937 1902 quire

132 1919 200 1970 reges
212 1907 362 1972 inunguntur,
376 1911 401 1957 ut
420 1907 505 1958 dictum
520 1912 556 1958 est
570 1911 625 1971 (qu.
638 1903 681 1970 ιι,Ι
694 1910 740 1957 cri.
757 1913 791 1969 3,
809 1911 843 1960 ad
854 1909 894 1972 ι).
903 1907 939 1958 Sed

134 1978 198 2096 Belgi?
217 1982 317 2043 potestus
331 1991 378 2028 uon
396 1982 432 2028 est
451 1991 628 2029 sacramentum.
640 1979 700 2042 Ergo
717 1991 764 2028 nec
779 1982 842 2032 ordo
860 1982 889 2032 de
902 1991 939 2043 otri

162 2060 174 2096 c
192 2061 305 2112 oqmmur.

167 2115 212 2167 Sed
226 2123 303 2170 contra
319 2123 368 2184 est,
378 2121 438 2184 quod
450 2120 478 2170 ab
499 2121 604 2172 omnibus
618 2123 768 2171 enumeratur
780 2119 940 2186 intersepta

137 2186 245 2239 Ecclesiae
259 2195 410 2242 sacramente.

166 2258 287 2324 Praeterea,
298 2263 484 2328 «propterquod
496 2264 673 2328 unumquodque
680 2264 737 2325 tale,
746 2266 772 2313 ιι
781 2262 842 2313 iilud
856 2263 938 2327 magt·

136 2330 187 2394 (iii.
196 2331 221 2394 i,
232 2333 342 2389 Foster..
356 2337 413 2384 texi.
427 2335 461 2399 5).
477 2335 523 2385 Sed
536 2338 629 2400 propter
641 2335 746 2384 ordinem
762 2334 789 2383 fit
806 2336 883 2386 homo
897 2335 939 2384 dis·

136 2406 244 2465 pensator
256 2403 351 2454 aiiomm
366 2409 565 2456 sacramentorum.
580 2406 639 2469 Ergo
655 2407 711 2456 ordo
726 2405 801 2456 hebet
815 2406 893 2472 memo
911 2418 940 2455 n·

135 2471 236 2536 tionem,
251 2473 312 2538 quod
326 2475 356 2526 sit
365 2480 545 2536 sacramentum,
561 2475 629 2540 quim
640 2476 696 2526 ulia.

168 2543 384 2610 (Concurs10.·-
401 2545 461 2598 Cium
475 2548 499 2597 in
518 2548 666 2611 susceptione
687 2547 776 2599 ordinis
795 2551 939 2599 consecretur

137 2615 207 2666 homo
218 2629 258 2680 per
271 2617 371 2668 visibilia
390 2618 470 2682 signa,
484 2619 590 2671 ordinem
603 2631 657 2669 esse
675 2623 850 2670 sacromentum
868 2629 941 2670 con*
967 2644 968 2663 ι

137 2685 247 2751 quitur.)

168 2754 305 2820 Respondeo
318 2759 456 2822 dicendum,
471 2757 532 2823 qudd
548 2763 720 2810 sacramentum
734 2761 773 2826 (nt
786 2775 817 2812 eu
827 2762 941 2824 dictrpe

136 2825 189 2884 ιιι)
201 2825 259 2876 nihii
269 2833 303 2878 est
311 2829 372 2879 uliud
386 2829 454 2893 quim
464 2830 567 2893 quedam
578 2830 731 2882 sanctificatio
741 2834 834 2884 homini
845 2834 941 2885 unum

135 2904 189 2942 cum
208 2896 286 2960 eiquo
304 2901 371 2963 signo
384 2899 469 2951 ιιιιιιιι
483 2916 490 2950 :
502 2901 564 2952 unde
577 2900 631 2951 cium
648 2902 675 2951 in
691 2905 844 2969 susceptione
863 2903 943 2957 ordinis
967 2936 968 2949 r
