1942 3284
420 51 511 97 2⁹8
788 60 906 98 rans
932 60 1014 111 111,
1044 60 1228 105 Quas-r.
1258 58 1432 110 uxvr,
1459 60 1569 98 nr.
1600 60 1655 97 ιι.

418 148 511 185 ιιοιι
543 135 712 187 dicitur
737 150 751 185 z
780 152 809 183 a
834 138 940 187 Haec
965 139 1039 186 est
1064 149 1170 187 caro
1191 148 1313 199 mea,
1342 153 1370 184 ι)
1409 137 1486 187 sed
1515 150 1530 185 ι
1561 152 1590 183 «
1623 136 1721 187 Hoc
1751 140 1822 187 est
1850 149 1942 200 corp

418 222 586 261 meum.
608 226 636 257 »
657 209 715 258 Et
740 208 861 270 ideo,
891 207 996 258 cum
1024 206 1244 257 Dominus
1266 208 1384 258 dixit
1407 208 1572 266 Joan„
1592 208 1688 256 vl:
1721 222 1751 254 «
1765 208 1878 259 Caro
1908 222 1942 256 m

419 281 526 331 vere
558 284 629 331 est
670 280 801 329 cibus
819 317 834 339 ‚
861 295 889 326 ι)
930 291 1037 329 caro
1072 277 1254 342 ponitur
1292 279 1354 329 ihi
1387 293 1468 343 pro
1495 282 1589 329 toto
1617 290 1808 343 corpore
1828 317 1841 339 ,
1867 278 1942 342 qui:

418 351 663 404 secundum
688 350 1065 401 consuetudinem
1088 351 1332 401 humanam
1347 388 1359 411 ‚
1385 350 1568 402 videtur
1587 363 1691 401 esse
1720 349 1863 413 magis
1886 364 1942 399 ma

418 421 647 473 ducationi
673 422 1038 488 accommodam
1070 424 1206 485 prout
1233 422 1412 473 scilicet
1434 421 1647 474 homines
1672 422 1884 474 carnibus
1906 436 1942 472 ar

418 494 604 544 malium
636 496 887 545 vescuntur
922 493 1243 554 communiter,
1268 507 1363 544 non
1402 498 1556 545 antem
1583 494 1768 545 ossibus
1803 495 1874 545 vel
1911 492 1942 543 al

374 605 390 617 .
418 565 697 630 hujusmodi.

485 638 553 687 Ad
577 636 761 687 tertium
780 635 1024 687 dicendum
1041 674 1055 699 ,
1076 636 1199 702 quod
1221 637 1339 688 sicut
1361 637 1498 702 supra
1524 637 1696 688 dictum
1725 641 1796 690 est
1821 638 1942 703 (ΨΜ

418 712 505 758 art.
531 712 559 757 5
576 707 616 772 )‚
648 707 765 759 facta
796 709 1096 761 conversione
1130 710 1262 774 panis
1293 709 1342 760 in
1383 723 1548 773 corpus
1581 710 1794 771 Christi,
1827 710 1896 760 vel
1921 724 1942 756 ι

418 779 465 831 in
502 781 804 843 sanguinem,
840 780 1093 832 accidentia
1124 781 1360 846 utriusque
1388 784 1592 833 manent.
1629 783 1700 832 Ex
1740 795 1834 847 quo
1863 786 1942 846 pati

418 852 540 915 quod
568 852 880 903 dimensiones
913 854 1046 917 panis
1080 853 1155 905 vel
1182 853 1282 902 vini
1302 866 1396 904 non
1419 856 1744 905 convertuntur
1773 855 1822 903 in
1844 854 1942 904 dim<

418 922 571 973 siones
599 922 799 987 corporis
829 924 999 975 Christi
1023 964 1038 984 ‚
1066 926 1148 976 sed
1175 924 1427 975 substantia
1450 924 1499 975 in
1527 925 1852 988 substantiam
1881 928 1942 973 et:

419 993 674 1045 substantia
700 995 901 1059 corporis
926 997 1115 1055 Christi,
1137 997 1214 1047 vel
1241 996 1497 1061 sanguinis,
1524 1000 1594 1047 est
1626 997 1712 1047 sub
1736 1009 1942 1047 sacramer

418 1078 474 1116 ex
498 1066 549 1114 vi
575 1067 874 1129 sacramenti,
903 1080 995 1119 non
1028 1072 1179 1119 autem
1207 1068 1514 1120 dimensiones
1539 1067 1771 1132 corporis,
1809 1068 1881 1117 vel
1910 1080 1942 1116 sa

418 1136 569 1199 guinis
609 1138 792 1189 Christi.
822 1140 949 1189 Unde
983 1144 1137 1205 patet,
1166 1140 1289 1205 quod
1327 1134 1507 1205 corpus'
1529 1140 1702 1191 Christi
1741 1143 1815 1190 est
1847 1140 1894 1189 in
1924 1140 1942 1188 h

418 1212 695 1261 sacramento
720 1223 802 1275 per
834 1211 1019 1262 modum
1055 1212 1336 1274 substantiae,
1360 1217 1405 1263 et
1431 1223 1524 1264 non
1544 1226 1626 1277 per
1652 1213 1836 1263 modum
1867 1223 1942 1274 qua

418 1281 580 1331 titatis.
610 1282 799 1346 Propria
828 1285 980 1333 autem
1014 1284 1215 1335 totalitas
1239 1284 1324 1334 sub
1350 1285 1532 1335 stantiae
1557 1282 1815 1334 continetur
1831 1282 1942 1332 indifl

418 1355 576 1403 rentur
612 1352 660 1403 in
685 1365 827 1416 parva
854 1354 929 1404 vel
957 1366 1123 1418 magna
1143 1355 1424 1418 quantitate;
1449 1355 1566 1405 sicut
1591 1358 1688 1405 tota
1713 1357 1872 1404 natura
1895 1365 1942 1402 ae

418 1422 466 1472 in
491 1436 653 1486 magno
690 1424 764 1475 vel
799 1437 940 1488 parvo
967 1438 1102 1488 aere,
1131 1430 1181 1475 et
1208 1428 1302 1477 tota
1348 1429 1508 1476 natura
1550 1426 1747 1477 hominis
1777 1426 1825 1475 in
1854 1436 1942 1486 mag

419 1495 495 1544 vel
510 1507 651 1557 parvo
672 1496 876 1546 homine.
896 1496 1025 1548 Unde
1047 1501 1094 1549 et
1111 1501 1206 1548 tota
1228 1497 1485 1548 substantia
1501 1498 1704 1563 corporis
1722 1500 1770 1548 et
1785 1495 1942 1558 sangui]

418 1566 592 1617 Christi
637 1566 895 1619 continetur
934 1568 984 1618 in
1019 1570 1106 1619 hoc
1149 1572 1432 1620 sacramento
1466 1573 1569 1635 post
1605 1568 1942 1620 consecratione1

420 1637 540 1689 sicut
585 1643 692 1691 ante
735 1640 1124 1693 consecrationem
1163 1640 1478 1693 continebatur
1523 1641 1591 1693 ibi
1627 1646 1725 1694 tota
1765 1642 1940 1693 substan

419 1711 552 1775 panis
578 1714 625 1763 et
650 1712 767 1762 vini.

1007 1819 1327 1871 ARTICULUS
1361 1822 1420 1872 11.

430 1944 602 1989 Uia-itm
629 1946 755 1988 totus
780 1943 1003 1990 Christus
1026 1944 1330 1991 contineatur
1346 1947 1432 1992 sub
1460 1949 1667 2006 utraque
1695 1947 1841 2005 specie
1866 1944 1942 2001 huj

1067 2011 1371 2055 sacramenti.

482 2132 550 2184 Ad
594 2133 845 2184 secundum
888 2134 956 2184 sic
993 2134 1248 2200 proceditur
1287 2136 1374 2200 (t).
1406 2136 1596 2188 Videtur
1647 2138 1770 2202 quod
1805 2150 1892 2189 non
1921 2150 1942 2186 s

420 2209 614 2269 utraque
644 2204 796 2269 specie
827 2207 966 2270 hujus
1012 2208 1283 2259 sacramenti
1309 2212 1433 2260 totus
1464 2209 1677 2260 Christus
1717 2211 1942 2262 contineat:

420 2278 516 2327 Hoc
552 2276 676 2326 enim
717 2281 1053 2329 sacramentum
1087 2278 1145 2328 ad
1171 2279 1364 2329 salutem
1407 2279 1607 2331 fidelium
1634 2282 1890 2344 ordinatur,
1914 2292 1942 2328 ιι

419 2347 587 2397 virtute
618 2346 896 2411 specierum,
924 2350 1005 2400 sed
1034 2348 1201 2400 virtute
1241 2350 1343 2414 ejus
1376 2352 1497 2415 quod
1525 2353 1610 2403 suh
1637 2353 1870 2418 speciebus
1893 2362 1942 2401 oo

418 2418 607 2482 tinetur3
636 2417 744 2482 quia
770 2420 946 2483 species
966 2422 1096 2470 erant
1114 2419 1254 2471 etiam
1282 2425 1387 2473 ante
1415 2424 1824 2488 consecrationem,
1843 2436 1895 2475 ex
1916 2434 1941 2483 q

420 2492 495 2541 est
529 2490 675 2541 virtus
702 2490 842 2555 hujus
869 2492 1158 2543 sacramenti.
1187 2491 1236 2541 Si
1259 2506 1368 2557 ergo
1396 2494 1509 2544 nihil
1536 2496 1793 2548 continetur
1819 2495 1894 2547 suh
1916 2506 1942 2541 u

486 2596 554 2662 (1)
581 2602 645 2647 De
684 2600 756 2646 his
796 2601 937 2646 etiam
965 2600 1087 2646 infra
1112 2614 1237 2661 ,.qu
1274 2602 1355 2663 78,
1385 2610 1473 2650 art
1511 2604 1560 2663 6,
1593 2606 1649 2653 ad
1677 2605 1709 2650 2
1724 2612 1902 2666 ,etqu
1923 2602 1942 2646 Ἰ

422 2669 509 2710 art.
534 2662 588 2723 1,
613 2663 750 2722 ad3‚
780 2668 828 2709 et
848 2676 928 2722 qu.
951 2663 1032 2723 80,
1059 2669 1146 2711 art.
1172 2663 1259 2723 12,
1291 2637 1355 2711 ad'
1377 2667 1424 2721 3·
1455 2674 1502 2715 et
1519 2670 1606 2728 lv,
1628 2669 1787 2721 sent„
1805 2670 1904 2715 dist.
1922 2664 1940 2710 1

424 2739 503 2785 qu.
542 2727 591 2787 2,
623 2733 709 2774 art.
756 2726 778 2771 1
800 2728 1114 2784 ‚quaestione
1159 2727 1216 2781 1,
1246 2729 1306 2776 ad
1337 2729 1399 2783 Ως
1430 2735 1477 2777 et
1509 2731 1678 2784 lom„
1705 2733 1923 2795 V1,iect.

425 2791 517 2836 col.
540 2790 600 2847 23
630 2796 678 2837 et
705 2792 745 2837 Ι.
774 2790 910 2843 Cor„
932 2791 1026 2850 XI,
1053 2791 1165 2838 lect.
1193 2791 1244 2852 6,
1271 2795 1365 2840 col.
1391 2793 1436 2839 1.
