1942 3284
211 221 243 258 on
259 219 371 258 nmrsrno
385 221 461 260 nurus
474 221 636 260 sumtum.
781 215 829 262 tit

36 297 157 349 dictumest
171 297 224 361 (qn.
237 299 277 358 aa,
289 301 331 346 art.
353 297 392 360 t),
407 301 502 362 propter
516 299 561 349 ltoc
575 299 619 349 snb
632 299 676 350 elia
694 300 770 365 spatae
782 304 827 354 tre·

35 369 117 432 duntur,
127 382 155 420 ne
166 367 213 419 siut
226 367 312 420 honori
326 369 477 419 sumentibus.
492 371 551 432 arpo
563 370 669 422 sacerdos
685 384 825 424 consemans

34 453 73 490 uon
84 453 172 504 semper
185 442 277 491 tenetur
286 453 376 490 sonuere
389 441 432 490 lroc
441 444 618 492 sacramentnm.

60 513 99 563 Sed
117 515 195 562 contra
212 514 261 571 est,
276 513 336 575 quod
355 512 379 562 ln
392 512 493 562 Concilio
507 513 615 563 Toletano
633 512 731 576 legitur,
744 518 767 565 et
780 518 823 567 lra-

33 582 90 632 betur
102 583 139 632 Dc
148 585 294 639 consecrat..
309 582 361 633 dist.
371 589 402 645 2,
413 595 464 646 cap.
475 581 591 634 Relatum
599 583 635 647 (l)
646 599 653 634 z
670 601 685 633 u
696 586 827 639 Modisom·

34 653 90 704 nllus
104 654 228 706 tenendum
241 658 276 704 est
284 692 293 719 ,
307 658 333 706 ut
351 654 536 718 quotiescumque
550 655 682 706 sacrificans
700 669 784 722 corpus
801 663 825 712 et

34 725 156 789 sangninem
170 725 262 776 Domini
272 725 343 777 nostri
353 728 408 776 lesu
421 725 505 778 Christi
517 726 542 776 in
550 727 615 778 altari
628 727 739 789 immolat,
754 731 824 783 toties

33 797 176 861 perceptionis
195 796 295 861 corporis
311 801 335 848 et
345 797 463 860 sanguinis
477 797 564 848 Christi
576 798 710 863 participem
726 813 752 852 ae
764 815 825 866 prse-

33 869 84 919 lteat.
94 885 107 918 n

57 942 218 1004 (Concrmro.
231 967 263 978 -
280 941 391 992 Sacerdos
403 954 541 993 consecrans
559 942 612 994 elam
629 942 764 995 sacrificium
777 946 825 998 llco

32 1013 101 1063 oderat
111 1017 136 1064 et
149 1013 234 1077 populo
245 1012 371 1075 dispenset,
387 1017 553 1064 sacramentnm
571 1016 616 1066 troc
631 1027 721 1066 munere
731 1015 825 1080 dehet.)

56 1085 188 1150 llespondeo
197 1084 327 1146 dicendum,
345 1083 406 1146 qudd
418 1085 477 1134 sieut
490 1086 559 1150 snpra
572 1085 657 1137 dictum
675 1089 712 1136 est
723 1089 772 1151 (qo.
784 1093 823 1153 tlt,

30 1161 65 1207 art.
76 1161 121 1209 det
132 1156 172 1219 t),
185 1155 323 1207 eucrartstia
333 1169 378 1206 noo
389 1156 462 1207 solium
474 1162 511 1207 est
521 1162 696 1220 sacramentnm,
705 1160 744 1210 sed
754 1161 824 1210 etiarn

29 1230 164 1280 sacriticiurn.
180 1227 320 1291 Quicrrmque
336 1232 411 1278 autem
426 1229 563 1280 sacrillclnm
575 1230 656 1290 oldest,
668 1230 737 1281 debet
750 1231 825 1282 sacri-

29 1299 68 1350 icii
85 1300 136 1352 lteri
157 1297 285 1364 particeps,
296 1299 348 1362 quia
365 1301 465 1352 exterius
482 1302 618 1352 sacrificium
637 1302 697 1364 qnod
716 1303 823 1364 offertur,

28 1371 110 1435 agnum
126 1375 163 1422 est
175 1370 291 1420 interioris
301 1370 421 1434 sacrificii,
434 1386 480 1435 quo
499 1373 550 1437 quis
562 1374 663 1438 seipsum
677 1373 743 1424 ollert
760 1374 822 1435 lleo,

28 1448 50 1492 ut
67 1442 207 1508 Augustinus
221 1441 286 1502 dicit,
297 1443 326 1492 li.
337 1443 373 1492 De
384 1443 464 1492 civit.
475 1445 524 1494 Dei
533 1446 594 1508 (cap.
606 1447 639 1506 a).
653 1444 717 1495 Unde
728 1459 770 1509 per
779 1447 824 1496 hoc

29 1514 81 1578 qood
95 1513 217 1578 participat
236 1512 361 1576 sacrificio,
374 1515 472 1564 ostendit
486 1517 514 1566 ad
532 1528 556 1565 se
573 1515 709 1566 sacrificium
725 1516 828 1566 interius

27 1586 145 1648 maluere.
154 1584 264 1636 Similiter
276 1585 344 1636 etlam
358 1599 399 1649 per
413 1586 457 1637 hoc
468 1586 530 1649 qudd
541 1587 676 1637 sacrificium
683 1588 768 1651 populo
776 1588 824 1638 dis-

28 1664 119 1722 pensat,
133 1657 234 1708 ostendit
252 1670 278 1708 se
296 1670 346 1708 esse
366 1658 545 1722 dispensatorem
565 1658 707 1721 divinorum,
727 1672 823 1723 qnorum

28 1730 71 1794 ipse
87 1730 162 1795 priano
177 1729 246 1780 debet
262 1741 313 1780 esse
323 1729 453 1794 particeps,
465 1729 526 1780 sicut
539 1729 660 1796 lllonpsius
674 1730 731 1780 dicit
743 1730 768 1780 iu
782 1731 821 1782 lile.

28 1804 116 1854 decies.
128 1803 262 1864 lieuorcle.;
278 1802 330 1853 ideo
341 1802 389 1866 ipse
403 1807 455 1854 ante
467 1815 557 1852 summe
571 1803 648 1863 delet,
659 1801 728 1865 qutun
738 1803 825 1868 populo

28 1876 147 1939 dispenset.
160 1875 224 1925 Unde
234 1878 256 1924 et
271 1873 295 1923 in
304 1873 412 1939 predicto
426 1874 502 1938 eapite
513 1875 596 1936 legitur
611 1889 616 1922 :
632 1873 727 1931 «Quae
740 1877 777 1924 est
787 1887 827 1924 sa-

27 1948 131 1998 crificium
141 1985 147 2011 ,
158 1947 196 1997 oui
205 1959 247 1997 nee
257 1947 306 2011 ipse
316 1946 445 1998 stertimus
453 1947 569 2010 particeps
580 1959 632 1998 esse
645 1945 823 2010 dignoscitorl»

28 2021 65 2071 Per
73 2023 119 2072 lroc
126 2023 202 2071 autem
212 2019 237 2070 fit
246 2019 361 2084 particeps
372 2019 433 2082 qudd
446 2021 475 2071 de
486 2019 599 2070 sacrificio
610 2019 688 2081 sumit,
698 2018 824 2070 secondum

27 2089 77 2142 illud
96 2091 216 2156 Apostoli,
230 2093 249 2143 l.
261 2092 330 2146 Cor..
341 2093 375 2142 ll:
395 2091 501 2142 «Nonne
516 2092 558 2154 qui
570 2093 641 2142 edunt
650 2090 753 2154 tostas,
766 2103 826 2155 par-

27 2163 105 2228 ticipes
119 2166 174 2214 sunt
183 2162 299 2214 altaristo
312 2162 401 2214 Etideo
414 2177 508 2214 necesse
516 2164 624 2228 estquod
634 2163 754 2224 sacerdos,
767 2176 826 2227 qoo-

27 2233 164 2299 tiescumspne
177 2239 308 2294 consecrat,
324 2238 399 2286 sumat
412 2233 502 2298 integre
516 2237 560 2284 hoc
569 2237 744 2285 sacramentnm.

54 2309 87 2358 td
97 2305 195 2372 primum
205 2319 258 2372 ergo
267 2306 396 2370 dicendum,
408 2306 467 2370 qudd
482 2305 622 2357 consecratio
634 2305 773 2368 chrismatis,
785 2305 826 2355 sel

27 2378 188 2442 cujuscumque
203 2377 296 2428 alterins
309 2377 419 2438 materiae,
436 2380 530 2427 nonest
542 2377 687 2439 sacrificinm,
700 2377 760 2427 sient
770 2389 825 2428 con-

27 2449 122 2500 secratio
134 2448 289 2500 eucharistie.
305 2449 333 2498 lit
344 2448 395 2500 ideo
409 2454 500 2499 nonest
513 2447 595 2498 similis
606 2449 673 2498 ratio.

56 2522 90 2572 tld
103 2521 227 2572 secundum
239 2519 373 2583 dicendum,
388 2519 447 2583 qnod
461 2524 627 2570 sacramentum
640 2518 747 2584 baptismi
756 2519 824 2584 peril-

27 2593 84 2643 citur
94 2593 179 2657 inipso
189 2606 232 2642 usu
241 2592 357 2654 materiae,
369 2590 450 2642 etidco
464 2590 540 2642 nullus
552 2595 628 2655 potest
639 2590 753 2656 tapttrare
763 2591 826 2654 scip·

27 2679 84 2727 sarm,
98 2665 152 2728 quia
169 2665 193 2714 in
215 2669 356 2714 sacramento
374 2675 419 2713 non
432 2666 510 2727 potest
524 2675 575 2713 esse
589 2663 650 2714 idem
663 2676 736 2726 agens
750 2666 774 2713 et
784 2674 825 2726 pa-

26 2735 92 2786 tiens.
104 2736 171 2786 llnde
180 2747 223 2785 nec
233 2735 259 2784 ln
267 2735 312 2784 lroo
322 2738 463 2784 sacramento
474 2735 580 2786 sacerdos
589 2737 707 2785 consecrat
713 2734 824 2798 seipsum.

28 2809 62 2857 sed
81 2819 165 2872 panem
182 2810 205 2856 et
219 2805 314 2868 vinnm;
329 2805 352 2856 in
363 2819 407 2869 qua
424 2805 594 2857 consecratione
614 2805 731 2870 perficitur
746 2815 826 2854 mora-

59 2951 90 3013 ti)
105 2955 141 2999 Ex
153 2951 253 2998 concilio
267 2951 378 2997 Toletano
391 2952 449 3010 llll,
463 2961 516 2995 can.
533 2949 557 2995 5.
