1942 3284
955 112 956 129 i

934 142 938 152 ¹
955 136 956 175 i

214 199 247 236 b!
263 195 422 235 usmetun
437 194 654 237 flbclfflfflom.
802 188 832 236 Ἃ

17 329 18 336 ¹
57 276 194 327 intimitatis
202 273 270 339 signa
281 274 332 324 siue
344 274 437 337 figure,
448 274 538 325 ridetur
547 274 606 338 quta
620 276 673 339 post
685 274 770 327 Chrisfi
780 288 833 341 pas-

53 349 123 400 sionem
135 351 279 399 sacmmenta
294 359 345 397 esse
358 359 404 397 non
415 339 542 397 debuerint.

75 425 94 470 2.
109 424 236 482 Praeterea,
253 421 393 469 sacramenta
411 418 435 468 in
454 418 588 483 quibusdam
611 420 730 471 elementis
747 420 836 473 comis·

52 496 104 555 tunt,
118 497 143 542 nt
162 505 194 543 ex
209 490 279 555 sopri
295 489 362 541 dictis
382 493 445 553 patet
460 490 515 554 (qu.
534 494 579 553 6⁰,
598 494 642 541 art.
660 494 673 540 t
691 495 714 543 et
733 491 773 557 5).
788 494 834 545 Sed

50 565 155 628 Apostolus
174 563 248 625 dicit,
267 561 366 618 Galat„
380 562 409 611 lv
428 578 433 609 :
452 560 531 612 «Cium
553 574 654 613 essemus
675 562 777 628 paruuli,
793 565 835 615 sub

49 635 153 686 uenientis
169 633 253 684 mundi
270 646 360 683 eramus
379 632 518 695 seruientem
534 648 547 680 u
559 644 620 683 nunc
637 636 711 684 autem
725 634 835 699 temporis

48 707 173 770 plenitudine
193 704 317 766 veniente,
333 705 381 767 jam
402 715 448 753 non
468 718 545 755 sumus
562 703 660 769 paruuli.
675 702 836 769 Ergo'uidetur

50 778 155 841 noanon
173 777 301 828 debeamus
318 775 364 825 beo
376 775 460 825 servire
476 776 518 826 sub
536 774 655 827 elementis
675 777 834 841 hujusmundi

47 852 197 916 corporalibus,
213 848 365 900 sacramentis
377 848 470 899 artemo.

74 928 94 973 3.
106 926 232 982 Praeterea,
248 920 334 984 «apud
347 921 419 971 boum
429 933 476 971 non
489 924 526 971 cst
540 922 696 973 transmutatio
707 934 749 974 nec
766 922 836 974 uicis·

47 994 142 1045 situdinis
161 992 321 1053 obumbratio,
336 1007 351 1038 »
365 994 392 1041 nt
407 991 490 1042 dicitur
507 992 570 1050 loc,
585 994 603 1043 1.
619 993 664 1043 Sed
684 995 734 1051 hoc*
746 993 836 1045 videtur

47 1068 70 1115 ai
85 1066 204 1131 qnamdam
224 1062 373 1113 mutationem
390 1063 474 1114 diuinae
493 1063 615 1115 uoluntatis
633 1064 760 1129 pertinere,
775 1064 836 1127 qubd

47 1138 83 1187 alia
91 1140 234 1189 sacramenta
245 1149 308 1186 nunc
318 1134 448 1185 bominibus
460 1135 581 1198 exhibeat,
595 1136 623 1186 ad
636 1135 834 1199 santificationem,

47 1212 135 1273 tempore
151 1207 231 1271 gratiae
241 1209 281 1267 ‚et
293 1206 338 1255 alia
346 1209 399 1255 ante
412 1205 535 1257 Christum.
546 1207 605 1270 Ergo
615 1206 704 1256 uidetur
713 1206 772 1271 qubd
783 1210 835 1271 post

46 1281 147 1331 Christum
160 1294 208 1331 non
225 1277 345 1329 debuerint
357 1278 400 1328 aiia
414 1283 553 1330 sacramenta
564 1278 661 1328 institui.

72 1352 112 1403 Sed
122 1356 201 1403 conba
211 1354 260 1413 est,
276 1351 336 1414 quod
350 1349 488 1414 Augustinus
499 1350 566 1413 dicit,
581 1350 641 1400 xix.
655 1350 750 1401 costra
758 1350 836 1401 Foue-

49 1432 94 1472 ram
111 1425 174 1488 (cap.
190 1422 245 1487 13),
255 1420 315 1485 quod
333 1437 347 1469 «
362 1425 502 1472 sacramenta
514 1421 598 1473 ueteris
613 1420 669 1485 logis
683 1426 736 1472 sunt
752 1422 834 1485 ablata,

49 1494 92 1555 unia
103 1496 213 1560 impteta;
229 1498 253 1544 et
270 1493 315 1543 alia
327 1498 380 1544 sunt
393 1492 498 1543 instituta
506 1530 515 1557 ,
523 1493 606 1545 virtute
620 1494 706 1557 majora
718 1532 725 1557 ‚
737 1492 835 1545 utilitate

52 1566 143 1631 neuun,
157 1571 212 1617 actu
226 1564 346 1628 faciliora,
359 1578 452 1615 numero
467 1566 607 1629 pauciora.»

82 1635 563 1701 ttoumnsro.-Ci1m‚sicutpatresper
575 1636 641 1687 fidem
654 1636 739 1686 Christi
747 1636 840 1688 venturi

48 1707 118 1761 mirati
132 1714 202 1771 sunt,
212 1710 248 1760 ita
265 1713 290 1759 et
299 1721 341 1759 nos
353 1720 394 1772 per
404 1708 472 1759 iidem
485 1708 569 1759 Christi
580 1710 603 1759 et
619 1708 668 1758 nati
683 1711 707 1758 ct
720 1708 782 1773 passi
794 1708 839 1759 sai·

46 1794 124 1845 rernnr,
137 1786 223 1848 praeter
243 1779 327 1831 ucteris
340 1777 397 1841 legis
415 1784 567 1844 sacramenta,
580 1780 660 1844 ouibus
675 1776 760 1830 Christi
775 1794 839 1847 mps-

45 1854 96 1904 teria
110 1856 188 1905 intnra
205 1852 433 1917 prenuntiabantnr,
447 1851 547 1915 oportuit
566 1852 610 1903 aiia
623 1852 727 1916 quadam
747 1864 797 1902 esse
812 1852 837 1903 in

45 1939 97 1976 nora
106 1927 158 1991 iege
174 1926 334 1987 sacramenta,
348 1923 431 1987 quibus
443 1924 625 1988 significarentur
639 1936 666 1975 ea
679 1937 730 1989 qus
742 1936 839 1989 praces-

45 1999 153 2048 senmtin
167 1994 282 2058 Christo.)
531 1997 534 2005 ¹

70 2070 205 2135 Respondet
218 2066 349 2129 dicendum,
361 2066 430 2132 qnid,
445 2067 503 2118 sicut
515 2067 601 2132 antiqui
611 2069 688 2133 patres
695 2066 776 2119 salvati
786 2072 840 2120 suut

44 2154 80 2203 per
89 2141 157 2193 biom
169 2137 257 2189 christi
266 2138 366 2200 venturi,
375 2137 407 2189 ita
421 2143 444 2189 et
455 2152 497 2189 nos
509 2139 620 2190 salvamur
628 2152 668 2203 per
679 2139 745 2191 fidem
756 2139 841 2191 Christi

44 2212 85 2274 iam
97 2213 147 2264 nati
160 2215 186 2264 et
194 2210 266 2276 passi.
279 2210 339 2261 Sunt
352 2216 426 2261 autom
444 2214 584 2261 sacramenta
597 2213 700 2275 quedam
713 2212 779 2276 signa
790 2226 842 2277 pro·

48 2286 145 2337 muntia
166 2284 239 2334 fidem
260 2295 305 2345 pua
328 2283 396 2333 bomo
412 2282 556 2346 justificatur.
579 2285 674 2347 Oportet
693 2288 769 2334 autem
790 2283 841 2336 aliis

52 2352 110 2415 titus
122 2354 255 2421 significari
266 2353 358 2413 futura,
372 2354 485 2417 preterita
497 2357 519 2405 ct
532 2354 668 2418 presentia;
680 2358 707 2405 ut
721 2355 781 2407 enim
796 2357 841 2406 Au-

52 2426 141 2485 gustinus
152 2426 214 2478 dicit
221 2462 230 2488 ,
241 2425 300 2475 XIX.
316 2425 411 2475 Contra
422 2427 547 2475 Faustum
559 2428 617 2491 (cap.
630 2426 680 2491 tt),
695 2428 793 2478 «eadem
804 2442 841 2479 res

49 2493 102 2548 tiber
123 2497 283 2550 annuntiatur
302 2495 421 2560 iacienda,
439 2496 505 2549 aliter
526 2499 599 2561 iacta,
617 2499 676 2549 sicut
691 2498 739 2563 ipsa
758 2500 840 2561 uerba,

47 2582 163 2631 prmum
175 2572 201 2620 et
214 2582 320 2633 possus,
334 2582 380 2620 non
392 2569 496 2620 similiter
511 2574 601 2621 sonant.
615 2586 629 2619 o
644 2572 673 2621 Et
690 2572 740 2622 ideo
754 2575 842 2635 oportet

47 2644 141 2702 maiam
158 2642 206 2693 alia
226 2645 368 2691 sacramenta
383 2642 473 2692 esseio
493 2656 551 2693 noua
567 2643 632 2707 iege,
651 2643 732 2707 quibus
752 2644 843 2708 signifi-

48 2719 118 2765 oentnr
136 2728 167 2767 ea
189 2726 243 2777 qne
261 2715 426 2776 precesserunt
444 2713 470 2763 in
485 2714 588 2778 christo,
606 2718 688 2779 preter
705 2719 845 2767 sacramenta

50 2786 125 2837 votens
138 2785 217 2850 legis,
230 2784 313 2848 quibus
325 2784 535 2849 pronuntiabantur
548 2786 632 2837 futura.

75 2858 106 2907 ti
116 2858 221 2922 primum
229 2868 284 2919 ergo
293 2855 426 2916 dicendum,
435 2854 504 2919 pubol,
514 2856 573 2908 sicut
583 2858 705 2922 Dionysius
716 2856 771 2907 dicit
781 2854 806 2905 in
814 2856 843 2906 V.

51 2937 95 2990 etp.
108 2928 207 2981 Euclea.
228 2927 364 2986 macrob,
377 2930 453 2979 status
473 2940 539 2981 noue
553 2928 610 2993 lepis
629 2928 717 2981 medius
735 2929 771 2979 est
786 2926 846 2977 inter

908 3028 937 3085 Δ
953 3014 956 3085 Ι
