1942 3284
226 217 257 254 na
272 217 378 258 numeru
394 219 470 258 nurus
486 219 646 258 sannarum.
789 211 836 259 m

63 291 100 344 Ad
112 290 204 342 tertium
217 291 347 356 dicendum,
360 293 420 358 qu'ud
430 293 537 345 informa
548 294 616 346 debet
630 293 727 359 exprimi
739 296 835 347 effectm

27 362 184 430 principaris,
195 367 217 414 et
229 363 270 426 qui
281 377 370 428 semper
381 363 497 416 inducitur
506 369 693 430 exsecramenta,
702 365 747 416 nisi
754 367 785 416 sii
793 368 836 419 da-

26 437 108 488 fectus
120 447 149 484 ex
165 438 229 499 parte
242 435 383 500 recipientis.
397 437 450 487 Nun
464 440 540 488 autem
555 437 607 487 talis
620 437 716 488 effectus
729 441 764 488 est
782 451 835 490 cur·

28 507 122 574 puratis
136 505 229 569 sanitas,
241 509 267 556 ui
276 507 359 557 dicitur
370 509 419 572 (qu.
431 509 469 571 30,
481 512 526 558 art.
541 509 575 571 a),
585 509 688 572 quamuis
697 509 835 574 quantaque

23 581 154 642 sequatur3
168 577 254 628 ratione
272 577 339 642 cujus
353 579 450 630 taculum
462 580 525 628 hunc
542 580 647 630 effectum
668 580 771 631 attribuit
782 593 836 633 ura·

24 649 101 714 timui,
110 662 161 714 qua
172 652 207 700 est
220 649 292 701 forma
305 649 377 714 hujus
389 649 536 701 sacramenti.

294 993 461 1064 QUAESTIO
481 995 581 1060 XXX.

62 1139 101 1185 De
116 1134 200 1194 effectu
213 1137 289 1194 hujus
300 1137 463 1188 sacrmenti,
472 1138 502 1182 iu
515 1140 564 1183 tras
578 1137 698 1184 articarius
712 1136 806 1184 diuisa.

60 1285 153 1340 Deinde
173 1284 360 1337 considerandum
375 1289 410 1337 est
429 1286 456 1336 de
471 1286 556 1337 effectu
568 1286 640 1350 hujus
657 1286 806 1338 sacramenti.

61 1359 135 1413 Circa
149 1359 208 1422 quod
222 1361 355 1423 queruntur
367 1358 411 1408 tria
427 1373 434 1406 ι
450 1361 476 1407 1⁰
487 1357 567 1409 Utrum
584 1363 687 1410 exuema
702 1358 781 1410 unctio
793 1372 843 1410 ra·

23 1436 81 1487 leat
99 1432 128 1482 ad
143 1429 301 1482 remissionem
316 1433 472 1494 peccaturum.
484 1433 512 1478 2⁰
521 1429 603 1480 Utrum
613 1429 701 1481 sanitas
716 1430 840 1495 corporalis

24 1506 62 1558 sit
76 1502 178 1554 effectus
187 1502 257 1565 hujus
268 1500 412 1552 sacramenti.
424 1505 451 1548 30
460 1499 540 1552 Utrium
549 1502 595 1552 huc
606 1506 772 1552 sacramentum
785 1504 842 1555 cine·

23 1579 151 1629 racterem
163 1571 286 1638 imprimat.

339 1686 499 1739 ARTICULUS
514 1688 534 1738 1.

45 1812 145 1864 otram
158 1814 265 1858 extrem
272 1812 443 1858 unctiouuleut
452 1811 658 1856 adamantinum
669 1813 830 1868 peccatorum.

63 1939 105 1990 Ad
120 1937 219 2002 panium
240 1937 274 1989 sic
292 1938 432 2004 proceditur.
445 1938 545 1990 Videtur
561 1936 624 2002 quid
643 1939 746 1988 extrema
765 1935 844 1988 unctis

23 2025 82 2068 non
100 2010 179 2074 ualeat
199 2009 227 2059 ad
243 2010 403 2062 remissionem
415 2013 571 2075 peccaturum.
590 2009 624 2061 tid
644 2010 690 2060 hcc
704 2007 767 2059 euim
783 2007 845 2074 quei

20 2099 75 2152 per
92 2093 165 2130 unum
179 2084 256 2144 potest
268 2080 342 2145 effici,
357 2081 418 2132 aliuri
431 2094 477 2132 nun
490 2080 599 2143 exigitur.
613 2081 658 2132 Sed
671 2079 695 2129 in
708 2092 736 2130 ec
750 2080 791 2144 qui
801 2092 842 2132 ex·

19 2163 136 2210 tremam
149 2152 282 2203 unctionem
298 2153 393 2216 accipit,
407 2153 528 2216 requiritur
543 2151 679 2216 punitentia
692 2150 722 2201 uri
737 2154 845 2214 usuam·

19 2239 84 2280 rum
105 2221 275 2274 remissionem.
292 2223 352 2286 Ergo
368 2226 548 2287 perextremum
561 2221 695 2272 unctionem
709 2220 845 2273 nundimit·

20 2301 118 2354 tumtur
131 2297 234 2358 peccata.

60 2375 91 2420 2.
109 2367 239 2429 Praeterea,
254 2366 276 2414 in
292 2369 389 2430 peccatu
400 2377 446 2416 non
456 2368 511 2416 suut
524 2365 569 2416 uisi
581 2365 638 2430 tria,
652 2367 846 2427 macularentur

16 2452 111 2510 poenae
126 2441 152 2488 et
163 2436 264 2500 reliquie
279 2437 377 2502 peccati.
394 2436 440 2488 Sed
453 2450 495 2501 per
507 2440 633 2488 extremam
645 2438 777 2488 unctionem
795 2447 843 2488 unu

17 2508 168 2568 remittitur
175 2512 294 2572 peccatum
303 2508 377 2572 quoad
386 2509 498 2559 macutum
507 2509 557 2558 siue
565 2507 708 2570 enutritione,
716 2519 768 2570 que
775 2506 846 2558 etiam

16 2587 84 2641 sine
95 2581 209 2632 unctione
219 2580 330 2645 remittit3
345 2593 390 2632 uec
405 2581 486 2632 iterum
498 2581 572 2644 quoad
584 2593 690 2645 prauam,
702 2579 758 2644 quia
766 2579 842 2630 adhuc

15 2660 46 2715 st
56 2653 224 2715 convalescat,
236 2657 327 2704 tenetur
335 2653 443 2718 perficere
458 2651 637 2703 satisfactionem
646 2652 773 2716 injunctam
782 2667 790 2714 ;
800 2661 846 2701 nec

14 2727 112 2796 quoad
123 2723 235 2787 reliquias
249 2726 321 2788 culpe
331 2763 338 2788 ‚
350 2725 405 2789 quia
419 2725 493 2775 adhuc
505 2726 626 2773 remanent
642 2721 803 2786 dispositiones
813 2733 844 2772 ex

13 2799 125 2854 actibus
137 2797 323 2860 precedentibus
335 2798 420 2848 relicte
427 2833 436 2860 ‚
451 2799 478 2848 ut
492 2798 556 2860 patet
568 2799 621 2858 pust
629 2792 844 2846 marcescentium.

15 2876 92 2938 Ergo
112 2868 181 2920 nuitc
193 2868 259 2918 modu
274 2881 315 2932 uer
330 2872 456 2920 muemam
466 2867 601 2918 unctionem
612 2866 638 2916 fit
648 2868 795 2931 peccaturum
805 2877 848 2918 rc·

18 2941 134 2998 missio.
