1942 3284
119 136 163 202 tat
243 138 442 186 aerumnarum,
461 128 719 180 commumoni.
738 129 797 170 rur.

396 315 558 369 atticotos
572 315 633 363 vttt.

125 460 209 506 Uirium
215 457 298 512 ,torma
304 453 376 508 naar
385 446 531 494 sacramenti
538 444 621 488 debeat
626 441 735 499 proferri
743 452 790 497 per
796 440 930 485 aratiam

253 513 424 562 indicativam,
441 513 464 554 et
479 519 528 552 aaa
542 518 585 563 per
602 505 793 562 deprecativam.

156 649 193 702 Ad
208 651 313 699 octavum
327 643 361 694 sic
380 639 519 706 proceditur.
534 635 629 686 Videtur
642 634 705 698 quod
717 633 796 685 torma
813 634 891 698 huius
903 647 935 684 sa

127 719 236 774 crementi
253 717 333 768 debeat
353 711 449 779 proterii
466 723 508 775 per
524 707 651 758 orationem
666 705 841 767 indicativam,
857 709 883 756 et
895 718 935 756 noi

127 806 168 858 per
182 787 359 854 deprecativam.
377 783 434 842 Quia
447 779 524 832 omnia
534 780 676 828 sacramenta
694 776 844 838 novaelegis
856 777 935 828 mtmt

128 867 214 916 certum
225 861 338 910 effectum.
353 855 397 907 Sed
412 851 523 904 certitudo
532 848 626 902 effectio
635 861 683 898 non
699 848 849 911 exprimitur
860 849 935 898 intor-

129 933 173 985 mis
191 933 381 983 sacramentorum
396 925 442 976 uisi
461 937 503 988 per
519 921 644 972 orationem
657 918 833 983 indicativam,
848 921 875 969 ut
889 918 936 968 etn

131 1003 234 1056 dicitur:
255 1001 330 1050 «Hoc
353 1001 389 1048 est
413 1009 497 1060 corpus
517 1006 631 1056 meum,»
646 989 709 1041 uel:
730 1006 746 1036 a
765 991 821 1054 Ego
844 995 868 1040 te
887 990 935 1054 hap

131 1077 190 1138 tino,
201 1077 246 1127 etc.
258 1089 272 1122 u
288 1073 346 1135 Ergo
360 1069 431 1120 torma
441 1067 513 1130 hujus
524 1063 660 1115 sacramenti
671 1061 741 1112 debet
752 1074 810 1112 esse
822 1061 899 1112 oratio
906 1061 934 1110 ir

134 1145 241 1198 dieatiua.
967 1170 969 1191 ‚

166 1223 191 1268 t.
206 1217 333 1277 Preterea,
349 1212 374 1261 iu
393 1208 473 1262 formis
494 1208 685 1258 sacramentorum
701 1203 774 1254 debet
787 1202 893 1267 exprimi
906 1203 935 1252 in·
967 1212 969 1237 ¹

133 1288 205 1340 tentio
220 1284 332 1344 ministri,
345 1295 396 1350 quae
410 1278 534 1344 requiritur
550 1277 581 1327 ad·
591 1278 771 1326 sacramentum.
783 1275 837 1326 Sed
850 1273 937 1324 intentio

136 1355 268 1422 conterendi
287 1356 454 1406 sacramentum
473 1361 520 1400 non
535 1345 670 1412 exprimitur
690 1343 738 1394 nisi
754 1358 798 1409 per
817 1344 937 1396 orrtmnrn

137 1428 292 1480 indicativam.
309 1425 382 1489 Ergo,
403 1426 449 1474 etc.

171 1505 194 1550 3.
209 1499 332 1558 Praeterea,
346 1496 373 1546 in
386 1493 523 1560 qumusdam
535 1487 644 1541 Ecclesiis
658 1488 769 1539 dicuntur
782 1487 937 1539 uaeevenau
967 1486 969 1507 ⁵

140 1571 261 1623 collatione
272 1569 343 1633 hujus
357 1562 510 1617 sacramenti:
525 1580 539 1610 u
549 1562 613 1624 Ungo
625 1561 670 1610 hos
682 1559 766 1610 oculos
779 1559 836 1611 oleo
845 1557 938 1610 munit·

142 1647 202 1708 eata,
214 1643 238 1693 in
249 1641 341 1693 nomine
351 1637 433 1699 Patris,
446 1638 525 1697 etc.;»
539 1635 563 1684 ct
574 1633 619 1682 hoo
627 1635 664 1682 est
674 1631 796 1682 conforme
807 1629 938 1682 aliatum

141 1717 345 1780 sacramentorum.
366 1710 425 1772 Ergo
449 1705 541 1756 videtur
557 1702 617 1768 quod
633 1703 660 1752 iu
678 1703 724 1754 hoc
743 1704 860 1754 consistit
879 1703 937 1753 torm
967 1728 969 1794 3

144 1787 214 1851 hujus
227 1781 369 1837 sacramenti.
505 1834 509 1843 .
967 1796 969 1819 ;

176 1858 223 1909 Sed
236 1861 314 1908 contra
329 1868 335 1904 :
351 1852 409 1903 illud
427 1849 486 1914 quod
500 1851 535 1900 est
551 1846 622 1899 formu
633 1845 792 1908 sacramenti,
806 1847 838 1897 ab
848 1845 940 1897 omnitn

140 1931 235 1995 'oportet
249 1925 309 1992 quod
327 1927 438 1976 serretur.
453 1921 500 1971 Sed
515 1919 584 1970 rerba
598 1917 709 1982 predicta
725 1930 776 1968 non
791 1917 901 1968 dicuntur
912 1927 940 1966 ae

146 1987 942 2052 aunuumcousuetudinemomniumtmatarum,sedramummm
967 1984 969 2014 5

147 2069 299 2136 deprecativa,
315 2067 416 2118 scilicet:
432 2062 576 2114 «Peristam
585 2065 688 2111 murum
696 2060 849 2122 unctionem,
863 2063 888 2112 et
898 2059 943 2124 pie

147 2143 228 2194 amam
239 2153 302 2192 suam
316 2134 509 2197 misericordiam,
524 2132 640 2196 indulgeat
652 2129 695 2182 tibi
711 2131 831 2181 Dominus
846 2129 943 2196 quidquid

146 2212 263 2276 deliquisti
278 2225 320 2276 per
333 2209 416 2271 usum,
427 2210 472 2257 etc.
483 2220 497 2253 u
514 2205 574 2268 Ergo
587 2203 660 2254 torma
672 2203 745 2264 hujus
757 2202 904 2254 sacramenti
918 2204 943 2252 ut

146 2284 218 2336 oratio
230 2281 383 2347 deprecativa,

177 2359 303 2417 preterea,
317 2355 361 2404 hoc
371 2351 459 2402 uidetur
477 2361 507 2399 ex
522 2345 599 2399 uernis
612 2346 706 2409 iacobi,
720 2346 762 2410 qui
777 2346 890 2398 attribuit
903 2346 943 2397 eti-

146 2429 234 2480 cariam
247 2425 317 2489 hujus
336 2421 470 2474 sacramenti
484 2417 581 2470 orationi
596 2435 603 2469 :
620 2417 724 2468 «Oratio
737 2416 808 2482 fidei,
829 2435 847 2466 u
862 2419 943 2483 iuquit,
967 2428 969 2450 τ

147 2519 161 2550 a
176 2495 272 2552 salvabit
282 2496 405 2547 infirmum.
417 2509 430 2542 u
446 2493 506 2556 Ergo
526 2489 578 2541 edm
596 2489 700 2540 efficacia
716 2492 862 2541 sacramenti
880 2491 911 2542 sit
924 2501 945 2538 u

144 2575 233 2636 torma,
248 2570 337 2622 videtur
349 2565 410 2632 quod
423 2565 496 2616 torma
507 2562 578 2627 hujus
586 2561 725 2613 memmenti
737 2559 770 2612 sit
782 2562 863 2613 oratio
873 2562 944 2625 depre-

146 2645 230 2695 cativa.

179 2715 375 2774 (Coactusro.·—
384 2709 440 2760 Cium
455 2708 533 2758 nullus
546 2703 577 2756 sit
591 2704 661 2768 hujus
678 2704 825 2756 sacramenti
839 2706 944 2762 enarra

146 2786 186 2847 oui
200 2797 289 2849 semper
310 2795 339 2832 ex
357 2779 456 2830 ministri
477 2776 623 2843 operatione,
638 2775 710 2826 etiam
727 2775 837 2828 omnibus
850 2789 904 2841 qun
923 2773 945 2822 at

145 2859 310 2905 sacramentum
324 2852 437 2918 pertinent
456 2850 499 2901 rite
520 2849 635 2915 peractis,
655 2850 827 2913 amquam,
846 2861 897 2900 nan
913 2857 945 2911 po
