1942 3284
126 116 174 163 uae
265 120 467 171 summm,
482 120 578 165 cuasa.
595 118 662 171 mv,
678 120 736 160 anx.
754 120 793 159 rra.

124 202 155 252 ale
162 198 284 251 illisionis
297 195 520 262 spiritualibusque
536 194 691 246 inuoluptate
702 198 782 246 nmina
793 194 931 261 muffl,

126 272 187 323 simut
212 274 267 321 sunt
288 268 399 330 uirtutes,
414 280 464 330 que
489 280 536 317 uon
551 269 648 330 possunt
664 265 679 317 a
698 267 831 317 uolentibus
853 268 932 332 perii3

126 340 223 393 scientia
240 339 301 390 enim
317 336 423 401 quamuis
435 337 466 387 sit
482 335 601 400 spirituale
613 338 701 387 bonum
708 373 717 400 ,
729 340 808 389 tamen
828 338 933 403 potat

126 412 221 463 nolente
233 423 275 474 per
289 406 443 457 infirmitatem
452 406 536 457 amitti.
546 407 574 457 iit
587 407 639 458 ideo
654 408 713 459 natio
726 420 777 458 nou
785 413 823 459 est
839 411 871 460 ad
884 421 933 474 pro·

170 482 245 531 itum.¹

126 494 196 601 poam
210 548 333 601 secundum
345 548 481 608 dicendum,
496 547 557 611 qubd
571 548 642 599 etiam
656 552 767 600 manente
778 552 934 614 contumaci,

128 626 206 688 potest
214 619 297 683 aliquis
310 618 408 669 discreti
419 618 677 670 excommunicationem
688 620 754 683 justi
768 620 846 672 iatam
861 622 934 673 remit·

127 699 185 755 tere,
197 692 217 743 si
229 692 306 741 uideat
318 690 388 741 saluti
400 690 462 741 iliius
473 689 600 754 expedire,
610 689 636 741 iu
650 690 720 755 cnjus
733 692 884 745 medicinam
901 706 935 745 ex·

128 760 307 816 conmunicatio
320 762 366 811 lata
377 764 422 812 cst.

423 876 584 929 liutbtus
599 877 639 927 111.

135 1004 222 1051 Utricm
230 1005 320 1063 aliquis
334 1016 383 1048 non
392 1004 465 1059 possit
481 1004 571 1047 absolvi
581 1003 611 1047 ab
619 1016 670 1048 unu
677 1008 932 1060 excommunicatione,

345 1066 392 1110 nisi
408 1066 546 1111 absolvatur
555 1066 584 1111 ab
598 1066 718 1111 omnium.

163 1195 197 1245 td
207 1192 301 1245 tertium
312 1192 347 1241 sic
360 1190 498 1256 proceditur.
518 1192 612 1243 Videtur
625 1190 685 1255 qubd
699 1193 790 1257 aliquis
801 1209 854 1247 non
870 1194 932 1261 pud

129 1265 220 1316 absolui
229 1265 258 1314 ab
267 1275 314 1314 una
325 1262 574 1323 excommunicatione,
586 1261 775 1319 nisiabsoluatur
785 1266 816 1317 ab
829 1268 934 1319 omniura

129 1335 230 1385 Effectus
246 1333 308 1384 enim
326 1333 393 1384 debet
403 1334 569 1398 proportionari
581 1348 627 1384 sue
644 1347 741 1387 cause:
756 1338 800 1389 sed
816 1352 892 1391 causa
904 1352 936 1391 ct·

129 1405 341 1457 communicationis
360 1408 396 1455 est
409 1408 535 1469 peccatum.
549 1404 606 1455 Cium
625 1418 679 1469 ergo
699 1407 790 1471 aliquis
805 1422 859 1461 uon
875 1410 935 1476 pom't

129 1478 219 1529 absolvi
231 1478 260 1528 ab
272 1491 320 1529 uuo
335 1476 504 1541 peccam-nisi
523 1477 653 1527 absolvatur
668 1478 697 1528 ab
710 1480 845 1545 omnibus,
860 1496 902 1533 nec
917 1480 934 1530 ir

130 1548 364 1601 excommunicatione
374 1550 418 1598 boc
433 1561 485 1599 esse
498 1546 590 1611 poterit.

162 1626 186 1672 2.
200 1622 325 1682 Preterea,
342 1619 583 1671 excommunicationis
603 1618 716 1671 absolutio
733 1622 760 1672 iu
778 1624 890 1677 Ecclesia
904 1624 931 1673 tt

130 1695 175 1746 Sei
186 1692 226 1743 ille
240 1693 280 1758 qui
290 1706 336 1743 una
348 1690 582 1743 excommunicatione
596 1694 630 1742 est
643 1690 747 1745 irretitus
753 1731 764 1758 ‚
776 1700 851 1747 extra
867 1695 933 1748 arcia

131 1764 189 1815 siam
207 1768 250 1815 est.
265 1765 323 1827 Ergo
342 1760 450 1827 quandiiu
464 1774 512 1812 una
522 1764 608 1825 manet,
619 1763 646 1812 ab
661 1763 707 1813 alia
725 1764 824 1817 absolvi
840 1782 889 1820 non
901 1778 932 1831 pt·

131 1838 185 1888 test.

162 1908 210 1958 Sed
228 1912 308 1959 contra
322 1923 329 1956 ι
343 1902 551 1957 Excommunimtio
569 1906 673 1969 quedam
690 1918 762 1970 poena
784 1914 836 1962 cst.
853 1908 933 1963 sedat

131 1991 178 2027 una
196 1992 264 2043 prena
277 1976 359 2040 aliquis
373 1977 488 2038 liberatur,
505 1974 550 2025 alia
563 1980 703 2027 remanente.
717 1979 780 2043 Ergo
797 1982 831 2033 ab
847 1998 893 2034 una
904 1994 933 2033 tt·

131 2046 345 2111 communicatione,
360 2047 404 2097 alia
413 2051 559 2110 remanente,
573 2046 655 2109 aliquis
669 2048 759 2099 absolui
776 2057 873 2115 potest.

165 2118 361 2181 (ssoncnusro.-
374 2116 431 2169 Cum
443 2130 516 2181 pcenae
529 2118 602 2181 quoad
615 2118 780 2171 remissionem
793 2125 885 2177 nnllam
898 2126 934 2174 ba·

130 2188 201 2239 beant
213 2189 388 2250 connexionem,
402 2188 649 2239 excommunicationes
662 2193 741 2240 autem
758 2206 843 2255 poenae
857 2194 933 2247 tnntiu

131 2260 192 2321 siut,
205 2261 282 2323 potest
296 2260 347 2323 quis
360 2261 388 2310 ab
403 2273 450 2310 una
468 2259 555 2309 absolvi
572 2262 829 2329 excommunicatione,
846 2268 892 2319 alia
907 2278 934 2317 re

131 2334 253 2393 manente,
268 2331 394 2395 presertim
404 2330 424 2382 si
436 2331 450 2381 a
464 2331 560 2382 diuersis
573 2330 667 2382 inflictae
686 2332 734 2383 siut
745 2336 901 2403 Judicibus.)

162 2403 297 2466 Respoudco
306 2403 439 2465 dicendum,
451 2403 514 2467 quil
527 2402 778 2457 excommunicationes
789 2421 845 2459 nou
859 2410 933 2461 hubent

129 2474 295 2527 connexionem
308 2474 334 2523 in
347 2475 421 2538 abquo
433 2490 439 2523 ε
451 2478 476 2525 et
488 2472 540 2524 ideo
554 2474 660 2537 possibile
678 2477 791 2539 estquod
814 2478 933 2545 aliquisai

129 2560 177 2597 una
186 2546 326 2609 absolvatur,
338 2546 393 2596 etin
403 2546 475 2597 altera
486 2548 611 2595 remaneat.
624 2544 669 2596 Scd
681 2545 743 2597 circa
754 2550 801 2599 boc
816 2552 932 2603 sciendum

130 2624 182 2679 est,
200 2617 263 2681 quod
283 2616 365 2680 aliquis
384 2618 520 2681 quandoque
541 2619 577 2666 est
596 2617 813 2671 excommunicatus
838 2622 933 2685 pluribus

129 2688 405 2739 excommunicationibus
417 2689 445 2739 ab
459 2702 505 2739 uuo
524 2687 602 2752 judice
617 2703 623 2739 ι
638 2692 661 2739 et
676 2692 732 2739 tuuc
751 2694 853 2755 quaudo
867 2692 934 2745 absai

128 2759 191 2809 uitur
206 2762 234 2810 ab
249 2773 305 2823 una,
321 2760 455 2823 intelligitur
468 2762 497 2811 ab
511 2760 617 2811 omnibus
627 2760 725 2821 absolvi,
739 2761 785 2813 nisi
795 2765 931 2817 contrarium

127 2832 326 2893 exponemuset
340 2831 386 2883 uisi
401 2831 456 2883 cum
468 2832 522 2897 puis
535 2831 702 2888 alaaolutionem
716 2831 831 2900 impetrat
844 2838 874 2889 de
891 2832 931 2887 uui
