<?xml version="1.0" encoding="UTF-8"?>
<!DOCTYPE html PUBLIC "-//W3C//DTD XHTML 1.0 Transitional//EN"
    "http://www.w3.org/TR/xhtml1/DTD/xhtml1-transitional.dtd">
<html xmlns="http://www.w3.org/1999/xhtml" xml:lang="en" lang="en">
 <head>
  <title>
</title>
<meta http-equiv="Content-Type" content="text/html;charset=utf-8" />
  <meta name='ocr-system' content='tesseract 3.04.00' />
  <meta name='ocr-capabilities' content='ocr_page ocr_carea ocr_par ocr_line ocrx_word'/>
</head>
<body>
  <div class='ocr_page' id='page_1' title='image "./summatheologica01nicogoog_0569.png"; bbox 0 0 1942 3284; ppageno 0'>
   <div class='ocr_carea' id='block_1_1' title="bbox 204 151 855 196">
    <p class='ocr_par' dir='ltr' id='par_1_1' title="bbox 204 151 855 196">
     <span class='ocr_line' id='line_1_1' title="bbox 204 151 855 196; baseline 0.008 -7"><span class='ocrx_word' id='word_1_1' title='bbox 204 153 235 190; x_wconf 80' lang='lat' dir='ltr'><strong>ne</strong></span> <span class='ocrx_word' id='word_1_2' title='bbox 249 152 364 192; x_wconf 72' lang='lat' dir='ltr'><strong>enarrans</strong></span> <span class='ocrx_word' id='word_1_3' title='bbox 380 152 542 190; x_wconf 63' lang='lat' dir='ltr'><strong>rodelentensis</strong></span> <span class='ocrx_word' id='word_1_4' title='bbox 558 155 580 190; x_wconf 81' lang='lat' dir='ltr'><strong>til</strong></span> <span class='ocrx_word' id='word_1_5' title='bbox 597 153 724 193; x_wconf 70' lang='lat' dir='ltr'><strong>esuum.</strong></span> <span class='ocrx_word' id='word_1_6' title='bbox 810 151 855 196; x_wconf 72' lang='grc'><strong>863</strong></span> 
     </span>
    </p>
   </div>
   <div class='ocr_carea' id='block_1_2' title="bbox 50 226 908 2916">
    <p class='ocr_par' dir='ltr' id='par_1_2' title="bbox 50 226 908 1147">
     <span class='ocr_line' id='line_1_2' title="bbox 51 226 908 296; baseline 0.011 -18"><span class='ocrx_word' id='word_1_7' title='bbox 51 232 134 292; x_wconf 86' lang='lat' dir='ltr'><strong>parles</strong></span> <span class='ocrx_word' id='word_1_8' title='bbox 153 226 299 291; x_wconf 77' lang='lat' dir='ltr'><strong>subjectivae</strong></span> <span class='ocrx_word' id='word_1_9' title='bbox 309 227 455 291; x_wconf 77' lang='lat' dir='ltr'><strong>penitendo.</strong></span> <span class='ocrx_word' id='word_1_10' title='bbox 469 229 515 279; x_wconf 87' lang='lat' dir='ltr'><strong>Sed</strong></span> <span class='ocrx_word' id='word_1_11' title='bbox 528 231 571 280; x_wconf 88' lang='lat' dir='ltr'><strong>lroo</strong></span> <span class='ocrx_word' id='word_1_12' title='bbox 585 243 631 282; x_wconf 91' lang='lat' dir='ltr'><strong>non</strong></span> <span class='ocrx_word' id='word_1_13' title='bbox 641 234 717 294; x_wconf 83' lang='lat' dir='ltr'><strong>potest</strong></span> <span class='ocrx_word' id='word_1_14' title='bbox 727 243 795 295; x_wconf 86' lang='lat' dir='ltr'><strong>esse,</strong></span> <span class='ocrx_word' id='word_1_15' title='bbox 804 233 858 296; x_wconf 78' lang='lat' dir='ltr'><strong>qnia</strong></span> <span class='ocrx_word' id='word_1_16' title='bbox 897 270 908 288; x_wconf 72' lang='lat'><strong>.-</strong></span> 
     </span>
     <span class='ocr_line' id='line_1_3' title="bbox 51 294 905 365; baseline 0.005 -14"><span class='ocrx_word' id='word_1_17' title='bbox 51 300 154 364; x_wconf 82' lang='lat' dir='ltr'><strong>singnlis</strong></span> <span class='ocrx_word' id='word_1_18' title='bbox 166 299 274 365; x_wconf 77' lang='lat' dir='ltr'><strong>partiens</strong></span> <span class='ocrx_word' id='word_1_19' title='bbox 285 299 416 363; x_wconf 83' lang='lat' dir='ltr'><strong>subjectivis</strong></span> <span class='ocrx_word' id='word_1_20' title='bbox 426 301 491 352; x_wconf 88' lang='lat' dir='ltr'><strong>adest</strong></span> <span class='ocrx_word' id='word_1_21' title='bbox 500 305 548 352; x_wconf 86' lang='lat' dir='ltr'><strong>tota</strong></span> <span class='ocrx_word' id='word_1_22' title='bbox 560 302 632 352; x_wconf 68' lang='lat' dir='ltr'><strong>rimus</strong></span> <span class='ocrx_word' id='word_1_23' title='bbox 642 303 713 354; x_wconf 88' lang='lat' dir='ltr'><strong>totins</strong></span> <span class='ocrx_word' id='word_1_24' title='bbox 725 308 749 354; x_wconf 89' lang='lat' dir='ltr'><strong>et</strong></span> <span class='ocrx_word' id='word_1_25' title='bbox 757 304 823 355; x_wconf 90' lang='lat' dir='ltr'><strong>simul</strong></span> <span class='ocrx_word' id='word_1_26' title='bbox 834 311 858 357; x_wconf 90' lang='lat' dir='ltr'><strong>et</strong></span> <span class='ocrx_word' id='word_1_27' title='bbox 900 294 905 349; x_wconf 70' lang='grc' dir='ltr'><em>ἒ</em></span> 
     </span>
     <span class='ocr_line' id='line_1_4' title="bbox 52 353 906 439; baseline 0.005 -17"><span class='ocrx_word' id='word_1_28' title='bbox 52 372 197 435; x_wconf 78' lang='lat' dir='ltr'><strong>aqualiter,</strong></span> <span class='ocrx_word' id='word_1_29' title='bbox 214 373 271 421; x_wconf 86' lang='lat' dir='ltr'><strong>sieut</strong></span> <span class='ocrx_word' id='word_1_30' title='bbox 284 375 332 422; x_wconf 90' lang='lat' dir='ltr'><strong>lota</strong></span> <span class='ocrx_word' id='word_1_31' title='bbox 350 371 421 421; x_wconf 86' lang='lat' dir='ltr'><strong>rirtus</strong></span> <span class='ocrx_word' id='word_1_32' title='bbox 432 371 537 422; x_wconf 86' lang='lat' dir='ltr'><strong>animalis</strong></span> <span class='ocrx_word' id='word_1_33' title='bbox 552 372 696 436; x_wconf 85' lang='lat' dir='ltr'><strong>inquantum</strong></span> <span class='ocrx_word' id='word_1_34' title='bbox 708 379 743 426; x_wconf 89' lang='lat' dir='ltr'><strong>est</strong></span> <span class='ocrx_word' id='word_1_35' title='bbox 757 375 857 439; x_wconf 84' lang='lat' dir='ltr'><strong>animal,</strong></span> <span class='ocrx_word' id='word_1_36' title='bbox 899 353 906 422; x_wconf 74' lang='lat' dir='ltr'><strong>i</strong></span> 
     </span>
     <span class='ocr_line' id='line_1_5' title="bbox 52 441 858 509; baseline 0.004 -17"><span class='ocrx_word' id='word_1_37' title='bbox 52 443 160 494; x_wconf 81' lang='lat' dir='ltr'><strong>salvatur</strong></span> <span class='ocrx_word' id='word_1_38' title='bbox 176 443 205 492; x_wconf 89' lang='lat' dir='ltr'><strong>in</strong></span> <span class='ocrx_word' id='word_1_39' title='bbox 224 442 323 506; x_wconf 83' lang='lat' dir='ltr'><strong>qualibet</strong></span> <span class='ocrx_word' id='word_1_40' title='bbox 340 443 416 506; x_wconf 85' lang='lat' dir='ltr'><strong>speeie</strong></span> <span class='ocrx_word' id='word_1_41' title='bbox 429 441 549 505; x_wconf 82' lang='lat' dir='ltr'><strong>animalis,</strong></span> <span class='ocrx_word' id='word_1_42' title='bbox 562 456 612 507; x_wconf 82' lang='lat' dir='ltr'><strong>qua</strong></span> <span class='ocrx_word' id='word_1_43' title='bbox 625 443 694 495; x_wconf 79' lang='lat' dir='ltr'><strong>dmul</strong></span> <span class='ocrx_word' id='word_1_44' title='bbox 707 449 731 494; x_wconf 89' lang='lat' dir='ltr'><strong>et</strong></span> <span class='ocrx_word' id='word_1_45' title='bbox 743 445 858 509; x_wconf 83' lang='lat' dir='ltr'><strong>aqualiter</strong></span> 
     </span>
     <span class='ocr_line' id='line_1_6' title="bbox 52 513 858 578; baseline 0.005 -14"><span class='ocrx_word' id='word_1_46' title='bbox 52 513 163 564; x_wconf 84' lang='lat' dir='ltr'><strong>dividunt</strong></span> <span class='ocrx_word' id='word_1_47' title='bbox 178 513 279 574; x_wconf 83' lang='lat' dir='ltr'><strong>animal,</strong></span> <span class='ocrx_word' id='word_1_48' title='bbox 295 515 334 564; x_wconf 88' lang='lat' dir='ltr'><strong>sed</strong></span> <span class='ocrx_word' id='word_1_49' title='bbox 353 514 397 565; x_wconf 88' lang='lat' dir='ltr'><strong>hoo</strong></span> <span class='ocrx_word' id='word_1_50' title='bbox 412 526 459 564; x_wconf 90' lang='lat' dir='ltr'><strong>non</strong></span> <span class='ocrx_word' id='word_1_51' title='bbox 477 518 513 564; x_wconf 87' lang='lat' dir='ltr'><strong>est</strong></span> <span class='ocrx_word' id='word_1_52' title='bbox 532 513 557 563; x_wconf 92' lang='lat' dir='ltr'><strong>in</strong></span> <span class='ocrx_word' id='word_1_53' title='bbox 569 515 694 578; x_wconf 86' lang='lat' dir='ltr'><strong>proposito.</strong></span> <span class='ocrx_word' id='word_1_54' title='bbox 715 516 744 566; x_wconf 78' lang='lat' dir='ltr'><strong>Et</strong></span> <span class='ocrx_word' id='word_1_55' title='bbox 755 516 807 568; x_wconf 93' lang='lat' dir='ltr'><strong>ideo</strong></span> <span class='ocrx_word' id='word_1_56' title='bbox 818 518 858 568; x_wconf 83' lang='lat' dir='ltr'><strong>alii</strong></span> 
     </span>
     <span class='ocr_line' id='line_1_7' title="bbox 52 583 857 648; baseline 0.007 -16"><span class='ocrx_word' id='word_1_57' title='bbox 52 583 180 646; x_wconf 87' lang='lat' dir='ltr'><strong>dixerunt,</strong></span> <span class='ocrx_word' id='word_1_58' title='bbox 204 583 264 648; x_wconf 83' lang='lat' dir='ltr'><strong>qnod</strong></span> <span class='ocrx_word' id='word_1_59' title='bbox 282 586 335 634; x_wconf 90' lang='lat' dir='ltr'><strong>snnt</strong></span> <span class='ocrx_word' id='word_1_60' title='bbox 347 589 423 646; x_wconf 84' lang='lat' dir='ltr'><strong>partes</strong></span> <span class='ocrx_word' id='word_1_61' title='bbox 441 583 584 647; x_wconf 79' lang='lat' dir='ltr'><strong>potentiales.</strong></span> <span class='ocrx_word' id='word_1_62' title='bbox 601 584 645 634; x_wconf 87' lang='lat' dir='ltr'><strong>Sed</strong></span> <span class='ocrx_word' id='word_1_63' title='bbox 659 599 701 636; x_wconf 90' lang='lat' dir='ltr'><strong>neo</strong></span> <span class='ocrx_word' id='word_1_64' title='bbox 717 587 761 636; x_wconf 85' lang='lat' dir='ltr'><strong>hoe</strong></span> <span class='ocrx_word' id='word_1_65' title='bbox 778 599 857 638; x_wconf 82' lang='lat' dir='ltr'><strong>rerum</strong></span> 
     </span>
     <span class='ocr_line' id='line_1_8' title="bbox 52 653 857 719; baseline 0.004 -16"><span class='ocrx_word' id='word_1_66' title='bbox 52 666 104 704; x_wconf 87' lang='lat' dir='ltr'><strong>esse</strong></span> <span class='ocrx_word' id='word_1_67' title='bbox 118 658 221 719; x_wconf 87' lang='lat' dir='ltr'><strong>potest,</strong></span> <span class='ocrx_word' id='word_1_68' title='bbox 235 654 288 718; x_wconf 85' lang='lat' dir='ltr'><strong>quia</strong></span> <span class='ocrx_word' id='word_1_69' title='bbox 301 653 396 717; x_wconf 84' lang='lat' dir='ltr'><strong>singolis</strong></span> <span class='ocrx_word' id='word_1_70' title='bbox 407 654 509 717; x_wconf 79' lang='lat' dir='ltr'><strong>partiens</strong></span> <span class='ocrx_word' id='word_1_71' title='bbox 523 655 683 718; x_wconf 81' lang='lat' dir='ltr'><strong>potentialiter</strong></span> <span class='ocrx_word' id='word_1_72' title='bbox 702 656 766 707; x_wconf 88' lang='lat' dir='ltr'><strong>adest</strong></span> <span class='ocrx_word' id='word_1_73' title='bbox 784 661 857 708; x_wconf 86' lang='lat' dir='ltr'><strong>totum</strong></span> 
     </span>
     <span class='ocr_line' id='line_1_9' title="bbox 52 725 858 787; baseline 0.005 -13"><span class='ocrx_word' id='word_1_74' title='bbox 52 727 185 777; x_wconf 88' lang='lat' dir='ltr'><strong>seeundum</strong></span> <span class='ocrx_word' id='word_1_75' title='bbox 202 729 273 778; x_wconf 82' lang='lat' dir='ltr'><strong>totam</strong></span> <span class='ocrx_word' id='word_1_76' title='bbox 291 726 431 787; x_wconf 71' lang='lat' dir='ltr'><strong>essentiam,</strong></span> <span class='ocrx_word' id='word_1_77' title='bbox 444 725 505 776; x_wconf 84' lang='lat' dir='ltr'><strong>sient</strong></span> <span class='ocrx_word' id='word_1_78' title='bbox 522 729 571 776; x_wconf 90' lang='lat' dir='ltr'><strong>tota</strong></span> <span class='ocrx_word' id='word_1_79' title='bbox 582 727 682 778; x_wconf 74' lang='lat' dir='ltr'><strong>essentia</strong></span> <span class='ocrx_word' id='word_1_80' title='bbox 701 727 781 778; x_wconf 78' lang='lat' dir='ltr'><strong>anime</strong></span> <span class='ocrx_word' id='word_1_81' title='bbox 795 729 858 780; x_wconf 81' lang='lat' dir='ltr'><strong>adest</strong></span> 
     </span>
     <span class='ocr_line' id='line_1_10' title="bbox 52 795 858 861; baseline 0.005 -15"><span class='ocrx_word' id='word_1_82' title='bbox 52 796 152 848; x_wconf 83' lang='lat' dir='ltr'>cuilibet</span> <span class='ocrx_word' id='word_1_83' title='bbox 174 799 231 860; x_wconf 87' lang='lat' dir='ltr'><strong>ejus</strong></span> <span class='ocrx_word' id='word_1_84' title='bbox 249 797 371 861; x_wconf 83' lang='lat' dir='ltr'><strong>potentie;</strong></span> <span class='ocrx_word' id='word_1_85' title='bbox 383 797 423 848; x_wconf 89' lang='lat' dir='ltr'><strong>sed</strong></span> <span class='ocrx_word' id='word_1_86' title='bbox 437 799 480 848; x_wconf 80' lang='lat' dir='ltr'><strong>lieo</strong></span> <span class='ocrx_word' id='word_1_87' title='bbox 494 809 541 848; x_wconf 88' lang='lat' dir='ltr'><strong>non</strong></span> <span class='ocrx_word' id='word_1_88' title='bbox 555 795 629 846; x_wconf 86' lang='lat' dir='ltr'><strong>estin</strong></span> <span class='ocrx_word' id='word_1_89' title='bbox 649 798 773 861; x_wconf 78' lang='lat' dir='ltr'><strong>proposito.</strong></span> <span class='ocrx_word' id='word_1_90' title='bbox 793 799 858 850; x_wconf 86' lang='lat' dir='ltr'><strong>Unde</strong></span> 
     </span>
     <span class='ocr_line' id='line_1_11' title="bbox 50 867 855 934; baseline 0.006 -18"><span class='ocrx_word' id='word_1_91' title='bbox 50 867 208 931; x_wconf 80' lang='lat' dir='ltr'>relinquitur,</span> <span class='ocrx_word' id='word_1_92' title='bbox 220 868 280 934; x_wconf 89' lang='lat' dir='ltr'><strong>qudd</strong></span> <span class='ocrx_word' id='word_1_93' title='bbox 290 868 396 931; x_wconf 79' lang='lat' dir='ltr'><strong>predicte</strong></span> <span class='ocrx_word' id='word_1_94' title='bbox 409 868 454 918; x_wconf 89' lang='lat' dir='ltr'><strong>tria</strong></span> <span class='ocrx_word' id='word_1_95' title='bbox 466 869 598 933; x_wconf 81' lang='lat' dir='ltr'><strong>sintpertes</strong></span> <span class='ocrx_word' id='word_1_96' title='bbox 610 867 732 932; x_wconf 85' lang='lat' dir='ltr'><strong>integrales</strong></span> <span class='ocrx_word' id='word_1_97' title='bbox 742 870 855 933; x_wconf 87' lang='lat' dir='ltr'><strong>poeniten·</strong></span> 
     </span>
     <span class='ocr_line' id='line_1_12' title="bbox 53 939 859 1005; baseline 0.009 -18"><span class='ocrx_word' id='word_1_98' title='bbox 53 940 98 991; x_wconf 80' lang='lat' dir='ltr'><strong>tia.</strong></span> <span class='ocrx_word' id='word_1_99' title='bbox 113 941 152 992; x_wconf 77' lang='lat' dir='ltr'><strong>nd</strong></span> <span class='ocrx_word' id='word_1_100' title='bbox 167 953 267 1004; x_wconf 80' lang='lat' dir='ltr'><strong>quaram</strong></span> <span class='ocrx_word' id='word_1_101' title='bbox 280 941 391 991; x_wconf 88' lang='lat' dir='ltr'><strong>rationem</strong></span> <span class='ocrx_word' id='word_1_102' title='bbox 401 939 507 1003; x_wconf 81' lang='lat' dir='ltr'><strong>exigitur,</strong></span> <span class='ocrx_word' id='word_1_103' title='bbox 516 943 542 988; x_wconf 90' lang='lat' dir='ltr'><strong>nt</strong></span> <span class='ocrx_word' id='word_1_104' title='bbox 554 943 627 989; x_wconf 85' lang='lat' dir='ltr'><strong>totum</strong></span> <span class='ocrx_word' id='word_1_105' title='bbox 636 952 682 990; x_wconf 89' lang='lat' dir='ltr'><strong>non</strong></span> <span class='ocrx_word' id='word_1_106' title='bbox 693 939 753 990; x_wconf 86' lang='lat' dir='ltr'><strong>adsit</strong></span> <span class='ocrx_word' id='word_1_107' title='bbox 762 941 859 1005; x_wconf 85' lang='lat' dir='ltr'><strong>singulis</strong></span> 
     </span>
     <span class='ocr_line' id='line_1_13' title="bbox 53 1011 858 1076; baseline 0.004 -16"><span class='ocrx_word' id='word_1_108' title='bbox 53 1013 170 1076; x_wconf 73' lang='lat' dir='ltr'><strong>praelibas,</strong></span> <span class='ocrx_word' id='word_1_109' title='bbox 187 1024 262 1075; x_wconf 84' lang='lat' dir='ltr'><strong>neque</strong></span> <span class='ocrx_word' id='word_1_110' title='bbox 278 1011 403 1062; x_wconf 84' lang='lat' dir='ltr'><strong>secundirm</strong></span> <span class='ocrx_word' id='word_1_111' title='bbox 413 1015 484 1061; x_wconf 87' lang='lat' dir='ltr'><strong>totam</strong></span> <span class='ocrx_word' id='word_1_112' title='bbox 494 1011 601 1060; x_wconf 72' lang='lat' dir='ltr'><strong>virtutem</strong></span> <span class='ocrx_word' id='word_1_113' title='bbox 615 1011 679 1074; x_wconf 83' lang='lat' dir='ltr'><strong>ejus,</strong></span> <span class='ocrx_word' id='word_1_114' title='bbox 693 1022 858 1073; x_wconf 85' lang='lat' dir='ltr'><strong>nequeseenn·</strong></span> 
     </span>
     <span class='ocr_line' id='line_1_14' title="bbox 53 1081 675 1147; baseline 0 -15"><span class='ocrx_word' id='word_1_115' title='bbox 53 1081 106 1132; x_wconf 87' lang='lat' dir='ltr'><strong>ddm</strong></span> <span class='ocrx_word' id='word_1_116' title='bbox 121 1085 200 1134; x_wconf 82' lang='lat' dir='ltr'><strong>totam</strong></span> <span class='ocrx_word' id='word_1_117' title='bbox 218 1084 268 1147; x_wconf 76' lang='lat' dir='ltr'><strong>eius</strong></span> <span class='ocrx_word' id='word_1_118' title='bbox 282 1081 413 1143; x_wconf 72' lang='lat' dir='ltr'><strong>essentiam,</strong></span> <span class='ocrx_word' id='word_1_119' title='bbox 428 1083 466 1132; x_wconf 87' lang='lat' dir='ltr'><strong>sed</strong></span> <span class='ocrx_word' id='word_1_120' title='bbox 480 1082 587 1133; x_wconf 84' lang='lat' dir='ltr'><strong>omnibns</strong></span> <span class='ocrx_word' id='word_1_121' title='bbox 600 1081 675 1132; x_wconf 71' lang='lat' dir='ltr'><strong>dmnl.</strong></span> 
     </span>
    </p>

    <p class='ocr_par' dir='ltr' id='par_1_3' title="bbox 52 1151 887 1785">
     <span class='ocr_line' id='line_1_15' title="bbox 85 1151 856 1219; baseline 0 -15"><span class='ocrx_word' id='word_1_122' title='bbox 85 1155 121 1206; x_wconf 83' lang='lat' dir='ltr'><strong>ld</strong></span> <span class='ocrx_word' id='word_1_123' title='bbox 133 1154 240 1219; x_wconf 85' lang='lat' dir='ltr'><strong>primum</strong></span> <span class='ocrx_word' id='word_1_124' title='bbox 252 1166 305 1217; x_wconf 84' lang='lat' dir='ltr'><strong>ergo</strong></span> <span class='ocrx_word' id='word_1_125' title='bbox 321 1152 449 1214; x_wconf 80' lang='lat' dir='ltr'><strong>dicendum,</strong></span> <span class='ocrx_word' id='word_1_126' title='bbox 460 1152 522 1215; x_wconf 88' lang='lat' dir='ltr'><strong>qndd</strong></span> <span class='ocrx_word' id='word_1_127' title='bbox 534 1157 668 1216; x_wconf 82' lang='lat' dir='ltr'><strong>perentam,</strong></span> <span class='ocrx_word' id='word_1_128' title='bbox 681 1151 735 1215; x_wconf 82' lang='lat' dir='ltr'><strong>quia</strong></span> <span class='ocrx_word' id='word_1_129' title='bbox 747 1152 856 1206; x_wconf 84' lang='lat' dir='ltr'><strong>rationem</strong></span> 
     </span>
     <span class='ocr_line' id='line_1_16' title="bbox 55 1221 887 1288; baseline 0.005 -17"><span class='ocrx_word' id='word_1_130' title='bbox 55 1224 107 1273; x_wconf 88' lang='lat' dir='ltr'><strong>mali</strong></span> <span class='ocrx_word' id='word_1_131' title='bbox 122 1225 215 1286; x_wconf 85' lang='lat' dir='ltr'><strong>habet,</strong></span> <span class='ocrx_word' id='word_1_132' title='bbox 234 1227 309 1288; x_wconf 89' lang='lat' dir='ltr'><strong>potest</strong></span> <span class='ocrx_word' id='word_1_133' title='bbox 322 1222 345 1272; x_wconf 92' lang='lat' dir='ltr'><strong>in</strong></span> <span class='ocrx_word' id='word_1_134' title='bbox 359 1236 405 1274; x_wconf 86' lang='lat' dir='ltr'><strong>nno</strong></span> <span class='ocrx_word' id='word_1_135' title='bbox 421 1227 507 1273; x_wconf 84' lang='lat' dir='ltr'><strong>tantum</strong></span> <span class='ocrx_word' id='word_1_136' title='bbox 521 1221 616 1285; x_wconf 85' lang='lat' dir='ltr'><strong>perlici,</strong></span> <span class='ocrx_word' id='word_1_137' title='bbox 629 1227 654 1272; x_wconf 86' lang='lat' dir='ltr'><strong>nt</strong></span> <span class='ocrx_word' id='word_1_138' title='bbox 673 1221 757 1273; x_wconf 83' lang='lat' dir='ltr'><strong>dietum</strong></span> <span class='ocrx_word' id='word_1_139' title='bbox 771 1228 815 1274; x_wconf 85' lang='lat' dir='ltr'><strong>est.</strong></span> <span class='ocrx_word' id='word_1_140' title='bbox 830 1225 859 1275; x_wconf 81' lang='lat' dir='ltr'><strong>nt</strong></span> <span class='ocrx_word' id='word_1_141' title='bbox 882 1259 887 1265; x_wconf 81' lang='lat'><strong>·</strong></span> 
     </span>
     <span class='ocr_line' id='line_1_17' title="bbox 54 1293 858 1361; baseline 0.006 -19"><span class='ocrx_word' id='word_1_142' title='bbox 54 1294 105 1346; x_wconf 91' lang='lat' dir='ltr'><strong>ideo</strong></span> <span class='ocrx_word' id='word_1_143' title='bbox 127 1300 255 1361; x_wconf 80' lang='lat' dir='ltr'><strong>peecatum</strong></span> <span class='ocrx_word' id='word_1_144' title='bbox 268 1295 326 1357; x_wconf 86' lang='lat' dir='ltr'><strong>qood</strong></span> <span class='ocrx_word' id='word_1_145' title='bbox 341 1294 364 1344; x_wconf 93' lang='lat' dir='ltr'><strong>in</strong></span> <span class='ocrx_word' id='word_1_146' title='bbox 378 1295 426 1344; x_wconf 90' lang='lat' dir='ltr'><strong>solo</strong></span> <span class='ocrx_word' id='word_1_147' title='bbox 444 1294 511 1346; x_wconf 91' lang='lat' dir='ltr'><strong>oorde</strong></span> <span class='ocrx_word' id='word_1_148' title='bbox 526 1293 650 1357; x_wconf 84' lang='lat' dir='ltr'><strong>perficitur,</strong></span> <span class='ocrx_word' id='word_1_149' title='bbox 663 1298 699 1344; x_wconf 88' lang='lat' dir='ltr'><strong>est</strong></span> <span class='ocrx_word' id='word_1_150' title='bbox 713 1307 758 1343; x_wconf 90' lang='lat' dir='ltr'><strong>nna</strong></span> <span class='ocrx_word' id='word_1_151' title='bbox 770 1297 858 1359; x_wconf 87' lang='lat' dir='ltr'><strong>speeies</strong></span> 
     </span>
     <span class='ocr_line' id='line_1_18' title="bbox 52 1365 855 1431; baseline 0 -13"><span class='ocrx_word' id='word_1_152' title='bbox 52 1369 160 1431; x_wconf 80' lang='lat' dir='ltr'><strong>peecati3</strong></span> <span class='ocrx_word' id='word_1_153' title='bbox 176 1367 223 1418; x_wconf 84' lang='lat' dir='ltr'><strong>alia</strong></span> <span class='ocrx_word' id='word_1_154' title='bbox 244 1365 295 1418; x_wconf 84' lang='lat' dir='ltr'><strong>rerd</strong></span> <span class='ocrx_word' id='word_1_155' title='bbox 308 1365 397 1428; x_wconf 85' lang='lat' dir='ltr'><strong>speeies</strong></span> <span class='ocrx_word' id='word_1_156' title='bbox 414 1369 449 1415; x_wconf 89' lang='lat' dir='ltr'><strong>est</strong></span> <span class='ocrx_word' id='word_1_157' title='bbox 467 1370 600 1430; x_wconf 78' lang='lat' dir='ltr'><strong>peecatum,</strong></span> <span class='ocrx_word' id='word_1_158' title='bbox 614 1365 674 1429; x_wconf 83' lang='lat' dir='ltr'><strong>qnod</strong></span> <span class='ocrx_word' id='word_1_159' title='bbox 696 1366 812 1428; x_wconf 82' lang='lat' dir='ltr'><strong>perdeitm</strong></span> <span class='ocrx_word' id='word_1_160' title='bbox 830 1365 855 1418; x_wconf 88' lang='lat' dir='ltr'><strong>in</strong></span> 
     </span>
     <span class='ocr_line' id='line_1_19' title="bbox 53 1434 857 1500; baseline 0.001 -14"><span class='ocrx_word' id='word_1_161' title='bbox 53 1441 122 1490; x_wconf 88' lang='lat' dir='ltr'><strong>eorde</strong></span> <span class='ocrx_word' id='word_1_162' title='bbox 134 1444 161 1490; x_wconf 91' lang='lat' dir='ltr'><strong>et</strong></span> <span class='ocrx_word' id='word_1_163' title='bbox 175 1439 201 1488; x_wconf 92' lang='lat' dir='ltr'><strong>in</strong></span> <span class='ocrx_word' id='word_1_164' title='bbox 213 1450 265 1500; x_wconf 86' lang='lat' dir='ltr'><strong>ore;</strong></span> <span class='ocrx_word' id='word_1_165' title='bbox 279 1438 344 1486; x_wconf 89' lang='lat' dir='ltr'><strong>tertia</strong></span> <span class='ocrx_word' id='word_1_166' title='bbox 360 1434 412 1485; x_wconf 85' lang='lat' dir='ltr'><strong>verd</strong></span> <span class='ocrx_word' id='word_1_167' title='bbox 426 1435 514 1498; x_wconf 88' lang='lat' dir='ltr'><strong>speeies</strong></span> <span class='ocrx_word' id='word_1_168' title='bbox 527 1441 562 1485; x_wconf 85' lang='lat' dir='ltr'><strong>est</strong></span> <span class='ocrx_word' id='word_1_169' title='bbox 576 1439 696 1498; x_wconf 86' lang='lat' dir='ltr'><strong>peceatum</strong></span> <span class='ocrx_word' id='word_1_170' title='bbox 706 1471 712 1496; x_wconf 87' lang='lat'>,</span> <span class='ocrx_word' id='word_1_171' title='bbox 724 1437 785 1500; x_wconf 89' lang='lat' dir='ltr'><strong>quod</strong></span> <span class='ocrx_word' id='word_1_172' title='bbox 800 1449 857 1500; x_wconf 89' lang='lat' dir='ltr'><strong>per·</strong></span> 
     </span>
     <span class='ocr_line' id='line_1_20' title="bbox 54 1505 858 1570; baseline 0.002 -14"><span class='ocrx_word' id='word_1_173' title='bbox 54 1506 131 1560; x_wconf 81' lang='lat' dir='ltr'><strong>licitur</strong></span> <span class='ocrx_word' id='word_1_174' title='bbox 144 1510 172 1560; x_wconf 90' lang='lat' dir='ltr'><strong>in</strong></span> <span class='ocrx_word' id='word_1_175' title='bbox 189 1509 273 1570; x_wconf 83' lang='lat' dir='ltr'><strong>eorde,</strong></span> <span class='ocrx_word' id='word_1_176' title='bbox 290 1521 328 1558; x_wconf 86' lang='lat' dir='ltr'><strong>oro</strong></span> <span class='ocrx_word' id='word_1_177' title='bbox 346 1510 369 1557; x_wconf 92' lang='lat' dir='ltr'><strong>et</strong></span> <span class='ocrx_word' id='word_1_178' title='bbox 384 1519 459 1570; x_wconf 86' lang='lat' dir='ltr'><strong>opere.</strong></span> <span class='ocrx_word' id='word_1_179' title='bbox 481 1507 508 1556; x_wconf 84' lang='lat' dir='ltr'><strong>Et</strong></span> <span class='ocrx_word' id='word_1_180' title='bbox 527 1505 658 1569; x_wconf 83' lang='lat' dir='ltr'><strong>hujusmodi</strong></span> <span class='ocrx_word' id='word_1_181' title='bbox 679 1505 765 1569; x_wconf 83' lang='lat' dir='ltr'><strong>peceati</strong></span> <span class='ocrx_word' id='word_1_182' title='bbox 782 1511 858 1570; x_wconf 86' lang='lat' dir='ltr'><strong>partes</strong></span> 
     </span>
     <span class='ocr_line' id='line_1_21' title="bbox 55 1575 856 1644; baseline -0.005 -14"><span class='ocrx_word' id='word_1_183' title='bbox 55 1583 123 1644; x_wconf 83' lang='lat' dir='ltr'><strong>quasi</strong></span> <span class='ocrx_word' id='word_1_184' title='bbox 138 1580 265 1644; x_wconf 74' lang='lat' dir='ltr'><strong>integrales</strong></span> <span class='ocrx_word' id='word_1_185' title='bbox 277 1582 331 1630; x_wconf 88' lang='lat' dir='ltr'><strong>sunt</strong></span> <span class='ocrx_word' id='word_1_186' title='bbox 343 1577 402 1641; x_wconf 90' lang='lat' dir='ltr'><strong>quod</strong></span> <span class='ocrx_word' id='word_1_187' title='bbox 420 1580 455 1628; x_wconf 84' lang='lat' dir='ltr'><strong>est</strong></span> <span class='ocrx_word' id='word_1_188' title='bbox 474 1577 499 1626; x_wconf 91' lang='lat' dir='ltr'><strong>in</strong></span> <span class='ocrx_word' id='word_1_189' title='bbox 511 1577 592 1634; x_wconf 84' lang='lat' dir='ltr'><strong>corde,</strong></span> <span class='ocrx_word' id='word_1_190' title='bbox 607 1580 631 1624; x_wconf 88' lang='lat' dir='ltr'><strong>et</strong></span> <span class='ocrx_word' id='word_1_191' title='bbox 648 1576 708 1639; x_wconf 87' lang='lat' dir='ltr'><strong>quod</strong></span> <span class='ocrx_word' id='word_1_192' title='bbox 722 1581 758 1626; x_wconf 89' lang='lat' dir='ltr'><strong>est</strong></span> <span class='ocrx_word' id='word_1_193' title='bbox 770 1575 793 1625; x_wconf 85' lang='lat' dir='ltr'><strong>in</strong></span> <span class='ocrx_word' id='word_1_194' title='bbox 808 1590 856 1638; x_wconf 85' lang='lat' dir='ltr'><strong>ore,</strong></span> 
     </span>
     <span class='ocr_line' id='line_1_22' title="bbox 55 1644 857 1716; baseline -0.002 -16"><span class='ocrx_word' id='word_1_195' title='bbox 55 1656 79 1700; x_wconf 88' lang='lat' dir='ltr'><strong>et</strong></span> <span class='ocrx_word' id='word_1_196' title='bbox 94 1655 160 1716; x_wconf 83' lang='lat' dir='ltr'><strong>quod</strong></span> <span class='ocrx_word' id='word_1_197' title='bbox 172 1657 210 1704; x_wconf 89' lang='lat' dir='ltr'><strong>est</strong></span> <span class='ocrx_word' id='word_1_198' title='bbox 223 1651 248 1702; x_wconf 91' lang='lat' dir='ltr'><strong>in</strong></span> <span class='ocrx_word' id='word_1_199' title='bbox 264 1663 340 1714; x_wconf 88' lang='lat' dir='ltr'><strong>opere.</strong></span> <span class='ocrx_word' id='word_1_200' title='bbox 359 1648 388 1698; x_wconf 83' lang='lat' dir='ltr'><strong>Et</strong></span> <span class='ocrx_word' id='word_1_201' title='bbox 411 1648 462 1698; x_wconf 89' lang='lat' dir='ltr'><strong>ideo</strong></span> <span class='ocrx_word' id='word_1_202' title='bbox 476 1644 615 1710; x_wconf 77' lang='lat' dir='ltr'><strong>penitentie</strong></span> <span class='ocrx_word' id='word_1_203' title='bbox 627 1657 679 1707; x_wconf 79' lang='lat' dir='ltr'><strong>que</strong></span> <span class='ocrx_word' id='word_1_204' title='bbox 699 1645 772 1696; x_wconf 82' lang='lat' dir='ltr'><strong>ionis</strong></span> <span class='ocrx_word' id='word_1_205' title='bbox 786 1645 857 1698; x_wconf 77' lang='lat' dir='ltr'><strong>trinta</strong></span> 
     </span>
     <span class='ocr_line' id='line_1_23' title="bbox 56 1716 606 1785; baseline -0.015 -13"><span class='ocrx_word' id='word_1_206' title='bbox 56 1723 188 1785; x_wconf 76' lang='lat' dir='ltr'><strong>perficitur„</strong></span> <span class='ocrx_word' id='word_1_207' title='bbox 201 1723 249 1772; x_wconf 82' lang='lat' dir='ltr'><strong>hroe</strong></span> <span class='ocrx_word' id='word_1_208' title='bbox 260 1721 304 1772; x_wconf 84' lang='lat' dir='ltr'><strong>tria</strong></span> <span class='ocrx_word' id='word_1_209' title='bbox 320 1723 373 1771; x_wconf 89' lang='lat' dir='ltr'><strong>sunt</strong></span> <span class='ocrx_word' id='word_1_210' title='bbox 389 1723 465 1782; x_wconf 87' lang='lat' dir='ltr'><strong>partes</strong></span> <span class='ocrx_word' id='word_1_211' title='bbox 477 1716 606 1778; x_wconf 69' lang='lat' dir='ltr'><strong>integrales.</strong></span> 
     </span>
    </p>

    <p class='ocr_par' dir='ltr' id='par_1_4' title="bbox 56 1785 858 2063">
     <span class='ocr_line' id='line_1_24' title="bbox 88 1785 858 1852; baseline -0.005 -10"><span class='ocrx_word' id='word_1_212' title='bbox 88 1795 126 1844; x_wconf 79' lang='lat' dir='ltr'><strong>ild</strong></span> <span class='ocrx_word' id='word_1_213' title='bbox 144 1794 271 1846; x_wconf 87' lang='lat' dir='ltr'><strong>seeundum</strong></span> <span class='ocrx_word' id='word_1_214' title='bbox 290 1791 421 1851; x_wconf 78' lang='lat' dir='ltr'><strong>dicendum,</strong></span> <span class='ocrx_word' id='word_1_215' title='bbox 434 1789 495 1852; x_wconf 90' lang='lat' dir='ltr'><strong>quod</strong></span> <span class='ocrx_word' id='word_1_216' title='bbox 518 1799 627 1850; x_wconf 83' lang='lat' dir='ltr'><strong>unapars</strong></span> <span class='ocrx_word' id='word_1_217' title='bbox 648 1785 768 1848; x_wconf 81' lang='lat' dir='ltr'><strong>integralis</strong></span> <span class='ocrx_word' id='word_1_218' title='bbox 782 1790 858 1850; x_wconf 86' lang='lat' dir='ltr'><strong>potest</strong></span> 
     </span>
     <span class='ocr_line' id='line_1_25' title="bbox 56 1857 857 1927; baseline -0.01 -12"><span class='ocrx_word' id='word_1_219' title='bbox 56 1866 179 1916; x_wconf 81' lang='lat' dir='ltr'><strong>continere</strong></span> <span class='ocrx_word' id='word_1_220' title='bbox 189 1869 279 1927; x_wconf 85' lang='lat' dir='ltr'><strong>totum,</strong></span> <span class='ocrx_word' id='word_1_221' title='bbox 298 1863 353 1914; x_wconf 90' lang='lat' dir='ltr'><strong>lieet</strong></span> <span class='ocrx_word' id='word_1_222' title='bbox 366 1875 413 1912; x_wconf 86' lang='lat' dir='ltr'><strong>non</strong></span> <span class='ocrx_word' id='word_1_223' title='bbox 429 1857 551 1910; x_wconf 83' lang='lat' dir='ltr'><strong>secundino</strong></span> <span class='ocrx_word' id='word_1_224' title='bbox 569 1857 706 1920; x_wconf 64' lang='lat' dir='ltr'><strong>essentiam</strong></span> <span class='ocrx_word' id='word_1_225' title='bbox 723 1857 857 1908; x_wconf 74' lang='lat' dir='ltr'><strong>irrndamen·</strong></span> 
     </span>
     <span class='ocr_line' id='line_1_26' title="bbox 57 1926 858 1998; baseline -0.006 -14"><span class='ocrx_word' id='word_1_226' title='bbox 57 1938 108 1985; x_wconf 88' lang='lat' dir='ltr'><strong>tum</strong></span> <span class='ocrx_word' id='word_1_227' title='bbox 129 1937 194 1986; x_wconf 88' lang='lat' dir='ltr'><strong>enim</strong></span> <span class='ocrx_word' id='word_1_228' title='bbox 208 1933 372 1998; x_wconf 83' lang='lat' dir='ltr'><strong>quodammodo</strong></span> <span class='ocrx_word' id='word_1_229' title='bbox 384 1932 468 1982; x_wconf 80' lang='lat' dir='ltr'><strong>virtute</strong></span> <span class='ocrx_word' id='word_1_230' title='bbox 481 1929 583 1979; x_wconf 85' lang='lat' dir='ltr'><strong>eontinet</strong></span> <span class='ocrx_word' id='word_1_231' title='bbox 599 1932 672 1978; x_wconf 83' lang='lat' dir='ltr'><strong>totam</strong></span> <span class='ocrx_word' id='word_1_232' title='bbox 687 1926 817 1978; x_wconf 79' lang='lat' dir='ltr'><strong>editicium.</strong></span> <span class='ocrx_word' id='word_1_233' title='bbox 829 1929 858 1979; x_wconf 84' lang='lat' dir='ltr'><strong>Et</strong></span> 
     </span>
     <span class='ocr_line' id='line_1_27' title="bbox 58 1998 777 2063; baseline -0.01 -8"><span class='ocrx_word' id='word_1_234' title='bbox 58 2006 104 2056; x_wconf 86' lang='lat' dir='ltr'><strong>hoe</strong></span> <span class='ocrx_word' id='word_1_235' title='bbox 116 2007 187 2059; x_wconf 90' lang='lat' dir='ltr'><strong>modo</strong></span> <span class='ocrx_word' id='word_1_236' title='bbox 203 2005 305 2056; x_wconf 85' lang='lat' dir='ltr'><strong>contritio</strong></span> <span class='ocrx_word' id='word_1_237' title='bbox 318 2003 418 2055; x_wconf 86' lang='lat' dir='ltr'><strong>eontinet</strong></span> <span class='ocrx_word' id='word_1_238' title='bbox 433 2001 517 2050; x_wconf 70' lang='lat' dir='ltr'><strong>odnie</strong></span> <span class='ocrx_word' id='word_1_239' title='bbox 530 2005 599 2050; x_wconf 84' lang='lat' dir='ltr'><strong>totam</strong></span> <span class='ocrx_word' id='word_1_240' title='bbox 612 1998 777 2063; x_wconf 78' lang='lat' dir='ltr'><strong>penitentiam.</strong></span> 
     </span>
    </p>

    <p class='ocr_par' dir='ltr' id='par_1_5' title="bbox 60 2069 872 2916">
     <span class='ocr_line' id='line_1_28' title="bbox 92 2069 858 2136; baseline -0.008 -10"><span class='ocrx_word' id='word_1_241' title='bbox 92 2077 128 2128; x_wconf 75' lang='lat' dir='ltr'><strong>ld</strong></span> <span class='ocrx_word' id='word_1_242' title='bbox 140 2076 234 2128; x_wconf 87' lang='lat' dir='ltr'><strong>tertium</strong></span> <span class='ocrx_word' id='word_1_243' title='bbox 245 2074 377 2136; x_wconf 88' lang='lat' dir='ltr'><strong>dioendnm,</strong></span> <span class='ocrx_word' id='word_1_244' title='bbox 388 2072 448 2136; x_wconf 87' lang='lat' dir='ltr'><strong>quod</strong></span> <span class='ocrx_word' id='word_1_245' title='bbox 461 2083 543 2121; x_wconf 87' lang='lat' dir='ltr'><strong>omnes</strong></span> <span class='ocrx_word' id='word_1_246' title='bbox 552 2075 629 2133; x_wconf 78' lang='lat' dir='ltr'><strong>partes</strong></span> <span class='ocrx_word' id='word_1_247' title='bbox 641 2069 763 2132; x_wconf 77' lang='lat' dir='ltr'><strong>integrales</strong></span> <span class='ocrx_word' id='word_1_248' title='bbox 772 2069 858 2120; x_wconf 83' lang='lat' dir='ltr'><strong>hebent</strong></span> 
     </span>
     <span class='ocr_line' id='line_1_29' title="bbox 60 2140 857 2210; baseline -0.008 -14"><span class='ocrx_word' id='word_1_249' title='bbox 60 2147 167 2198; x_wconf 83' lang='lat' dir='ltr'><strong>ordinem</strong></span> <span class='ocrx_word' id='word_1_250' title='bbox 182 2147 299 2210; x_wconf 70' lang='lat' dir='ltr'><strong>pendam</strong></span> <span class='ocrx_word' id='word_1_251' title='bbox 315 2146 342 2195; x_wconf 92' lang='lat' dir='ltr'><strong>ad</strong></span> <span class='ocrx_word' id='word_1_252' title='bbox 356 2145 462 2195; x_wconf 82' lang='lat' dir='ltr'><strong>invicem.</strong></span> <span class='ocrx_word' id='word_1_253' title='bbox 481 2143 526 2192; x_wconf 84' lang='lat' dir='ltr'><strong>Sed</strong></span> <span class='ocrx_word' id='word_1_254' title='bbox 543 2141 646 2204; x_wconf 75' lang='lat' dir='ltr'><strong>quedam</strong></span> <span class='ocrx_word' id='word_1_255' title='bbox 658 2141 743 2190; x_wconf 80' lang='lat' dir='ltr'><strong>hadent</strong></span> <span class='ocrx_word' id='word_1_256' title='bbox 755 2140 857 2190; x_wconf 83' lang='lat' dir='ltr'><strong>ordinem</strong></span> 
     </span>
     <span class='ocr_line' id='line_1_30' title="bbox 60 2211 857 2279; baseline -0.006 -14"><span class='ocrx_word' id='word_1_257' title='bbox 60 2217 154 2269; x_wconf 83' lang='lat' dir='ltr'><strong>trotirm</strong></span> <span class='ocrx_word' id='word_1_258' title='bbox 171 2218 198 2271; x_wconf 87' lang='lat' dir='ltr'><strong>ir</strong></span> <span class='ocrx_word' id='word_1_259' title='bbox 218 2216 277 2279; x_wconf 87' lang='lat' dir='ltr'><strong>sitn;</strong></span> <span class='ocrx_word' id='word_1_260' title='bbox 291 2215 341 2266; x_wconf 83' lang='lat' dir='ltr'><strong>sire</strong></span> <span class='ocrx_word' id='word_1_261' title='bbox 353 2217 516 2277; x_wconf 78' lang='lat' dir='ltr'><strong>consequenter</strong></span> <span class='ocrx_word' id='word_1_262' title='bbox 535 2225 560 2262; x_wconf 88' lang='lat' dir='ltr'><strong>se</strong></span> <span class='ocrx_word' id='word_1_263' title='bbox 579 2211 692 2272; x_wconf 66' lang='grc' dir='ltr'>Ιιιὴοιιιιι,</span> <span class='ocrx_word' id='word_1_264' title='bbox 707 2211 765 2261; x_wconf 85' lang='lat' dir='ltr'><strong>sient</strong></span> <span class='ocrx_word' id='word_1_265' title='bbox 781 2215 857 2274; x_wconf 87' lang='lat' dir='ltr'><strong>partes</strong></span> 
     </span>
     <span class='ocr_line' id='line_1_31' title="bbox 62 2281 857 2352; baseline -0.006 -17"><span class='ocrx_word' id='word_1_266' title='bbox 62 2289 191 2352; x_wconf 60' lang='lat' dir='ltr'><strong>exereitum</strong></span> <span class='ocrx_word' id='word_1_267' title='bbox 204 2287 252 2340; x_wconf 86' lang='lat' dir='ltr'><strong>sire</strong></span> <span class='ocrx_word' id='word_1_268' title='bbox 274 2300 299 2338; x_wconf 87' lang='lat' dir='ltr'><strong>se</strong></span> <span class='ocrx_word' id='word_1_269' title='bbox 313 2289 420 2349; x_wconf 80' lang='lat' dir='ltr'><strong>tangam,</strong></span> <span class='ocrx_word' id='word_1_270' title='bbox 442 2284 501 2334; x_wconf 86' lang='lat' dir='ltr'><strong>siout</strong></span> <span class='ocrx_word' id='word_1_271' title='bbox 521 2287 597 2346; x_wconf 80' lang='lat' dir='ltr'><strong>partes</strong></span> <span class='ocrx_word' id='word_1_272' title='bbox 613 2281 704 2343; x_wconf 80' lang='lat' dir='ltr'><strong>aoerri3</strong></span> <span class='ocrx_word' id='word_1_273' title='bbox 718 2281 767 2331; x_wconf 85' lang='lat' dir='ltr'><strong>sire</strong></span> <span class='ocrx_word' id='word_1_274' title='bbox 788 2281 857 2331; x_wconf 77' lang='lat' dir='ltr'><strong>edem</strong></span> 
     </span>
     <span class='ocr_line' id='line_1_32' title="bbox 62 2350 860 2423; baseline -0.01 -15"><span class='ocrx_word' id='word_1_275' title='bbox 62 2360 209 2423; x_wconf 79' lang='lat' dir='ltr'><strong>colligentur,</strong></span> <span class='ocrx_word' id='word_1_276' title='bbox 220 2358 279 2410; x_wconf 86' lang='lat' dir='ltr'><strong>siout</strong></span> <span class='ocrx_word' id='word_1_277' title='bbox 291 2361 366 2422; x_wconf 88' lang='lat' dir='ltr'><strong>partes</strong></span> <span class='ocrx_word' id='word_1_278' title='bbox 384 2357 477 2416; x_wconf 84' lang='lat' dir='ltr'><strong>domus;</strong></span> <span class='ocrx_word' id='word_1_279' title='bbox 492 2353 542 2404; x_wconf 81' lang='lat' dir='ltr'><strong>sire</strong></span> <span class='ocrx_word' id='word_1_280' title='bbox 554 2352 624 2402; x_wconf 67' lang='grc' dir='ltr'>ειιιιιι</span> <span class='ocrx_word' id='word_1_281' title='bbox 635 2351 786 2414; x_wconf 82' lang='lat' dir='ltr'><strong>oondnentar,</strong></span> <span class='ocrx_word' id='word_1_282' title='bbox 800 2350 860 2402; x_wconf 73' lang='lat' dir='ltr'><strong>siem</strong></span> 
     </span>
     <span class='ocr_line' id='line_1_33' title="bbox 63 2422 864 2491; baseline -0.012 -13"><span class='ocrx_word' id='word_1_283' title='bbox 63 2434 142 2491; x_wconf 84' lang='lat' dir='ltr'><strong>partes</strong></span> <span class='ocrx_word' id='word_1_284' title='bbox 153 2430 229 2482; x_wconf 78' lang='lat' dir='ltr'><strong>inse.</strong></span> <span class='ocrx_word' id='word_1_285' title='bbox 249 2429 353 2486; x_wconf 73' lang='lat' dir='ltr'><strong>Quodam</strong></span> <span class='ocrx_word' id='word_1_286' title='bbox 371 2425 426 2476; x_wconf 78' lang='lat' dir='ltr'><strong>vero</strong></span> <span class='ocrx_word' id='word_1_287' title='bbox 440 2425 524 2474; x_wconf 85' lang='lat' dir='ltr'><strong>nabent</strong></span> <span class='ocrx_word' id='word_1_288' title='bbox 538 2422 630 2484; x_wconf 89' lang='lat' dir='ltr'><strong>insuper</strong></span> <span class='ocrx_word' id='word_1_289' title='bbox 644 2422 746 2472; x_wconf 85' lang='lat' dir='ltr'><strong>ordinem</strong></span> <span class='ocrx_word' id='word_1_290' title='bbox 756 2422 864 2484; x_wconf 47' lang='lat' dir='ltr'><strong>aiente.</strong></span> 
     </span>
     <span class='ocr_line' id='line_1_34' title="bbox 65 2490 857 2565; baseline -0.008 -19"><span class='ocrx_word' id='word_1_291' title='bbox 65 2498 126 2549; x_wconf 84' lang='lat' dir='ltr'><strong>sieut</strong></span> <span class='ocrx_word' id='word_1_292' title='bbox 138 2505 215 2565; x_wconf 80' lang='lat' dir='ltr'><strong>partes</strong></span> <span class='ocrx_word' id='word_1_293' title='bbox 229 2497 349 2558; x_wconf 85' lang='lat' dir='ltr'><strong>animalis,</strong></span> <span class='ocrx_word' id='word_1_294' title='bbox 362 2508 456 2560; x_wconf 82' lang='lat' dir='ltr'><strong>querum</strong></span> <span class='ocrx_word' id='word_1_295' title='bbox 470 2493 542 2556; x_wconf 85' lang='lat' dir='ltr'><strong>prima</strong></span> <span class='ocrx_word' id='word_1_296' title='bbox 559 2491 642 2540; x_wconf 73' lang='lat' dir='ltr'><strong>vdtnto</strong></span> <span class='ocrx_word' id='word_1_297' title='bbox 656 2494 691 2541; x_wconf 89' lang='lat' dir='ltr'><strong>est</strong></span> <span class='ocrx_word' id='word_1_298' title='bbox 703 2503 756 2554; x_wconf 67' lang='grc' dir='ltr'><strong>ειη</strong></span> <span class='ocrx_word' id='word_1_299' title='bbox 768 2494 792 2540; x_wconf 89' lang='lat' dir='ltr'><strong>et</strong></span> <span class='ocrx_word' id='word_1_300' title='bbox 804 2490 857 2540; x_wconf 70' lang='lat' dir='ltr'><strong>elia</strong></span> 
     </span>
     <span class='ocr_line' id='line_1_35' title="bbox 64 2561 859 2630; baseline -0.013 -9"><span class='ocrx_word' id='word_1_301' title='bbox 64 2570 260 2630; x_wconf 82' lang='lat' dir='ltr'><strong>quedemordine</strong></span> <span class='ocrx_word' id='word_1_302' title='bbox 278 2566 369 2618; x_wconf 80' lang='lat' dir='ltr'><strong>virtutis</strong></span> <span class='ocrx_word' id='word_1_303' title='bbox 382 2566 513 2630; x_wconf 87' lang='lat' dir='ltr'><strong>dependent</strong></span> <span class='ocrx_word' id='word_1_304' title='bbox 528 2563 557 2612; x_wconf 81' lang='lat' dir='ltr'><strong>alr</strong></span> <span class='ocrx_word' id='word_1_305' title='bbox 576 2561 683 2612; x_wconf 86' lang='lat' dir='ltr'><strong>inrieem.</strong></span> <span class='ocrx_word' id='word_1_306' title='bbox 697 2561 773 2614; x_wconf 80' lang='lat' dir='ltr'><strong>Tertio</strong></span> <span class='ocrx_word' id='word_1_307' title='bbox 792 2561 859 2612; x_wconf 85' lang='lat' dir='ltr'><strong>modo</strong></span> 
     </span>
     <span class='ocr_line' id='line_1_36' title="bbox 66 2618 872 2711; baseline -0.01 -25"><span class='ocrx_word' id='word_1_308' title='bbox 66 2640 197 2693; x_wconf 85' lang='lat' dir='ltr'><strong>ordinantur</strong></span> <span class='ocrx_word' id='word_1_309' title='bbox 210 2640 287 2692; x_wconf 90' lang='lat' dir='ltr'><strong>ordine</strong></span> <span class='ocrx_word' id='word_1_310' title='bbox 307 2637 429 2701; x_wconf 86' lang='lat' dir='ltr'><strong>temporie,</strong></span> <span class='ocrx_word' id='word_1_311' title='bbox 443 2636 504 2688; x_wconf 85' lang='lat' dir='ltr'><strong>sieut</strong></span> <span class='ocrx_word' id='word_1_312' title='bbox 516 2637 592 2698; x_wconf 87' lang='lat' dir='ltr'><strong>partes</strong></span> <span class='ocrx_word' id='word_1_313' title='bbox 609 2632 717 2711; x_wconf 72' lang='lat' dir='ltr'><strong>temporis</strong></span> <span class='ocrx_word' id='word_1_314' title='bbox 736 2636 761 2681; x_wconf 91' lang='lat' dir='ltr'><strong>et</strong></span> <span class='ocrx_word' id='word_1_315' title='bbox 773 2618 872 2711; x_wconf 57' lang='lat' dir='ltr'><strong>protegi„</strong></span> 
     </span>
     <span class='ocr_line' id='line_1_37' title="bbox 65 2703 868 2776; baseline -0.005 -20"><span class='ocrx_word' id='word_1_316' title='bbox 65 2708 145 2762; x_wconf 80' lang='lat' dir='ltr'><strong>Partes</strong></span> <span class='ocrx_word' id='word_1_317' title='bbox 157 2712 225 2776; x_wconf 85' lang='lat' dir='ltr'><strong>igitur</strong></span> <span class='ocrx_word' id='word_1_318' title='bbox 236 2708 375 2774; x_wconf 75' lang='lat' dir='ltr'><strong>penitentie</strong></span> <span class='ocrx_word' id='word_1_319' title='bbox 391 2708 476 2758; x_wconf 81' lang='lat' dir='ltr'><strong>habent</strong></span> <span class='ocrx_word' id='word_1_320' title='bbox 492 2707 522 2757; x_wconf 83' lang='lat' dir='ltr'><strong>ad</strong></span> <span class='ocrx_word' id='word_1_321' title='bbox 537 2704 635 2754; x_wconf 87' lang='lat' dir='ltr'><strong>inrioern</strong></span> <span class='ocrx_word' id='word_1_322' title='bbox 647 2703 749 2773; x_wconf 81' lang='lat' dir='ltr'><strong>ordinem</strong></span> <span class='ocrx_word' id='word_1_323' title='bbox 769 2705 868 2770; x_wconf 75' lang='grc' dir='ltr'><strong>ιιιῑιιιιιι</strong></span> 
     </span>
     <span class='ocr_line' id='line_1_38' title="bbox 66 2771 858 2846; baseline -0.011 -16"><span class='ocrx_word' id='word_1_324' title='bbox 66 2787 92 2830; x_wconf 85' lang='lat' dir='ltr'><strong>er</strong></span> <span class='ocrx_word' id='word_1_325' title='bbox 113 2781 237 2846; x_wconf 82' lang='lat' dir='ltr'><strong>temporis,</strong></span> <span class='ocrx_word' id='word_1_326' title='bbox 258 2779 310 2845; x_wconf 86' lang='lat' dir='ltr'><strong>quia</strong></span> <span class='ocrx_word' id='word_1_327' title='bbox 331 2783 384 2829; x_wconf 86' lang='lat' dir='ltr'><strong>sunt</strong></span> <span class='ocrx_word' id='word_1_328' title='bbox 402 2783 482 2843; x_wconf 82' lang='lat' dir='ltr'><strong>aetus3</strong></span> <span class='ocrx_word' id='word_1_329' title='bbox 503 2789 551 2830; x_wconf 88' lang='lat' dir='ltr'><strong>non</strong></span> <span class='ocrx_word' id='word_1_330' title='bbox 572 2778 648 2827; x_wconf 70' lang='grc' dir='ltr'>ιιιιωιιι</span> <span class='ocrx_word' id='word_1_331' title='bbox 664 2774 765 2824; x_wconf 83' lang='lat' dir='ltr'><strong>ordinem</strong></span> <span class='ocrx_word' id='word_1_332' title='bbox 786 2771 858 2835; x_wconf 83' lang='lat' dir='ltr'><strong>sitas,</strong></span> 
     </span>
     <span class='ocr_line' id='line_1_39' title="bbox 66 2850 431 2916; baseline 0 -16"><span class='ocrx_word' id='word_1_333' title='bbox 66 2851 121 2913; x_wconf 80' lang='lat' dir='ltr'><strong>gnie</strong></span> <span class='ocrx_word' id='word_1_334' title='bbox 133 2866 177 2906; x_wconf 92' lang='lat' dir='ltr'><strong>non</strong></span> <span class='ocrx_word' id='word_1_335' title='bbox 189 2851 272 2902; x_wconf 80' lang='lat' dir='ltr'><strong>darent</strong></span> <span class='ocrx_word' id='word_1_336' title='bbox 287 2850 431 2916; x_wconf 83' lang='lat' dir='ltr'><strong>positionem.</strong></span> 
     </span>
    </p>
   </div>
   <div class='ocr_carea' id='block_1_3' title="bbox 0 0 987 3284">
    <p class='ocr_par' dir='ltr' id='par_1_6' title="bbox 0 0 987 3284">
     <span class='ocr_line' id='line_1_40' title="bbox 0 0 987 3284; baseline 0 0"><span class='ocrx_word' id='word_1_337' title='bbox 0 0 987 3284; x_wconf 95' lang='lat' dir='ltr'><strong> </strong></span> 
     </span>
    </p>
   </div>
  </div>
 </body>
</html>
