1942 3284
234 163 268 199 nn
282 162 389 201 macru
404 163 619 203 sacramenrorum.
800 158 832 205 bt

45 230 102 283 torma
117 234 201 287 babens
217 253 269 288 esce
284 240 422 302 completum
437 239 462 288 iu
476 253 517 300 ea,
530 242 646 291 character
665 242 743 292 autem
758 246 793 293 est
805 242 831 293 iu

49 304 107 356 aalma
121 308 179 358 sicut
194 310 297 371 quadam
315 311 386 359 virtus
402 311 600 375 instrumentalis,
614 316 640 361 ut
658 312 727 377 supra
742 312 832 363 dictum

50 381 76 426 cst
87 378 140 441 (art
151 382 193 442 2).
207 382 288 431 Forma
298 386 375 432 antem
388 381 502 446 completa
512 387 547 433 est
557 382 581 433 in
592 382 696 445 subjecto
706 383 832 435 secundum

47 450 182 501 mndilionem
192 453 306 517 subjecti3
320 457 344 503 et
356 453 410 516 quia
427 453 503 503 anima
519 459 554 505 est
575 454 690 505 mutabilis
708 454 832 505 secundirm

46 518 126 571 lberam
135 524 251 573 arbitrium
261 560 269 587 ‚
278 525 388 589 quamdiu
397 530 434 574 est
445 525 470 574 in
488 529 548 575 statu
559 526 628 587 nita,
644 540 784 589 consequens
797 529 834 582 est

45 591 93 652 dudd
103 596 174 655 gratia
184 596 241 645 insit
253 596 336 646 animae
348 595 494 662 mutabiliter.
507 598 552 647 Sed
566 597 638 647 uirtus
652 598 831 649 instrumentalis

45 662 104 724 abab
119 667 243 717 attenditur
259 668 385 717 secundnm
403 667 558 718 conditionem
574 668 706 733 principalis
725 668 830 733 agentis;

46 735 65 780 et
75 734 116 785 ideo
133 739 251 788 character
270 738 421 790 indelebiliter
435 738 497 789 inest
515 740 612 801 anima,
628 754 673 790 non
688 746 781 804 propter
795 740 832 791 sui

45 804 206 871 mastonem,
222 810 263 859 sed
277 814 370 873 propter
390 810 553 874 perlectionem
569 812 689 862 sacerdotii
703 812 802 875 Christi,
817 812 831 863 a

45 888 79 938 om
92 878 202 930 derivatur
212 883 343 943 character,
358 881 419 931 sicut
434 882 539 945 quadam
552 882 732 933 instrumentalis
750 884 831 934 virtus.

70 949 100 998 ld
110 954 234 1003 secundum
248 952 384 1014 dicendum,
399 953 474 1017 qubd,
489 954 548 1004 sicut
564 954 703 1018 Augustinus
717 954 771 1005 dicit
787 955 833 1005 ihi·

45 1019 101 1070 dem:
112 1040 125 1070 a
135 1025 182 1074 Nec
194 1025 259 1088 ipsos
268 1028 384 1088 apostatas
394 1025 496 1075 ridemus
507 1038 584 1075 carere
593 1026 740 1089 baptismate,
748 1026 832 1089 quibus

44 1092 108 1155 ullane
119 1109 160 1158 per
172 1095 334 1159 poeniteutiam
353 1097 501 1146 redeuntibus
515 1110 561 1147 uon
584 1096 725 1160 restituitnr3
741 1101 764 1147 et
779 1098 832 1148 ideo

45 1163 102 1213 amati
112 1179 156 1217 non
165 1180 238 1231 posse
246 1167 371 1227 iudicatur.
383 1184 398 1216 a
412 1170 442 1217 Et
450 1169 520 1231 hujus
529 1167 587 1218 ratio
599 1171 642 1229 est,
654 1168 707 1232 quia
717 1168 834 1219 character

44 1237 71 1282 est
83 1236 150 1288 uirtus
167 1238 372 1293 instrumentalis,
389 1243 415 1288 nt
425 1238 511 1289 dictum
526 1244 569 1289 est.
585 1240 651 1291 Ratio
660 1244 736 1289 autem
748 1240 833 1291 instru-

46 1309 103 1357 rant
110 1310 212 1360 consistit
221 1310 247 1359 in
257 1312 302 1360 hoc
313 1309 374 1374 quod
385 1310 413 1360 ab
424 1311 469 1360 alio
479 1312 606 1375 moveatur,
615 1324 661 1361 non
672 1311 781 1369 autemjin
789 1312 834 1362 hoc

46 1379 176 1443 semipsum
190 1395 219 1431 se
230 1385 333 1443 moveat3
346 1382 407 1444 quod
419 1382 517 1445 pertinet
531 1383 558 1432 ad
572 1382 722 1432 voluntatem.
733 1382 761 1431 Et
771 1382 830 1445 iden,

47 1454 238 1517 mmhmcumque
253 1452 363 1502 voluutas
377 1456 496 1502 moneatur
509 1453 533 1502 in
548 1453 700 1517 contrarium,
718 1452 835 1503 character

49 1529 234 1587 annueretur,
247 1528 342 1587 propter
360 1523 541 1575 immobilitatem
561 1524 693 1588 principalis
710 1524 833 1575 moventis.

75 1590 205 1646 Alternum
228 1595 368 1658 dicendum,
386 1593 461 1659 qubd,
483 1592 587 1658 quamvis
610 1597 663 1657 post
683 1597 744 1645 hanc
761 1594 835 1645 vitam

51 1670 204 1718 marmenem
220 1666 321 1716 exterior
333 1668 423 1727 cultus,
437 1670 541 1716 remanet
555 1669 632 1715 tamen
646 1664 699 1717 lunis
711 1666 772 1715 illius
785 1666 833 1715 cul·

51 1732 84 1781 tus.
96 1736 120 1786 Et
130 1739 183 1790 ideo
196 1774 204 1798 ‚
220 1742 273 1801 post
287 1740 347 1787 hanc
358 1739 429 1788 vitam
442 1741 546 1788 remanet
555 1739 679 1801 character,
690 1740 713 1788 et
725 1738 749 1785 in
758 1737 832 1802 bonis,

48 1804 144 1859 altorum
155 1811 273 1875 gloriam,
286 1814 310 1860 et
324 1810 444 1871 inmotis,
457 1811 486 1860 ad
503 1824 580 1861 eorum
594 1809 757 1873 ignominiam,
776 1809 836 1860 sicut

49 1875 101 1927 aban
117 1882 227 1932 militaris
241 1884 358 1932 character
375 1886 476 1932 remanet
495 1882 519 1932 in
538 1881 647 1932 militibus
662 1885 713 1945 post
727 1882 834 1944 adeptam

48 1946 163 2015 udonem,
177 1960 203 2003 et
215 1952 242 2002 in
258 1952 294 2003 his
307 1953 349 2016 qui
361 1952 465 2003 uicerunt
484 1955 512 2003 ad
533 1952 642 2017 gloriam,
659 1956 682 2003 et
695 1952 720 2001 in
739 1953 776 2001 his
796 1950 836 2016 qui

48 2026 89 2069 mut
98 2023 150 2074 victi
158 2062 168 2089 ,
178 2026 209 2075 ad
225 2038 326 2087 poenam.

324 2202 486 2254 latitamus
501 2205 539 2255 vl.

78 2325 159 2373 aarum
172 2329 310 2386 peremnia
323 2332 475 2373 sacramenta
489 2342 554 2375 norrea
568 2328 626 2386 tepla
639 2330 794 2385 inebriaretur

370 2391 501 2437 character.

70 2514 99 2563 ld
111 2522 201 2567 sextum
216 2519 249 2569 sic
262 2517 394 2581 proceditur
410 2519 452 2578 (1).
467 2517 561 2568 Videtur
577 2518 636 2583 qubd
649 2530 688 2582 per
705 2520 780 2569 omnia
796 2532 834 2569 sa-

50 2592 146 2637 cruenta
158 2603 227 2640 norae
244 2589 307 2651 legis
324 2588 465 2650 imprimatur
477 2590 601 2639 character.
616 2592 660 2639 Per
678 2589 753 2639 omnia
774 2590 837 2641 enim

50 2661 175 2710 manente
189 2674 257 2712 nonae
276 2658 336 2723 legis
349 2660 374 2707 lit
388 2660 468 2724 aliquis
481 2662 595 2725 particeps
610 2658 728 2712 sacerdotii
744 2661 835 2713 Christi.

17 2859 18 2884 ,
75 2815 102 2879 ti]
114 2823 144 2867 lte
152 2825 188 2870 his
198 2825 273 2869 etiam
282 2820 355 2877 intra,
366 2833 405 2876 qu.
415 2823 454 2881 72,
466 2832 510 2873 art.
522 2824 548 2877 5;
567 2830 590 2869 et
600 2826 642 2881 lv,
654 2824 732 2873 Seot„
742 2825 796 2869 dist.
808 2822 834 2881 t,

52 2886 79 2929 ti·
88 2880 108 2941 1,
118 2892 161 2931 art.
169 2886 197 2946 4,
208 2886 355 2944 questiunc.
366 2884 413 2930 het
422 2886 445 2945 3,
456 2893 479 2932 et
488 2901 528 2945 qu.
540 2887 564 2947 3,
572 2892 616 2933 art.
626 2888 650 2945 2,
660 2888 797 2942 quaestiunc.
809 2884 833 2938 33
