<?xml version="1.0" encoding="UTF-8"?>
<!DOCTYPE html PUBLIC "-//W3C//DTD XHTML 1.0 Transitional//EN"
    "http://www.w3.org/TR/xhtml1/DTD/xhtml1-transitional.dtd">
<html xmlns="http://www.w3.org/1999/xhtml" xml:lang="en" lang="en">
 <head>
  <title>
</title>
<meta http-equiv="Content-Type" content="text/html;charset=utf-8" />
  <meta name='ocr-system' content='tesseract 3.04.00' />
  <meta name='ocr-capabilities' content='ocr_page ocr_carea ocr_par ocr_line ocrx_word'/>
</head>
<body>
  <div class='ocr_page' id='page_1' title='image "./summatheologica01nicogoog_0367.png"; bbox 0 0 1942 3284; ppageno 0'>
   <div class='ocr_carea' id='block_1_1' title="bbox 176 127 1523 172">
    <p class='ocr_par' dir='ltr' id='par_1_1' title="bbox 176 127 1523 172">
     <span class='ocr_line' id='line_1_1' title="bbox 176 127 1523 172; baseline 0 -1"><span class='ocrx_word' id='word_1_1' title='bbox 176 134 236 171; x_wconf 76' lang='lat' dir='ltr'>DE</span> <span class='ocrx_word' id='word_1_2' title='bbox 265 132 550 172; x_wconf 66' lang='lat' dir='ltr'>macrinus</span> <span class='ocrx_word' id='word_1_3' title='bbox 583 132 887 171; x_wconf 64' lang='lat' dir='ltr'>uelint-:Nn</span> <span class='ocrx_word' id='word_1_4' title='bbox 918 132 1268 171; x_wconf 62' lang='lat' dir='ltr'>nucmlsnm.</span> <span class='ocrx_word' id='word_1_5' title='bbox 1439 127 1523 171; x_wconf 67' lang='lat'>351</span> 
     </span>
    </p>
   </div>
   <div class='ocr_carea' id='block_1_2' title="bbox 0 208 1531 1277">
    <p class='ocr_par' dir='ltr' id='par_1_2' title="bbox 0 208 1531 917">
     <span class='ocr_line' id='line_1_2' title="bbox 0 208 1531 273; baseline 0.001 -12"><span class='ocrx_word' id='word_1_6' title='bbox 0 211 49 261; x_wconf 75' lang='lat' dir='ltr'>td</span> <span class='ocrx_word' id='word_1_7' title='bbox 82 210 335 261; x_wconf 85' lang='lat' dir='ltr'>secundum</span> <span class='ocrx_word' id='word_1_8' title='bbox 364 209 605 261; x_wconf 89' lang='lat' dir='ltr'>dicendum</span> <span class='ocrx_word' id='word_1_9' title='bbox 623 247 638 273; x_wconf 91' lang='lat'>,</span> <span class='ocrx_word' id='word_1_10' title='bbox 658 208 780 273; x_wconf 82' lang='lat' dir='ltr'>quod</span> <span class='ocrx_word' id='word_1_11' title='bbox 806 208 922 260; x_wconf 85' lang='lat' dir='ltr'>sicut</span> <span class='ocrx_word' id='word_1_12' title='bbox 947 208 1102 273; x_wconf 84' lang='lat' dir='ltr'>passio</span> <span class='ocrx_word' id='word_1_13' title='bbox 1129 208 1298 262; x_wconf 81' lang='lat' dir='ltr'><strong>Christi</strong></span> <span class='ocrx_word' id='word_1_14' title='bbox 1329 222 1419 261; x_wconf 89' lang='lat' dir='ltr'>nou</span> <span class='ocrx_word' id='word_1_15' title='bbox 1451 215 1531 263; x_wconf 67' lang='lat' dir='ltr'>ha-</span> 
     </span>
     <span class='ocr_line' id='line_1_3' title="bbox 19 279 1531 343; baseline 0.001 -13"><span class='ocrx_word' id='word_1_16' title='bbox 19 294 159 331; x_wconf 90' lang='lat' dir='ltr'>suum</span> <span class='ocrx_word' id='word_1_17' title='bbox 183 280 390 331; x_wconf 79' lang='lat' dir='ltr'>effectum</span> <span class='ocrx_word' id='word_1_18' title='bbox 425 281 475 329; x_wconf 91' lang='lat' dir='ltr'>in</span> <span class='ocrx_word' id='word_1_19' title='bbox 500 280 572 330; x_wconf 87' lang='lat' dir='ltr'>his</span> <span class='ocrx_word' id='word_1_20' title='bbox 599 279 677 343; x_wconf 90' lang='lat' dir='ltr'>qui</span> <span class='ocrx_word' id='word_1_21' title='bbox 708 292 757 330; x_wconf 85' lang='lat' dir='ltr'>se</span> <span class='ocrx_word' id='word_1_22' title='bbox 786 280 843 329; x_wconf 84' lang='lat' dir='ltr'>ad</span> <span class='ocrx_word' id='word_1_23' title='bbox 874 292 974 329; x_wconf 84' lang='lat' dir='ltr'>eam</span> <span class='ocrx_word' id='word_1_24' title='bbox 997 293 1092 331; x_wconf 91' lang='lat' dir='ltr'>non</span> <span class='ocrx_word' id='word_1_25' title='bbox 1130 280 1329 342; x_wconf 83' lang='lat' dir='ltr'>habent,</span> <span class='ocrx_word' id='word_1_26' title='bbox 1356 284 1410 331; x_wconf 89' lang='lat' dir='ltr'>ut</span> <span class='ocrx_word' id='word_1_27' title='bbox 1443 283 1531 331; x_wconf 68' lang='lat' dir='ltr'>de-</span> 
     </span>
     <span class='ocr_line' id='line_1_4' title="bbox 0 352 1523 417; baseline -0.001 -16"><span class='ocrx_word' id='word_1_28' title='bbox 0 358 53 414; x_wconf 94' lang='lat' dir='ltr'>t,</span> <span class='ocrx_word' id='word_1_29' title='bbox 85 353 154 403; x_wconf 85' lang='lat' dir='ltr'>ita</span> <span class='ocrx_word' id='word_1_30' title='bbox 184 357 230 403; x_wconf 89' lang='lat' dir='ltr'>et</span> <span class='ocrx_word' id='word_1_31' title='bbox 253 366 336 417; x_wconf 90' lang='lat' dir='ltr'>per</span> <span class='ocrx_word' id='word_1_32' title='bbox 360 354 448 403; x_wconf 87' lang='lat' dir='ltr'>hoc</span> <span class='ocrx_word' id='word_1_33' title='bbox 481 355 811 402; x_wconf 84' lang='lat' dir='ltr'>sacramentum</span> <span class='ocrx_word' id='word_1_34' title='bbox 840 365 932 402; x_wconf 90' lang='lat' dir='ltr'>non</span> <span class='ocrx_word' id='word_1_35' title='bbox 966 352 1280 417; x_wconf 82' lang='lat' dir='ltr'>adipiscuntur</span> <span class='ocrx_word' id='word_1_36' title='bbox 1306 352 1491 414; x_wconf 53' lang='lat' dir='ltr'>glorian*</span> <span class='ocrx_word' id='word_1_37' title='bbox 1515 395 1523 415; x_wconf 79' lang='lat'>‚</span> 
     </span>
     <span class='ocr_line' id='line_1_5' title="bbox 8 421 1527 489; baseline -0.001 -16"><span class='ocrx_word' id='word_1_38' title='bbox 8 424 284 475; x_wconf 75' lang='lat' dir='ltr'>indecenter</span> <span class='ocrx_word' id='word_1_39' title='bbox 303 422 454 487; x_wconf 86' lang='lat' dir='ltr'>ipsum</span> <span class='ocrx_word' id='word_1_40' title='bbox 478 421 751 489; x_wconf 71' lang='lat' dir='ltr'>suscipiunt.</span> <span class='ocrx_word' id='word_1_41' title='bbox 783 422 912 473; x_wconf 87' lang='lat' dir='ltr'>Unde</span> <span class='ocrx_word' id='word_1_42' title='bbox 934 423 1213 488; x_wconf 82' lang='lat' dir='ltr'>Augustinus</span> <span class='ocrx_word' id='word_1_43' title='bbox 1241 423 1351 473; x_wconf 87' lang='lat' dir='ltr'>dicit</span> <span class='ocrx_word' id='word_1_44' title='bbox 1371 438 1527 487; x_wconf 46' lang='lat' dir='ltr'>suppa·</span> 
     </span>
     <span class='ocr_line' id='line_1_6' title="bbox 0 495 1523 560; baseline 0.001 -14"><span class='ocrx_word' id='word_1_45' title='bbox 0 513 83 557; x_wconf 56' lang='lat' dir='ltr'>&#39;n.,</span> <span class='ocrx_word' id='word_1_46' title='bbox 103 509 345 560; x_wconf 83' lang='lat' dir='ltr'>exponens</span> <span class='ocrx_word' id='word_1_47' title='bbox 369 495 448 545; x_wconf 89' lang='lat' dir='ltr'>illa</span> <span class='ocrx_word' id='word_1_48' title='bbox 466 496 635 545; x_wconf 82' lang='lat' dir='ltr'>verba:</span> <span class='ocrx_word' id='word_1_49' title='bbox 664 513 691 543; x_wconf 89' lang='lat'>«</span> <span class='ocrx_word' id='word_1_50' title='bbox 708 495 836 546; x_wconf 82' lang='lat' dir='ltr'>Aliud</span> <span class='ocrx_word' id='word_1_51' title='bbox 863 499 933 545; x_wconf 90' lang='lat' dir='ltr'>est</span> <span class='ocrx_word' id='word_1_52' title='bbox 955 503 1311 559; x_wconf 84' lang='lat' dir='ltr'>sacramentum,</span> <span class='ocrx_word' id='word_1_53' title='bbox 1332 500 1377 547; x_wconf 91' lang='lat' dir='ltr'>et</span> <span class='ocrx_word' id='word_1_54' title='bbox 1406 499 1523 547; x_wconf 74' lang='lat' dir='ltr'>aliu-d</span> 
     </span>
     <span class='ocr_line' id='line_1_7' title="bbox 2 567 1519 633; baseline 0.001 -15"><span class='ocrx_word' id='word_1_55' title='bbox 2 584 55 619; x_wconf 92' lang='lat' dir='ltr'>us</span> <span class='ocrx_word' id='word_1_56' title='bbox 87 568 434 631; x_wconf 82' lang='lat' dir='ltr'>sacramenti,»</span> <span class='ocrx_word' id='word_1_57' title='bbox 468 567 639 632; x_wconf 84' lang='lat' dir='ltr'>(Tract.</span> <span class='ocrx_word' id='word_1_58' title='bbox 662 568 762 630; x_wconf 87' lang='lat' dir='ltr'>XX)</span> <span class='ocrx_word' id='word_1_59' title='bbox 791 584 802 616; x_wconf 78' lang='lat' dir='ltr'><strong><em>z</em></strong></span> <span class='ocrx_word' id='word_1_60' title='bbox 837 585 865 615; x_wconf 87' lang='lat'>«</span> <span class='ocrx_word' id='word_1_61' title='bbox 883 568 1014 617; x_wconf 89' lang='lat' dir='ltr'>Multi</span> <span class='ocrx_word' id='word_1_62' title='bbox 1037 569 1092 618; x_wconf 91' lang='lat' dir='ltr'>de</span> <span class='ocrx_word' id='word_1_63' title='bbox 1113 568 1243 617; x_wconf 84' lang='lat' dir='ltr'>altari</span> <span class='ocrx_word' id='word_1_64' title='bbox 1271 568 1519 633; x_wconf 72' lang='lat' dir='ltr'>accipiunt,</span> 
     </span>
     <span class='ocr_line' id='line_1_8' title="bbox 2 640 1527 704; baseline -0.001 -15"><span class='ocrx_word' id='word_1_65' title='bbox 2 640 279 703; x_wconf 88' lang='lat' dir='ltr'>accipiendo</span> <span class='ocrx_word' id='word_1_66' title='bbox 314 640 595 702; x_wconf 74' lang='lat' dir='ltr'>moriuntur-3</span> <span class='ocrx_word' id='word_1_67' title='bbox 629 651 792 703; x_wconf 85' lang='lat' dir='ltr'>panem</span> <span class='ocrx_word' id='word_1_68' title='bbox 826 653 934 704; x_wconf 82' lang='lat' dir='ltr'>ergo</span> <span class='ocrx_word' id='word_1_69' title='bbox 968 640 1198 689; x_wconf 70' lang='lat' dir='ltr'>coelestom</span> <span class='ocrx_word' id='word_1_70' title='bbox 1230 640 1527 704; x_wconf 58' lang='lat' dir='ltr'>spiritualim-</span> 
     </span>
     <span class='ocr_line' id='line_1_9' title="bbox 0 711 1523 776; baseline -0.001 -16"><span class='ocrx_word' id='word_1_71' title='bbox 0 713 215 774; x_wconf 74' lang='lat' dir='ltr'>iducate‚</span> <span class='ocrx_word' id='word_1_72' title='bbox 246 711 559 762; x_wconf 82' lang='lat' dir='ltr'>innocentiam</span> <span class='ocrx_word' id='word_1_73' title='bbox 586 712 641 760; x_wconf 90' lang='lat' dir='ltr'>ad</span> <span class='ocrx_word' id='word_1_74' title='bbox 664 711 801 762; x_wconf 84' lang='lat' dir='ltr'>altare</span> <span class='ocrx_word' id='word_1_75' title='bbox 828 713 1079 776; x_wconf 85' lang='lat' dir='ltr'>apportate.</span> <span class='ocrx_word' id='word_1_76' title='bbox 1117 727 1145 758; x_wconf 89' lang='lat'>»</span> <span class='ocrx_word' id='word_1_77' title='bbox 1175 711 1302 761; x_wconf 90' lang='lat' dir='ltr'>Unde</span> <span class='ocrx_word' id='word_1_78' title='bbox 1331 723 1423 761; x_wconf 86' lang='lat' dir='ltr'>non</span> <span class='ocrx_word' id='word_1_79' title='bbox 1455 719 1523 762; x_wconf 44' lang='grc' dir='ltr'>[κε-1</span> 
     </span>
     <span class='ocr_line' id='line_1_10' title="bbox 2 781 1527 847; baseline -0.001 -15"><span class='ocrx_word' id='word_1_80' title='bbox 2 798 79 833; x_wconf 90' lang='lat' dir='ltr'>um</span> <span class='ocrx_word' id='word_1_81' title='bbox 104 785 147 834; x_wconf 88' lang='lat' dir='ltr'>si</span> <span class='ocrx_word' id='word_1_82' title='bbox 175 782 243 833; x_wconf 86' lang='lat' dir='ltr'>illi</span> <span class='ocrx_word' id='word_1_83' title='bbox 262 783 340 847; x_wconf 88' lang='lat' dir='ltr'>qni</span> <span class='ocrx_word' id='word_1_84' title='bbox 363 782 672 833; x_wconf 84' lang='lat' dir='ltr'>innocentiam</span> <span class='ocrx_word' id='word_1_85' title='bbox 701 796 791 835; x_wconf 90' lang='lat' dir='ltr'>non</span> <span class='ocrx_word' id='word_1_86' title='bbox 812 785 1028 843; x_wconf 81' lang='lat' dir='ltr'>servant,</span> <span class='ocrx_word' id='word_1_87' title='bbox 1054 781 1269 832; x_wconf 84' lang='lat' dir='ltr'>effectum</span> <span class='ocrx_word' id='word_1_88' title='bbox 1295 782 1435 847; x_wconf 72' lang='lat' dir='ltr'>hujus</span> <span class='ocrx_word' id='word_1_89' title='bbox 1455 799 1527 835; x_wconf 72' lang='lat' dir='ltr'>sn-</span> 
     </span>
     <span class='ocr_line' id='line_1_11' title="bbox 0 856 655 917; baseline -0.003 -13"><span class='ocrx_word' id='word_1_90' title='bbox 0 856 141 906; x_wconf 86' lang='lat' dir='ltr'>nenti</span> <span class='ocrx_word' id='word_1_91' title='bbox 171 868 264 906; x_wconf 90' lang='lat' dir='ltr'>non</span> <span class='ocrx_word' id='word_1_92' title='bbox 299 858 655 917; x_wconf 86' lang='lat' dir='ltr'>consequuntur.</span> 
     </span>
    </p>

    <p class='ocr_par' dir='ltr' id='par_1_3' title="bbox 0 924 1519 1277">
     <span class='ocr_line' id='line_1_12' title="bbox 0 924 1519 989; baseline -0.003 -13"><span class='ocrx_word' id='word_1_93' title='bbox 0 928 38 977; x_wconf 44' lang='lat' dir='ltr'>id</span> <span class='ocrx_word' id='word_1_94' title='bbox 70 927 263 977; x_wconf 85' lang='lat' dir='ltr'>tertium</span> <span class='ocrx_word' id='word_1_95' title='bbox 295 924 563 988; x_wconf 89' lang='lat' dir='ltr'>dicendum,</span> <span class='ocrx_word' id='word_1_96' title='bbox 589 924 709 989; x_wconf 76' lang='lat' dir='ltr'>quod</span> <span class='ocrx_word' id='word_1_97' title='bbox 737 925 823 974; x_wconf 86' lang='lat' dir='ltr'>hoc</span> <span class='ocrx_word' id='word_1_98' title='bbox 859 924 982 988; x_wconf 80' lang='lat' dir='ltr'>quod</span> <span class='ocrx_word' id='word_1_99' title='bbox 1010 925 1221 975; x_wconf 87' lang='lat' dir='ltr'>Christus</span> <span class='ocrx_word' id='word_1_100' title='bbox 1249 926 1333 976; x_wconf 88' lang='lat' dir='ltr'>sub</span> <span class='ocrx_word' id='word_1_101' title='bbox 1371 926 1519 975; x_wconf 66' lang='lat' dir='ltr'>aliena</span> 
     </span>
     <span class='ocr_line' id='line_1_13' title="bbox 0 995 1518 1060; baseline -0.004 -12"><span class='ocrx_word' id='word_1_102' title='bbox 0 999 59 1048; x_wconf 82' lang='lat' dir='ltr'>:ie</span> <span class='ocrx_word' id='word_1_103' title='bbox 88 998 316 1056; x_wconf 87' lang='lat' dir='ltr'>sumitur,</span> <span class='ocrx_word' id='word_1_104' title='bbox 339 995 537 1060; x_wconf 85' lang='lat' dir='ltr'>pertinet</span> <span class='ocrx_word' id='word_1_105' title='bbox 564 997 620 1045; x_wconf 85' lang='lat' dir='ltr'>ad</span> <span class='ocrx_word' id='word_1_106' title='bbox 639 995 861 1046; x_wconf 86' lang='lat' dir='ltr'>rationem</span> <span class='ocrx_word' id='word_1_107' title='bbox 886 995 1176 1057; x_wconf 81' lang='lat' dir='ltr'>sacramenti,</span> <span class='ocrx_word' id='word_1_108' title='bbox 1196 996 1317 1060; x_wconf 88' lang='lat' dir='ltr'>quod</span> <span class='ocrx_word' id='word_1_109' title='bbox 1344 996 1518 1047; x_wconf 74' lang='lat' dir='ltr'>instru-</span> 
     </span>
     <span class='ocr_line' id='line_1_14' title="bbox 0 1066 1519 1132; baseline -0.003 -13"><span class='ocrx_word' id='word_1_110' title='bbox 0 1069 178 1120; x_wconf 83' lang='lat' dir='ltr'>1taliter</span> <span class='ocrx_word' id='word_1_111' title='bbox 194 1067 312 1132; x_wconf 85' lang='lat' dir='ltr'>agit.</span> <span class='ocrx_word' id='word_1_112' title='bbox 346 1067 471 1117; x_wconf 83' lang='lat' dir='ltr'>Nihil</span> <span class='ocrx_word' id='word_1_113' title='bbox 502 1071 656 1117; x_wconf 86' lang='lat' dir='ltr'>autem</span> <span class='ocrx_word' id='word_1_114' title='bbox 682 1066 893 1131; x_wconf 87' lang='lat' dir='ltr'>prohibet</span> <span class='ocrx_word' id='word_1_115' title='bbox 918 1080 1101 1117; x_wconf 84' lang='lat' dir='ltr'>causam</span> <span class='ocrx_word' id='word_1_116' title='bbox 1130 1066 1519 1119; x_wconf 70' lang='lat' dir='ltr'>instrumentatem</span> 
     </span>
     <span class='ocr_line' id='line_1_15' title="bbox 0 1137 1515 1205; baseline -0.003 -14"><span class='ocrx_word' id='word_1_117' title='bbox 0 1142 169 1193; x_wconf 80' lang='lat' dir='ltr'>ducere</span> <span class='ocrx_word' id='word_1_118' title='bbox 189 1140 415 1205; x_wconf 86' lang='lat' dir='ltr'>potiorem</span> <span class='ocrx_word' id='word_1_119' title='bbox 442 1139 670 1204; x_wconf 76' lang='lat' dir='ltr'>effectum,</span> <span class='ocrx_word' id='word_1_120' title='bbox 700 1142 753 1189; x_wconf 93' lang='lat' dir='ltr'>ut</span> <span class='ocrx_word' id='word_1_121' title='bbox 775 1152 834 1190; x_wconf 82' lang='lat' dir='ltr'>ex</span> <span class='ocrx_word' id='word_1_122' title='bbox 849 1138 986 1203; x_wconf 78' lang='lat' dir='ltr'>supra</span> <span class='ocrx_word' id='word_1_123' title='bbox 1002 1137 1134 1189; x_wconf 86' lang='lat' dir='ltr'>dictis</span> <span class='ocrx_word' id='word_1_124' title='bbox 1158 1142 1286 1203; x_wconf 90' lang='lat' dir='ltr'>patet</span> <span class='ocrx_word' id='word_1_125' title='bbox 1311 1139 1412 1203; x_wconf 83' lang='lat' dir='ltr'>(qu.</span> <span class='ocrx_word' id='word_1_126' title='bbox 1439 1143 1515 1195; x_wconf 72' lang='grc' dir='ltr'>Ἠ,</span> 
     </span>
     <span class='ocr_line' id='line_1_16' title="bbox 19 1214 268 1277; baseline 0.004 -15"><span class='ocrx_word' id='word_1_127' title='bbox 19 1218 75 1276; x_wconf 82' lang='grc'>3,</span> <span class='ocrx_word' id='word_1_128' title='bbox 108 1215 170 1265; x_wconf 90' lang='lat' dir='ltr'>ad</span> <span class='ocrx_word' id='word_1_129' title='bbox 197 1214 268 1277; x_wconf 79' lang='lat'>3).</span> 
     </span>
    </p>
   </div>
   <div class='ocr_carea' id='block_1_3' title="bbox 503 1319 930 1400">
    <p class='ocr_par' dir='ltr' id='par_1_4' title="bbox 503 1319 930 1400">
     <span class='ocr_line' id='line_1_17' title="bbox 503 1319 930 1400; baseline -0.002 -30"><span class='ocrx_word' id='word_1_130' title='bbox 503 1319 821 1400; x_wconf 49' lang='lat' dir='ltr'>ARTQCULUS</span> <span class='ocrx_word' id='word_1_131' title='bbox 846 1320 930 1370; x_wconf 89' lang='lat'>111.</span> 
     </span>
    </p>
   </div>
   <div class='ocr_carea' id='block_1_4' title="bbox 31 1449 1414 1558">
    <p class='ocr_par' dir='ltr' id='par_1_5' title="bbox 31 1449 1414 1558">
     <span class='ocr_line' id='line_1_18' title="bbox 31 1449 1414 1558; baseline -0.003 -60"><span class='ocrx_word' id='word_1_132' title='bbox 31 1453 209 1499; x_wconf 72' lang='lat' dir='ltr'>Utritm</span> <span class='ocrx_word' id='word_1_133' title='bbox 226 1451 419 1508; x_wconf 74' lang='lat' dir='ltr'>effectus</span> <span class='ocrx_word' id='word_1_134' title='bbox 438 1450 579 1507; x_wconf 68' lang='lat' dir='ltr'>hujtts</span> <span class='ocrx_word' id='word_1_135' title='bbox 597 1451 887 1558; x_wconf 49' lang='lat' dir='ltr'>sacranzemi</span> <span class='ocrx_word' id='word_1_136' title='bbox 906 1451 969 1495; x_wconf 78' lang='lat' dir='ltr'>sit</span> <span class='ocrx_word' id='word_1_137' title='bbox 995 1449 1212 1495; x_wconf 73' lang='lat' dir='ltr'>remissio</span> <span class='ocrx_word' id='word_1_138' title='bbox 1237 1453 1414 1507; x_wconf 70' lang='lat' dir='ltr'>peccati</span> 
     </span>
     <span class='ocr_line' id='line_1_19' title="bbox 609 1514 842 1558; baseline 0 0"><span class='ocrx_word' id='word_1_139' title='bbox 609 1518 762 1558; x_wconf 73' lang='lat' dir='ltr'>morta</span> <span class='ocrx_word' id='word_1_140' title='bbox 788 1514 842 1558; x_wconf 74' lang='lat' dir='ltr'>is.</span> 
     </span>
    </p>
   </div>
   <div class='ocr_carea' id='block_1_5' title="bbox 0 1647 1535 2650">
    <p class='ocr_par' dir='ltr' id='par_1_6' title="bbox 0 1647 1527 2003">
     <span class='ocr_line' id='line_1_20' title="bbox 0 1647 1517 1714; baseline -0.007 -11"><span class='ocrx_word' id='word_1_141' title='bbox 0 1654 44 1703; x_wconf 77' lang='lat' dir='ltr'>td</span> <span class='ocrx_word' id='word_1_142' title='bbox 72 1652 262 1703; x_wconf 84' lang='lat' dir='ltr'>tertium</span> <span class='ocrx_word' id='word_1_143' title='bbox 293 1650 360 1700; x_wconf 87' lang='lat' dir='ltr'>sic</span> <span class='ocrx_word' id='word_1_144' title='bbox 385 1649 661 1714; x_wconf 80' lang='lat' dir='ltr'>proceditur.</span> <span class='ocrx_word' id='word_1_145' title='bbox 690 1648 882 1699; x_wconf 85' lang='lat' dir='ltr'>Videtur</span> <span class='ocrx_word' id='word_1_146' title='bbox 907 1647 1030 1711; x_wconf 83' lang='lat' dir='ltr'>quod</span> <span class='ocrx_word' id='word_1_147' title='bbox 1058 1647 1251 1698; x_wconf 77' lang='lat' dir='ltr'>effectus</span> <span class='ocrx_word' id='word_1_148' title='bbox 1276 1647 1414 1710; x_wconf 82' lang='lat' dir='ltr'>hujus</span> <span class='ocrx_word' id='word_1_149' title='bbox 1443 1663 1517 1695; x_wconf 63' lang='lat'>53·</span> 
     </span>
     <span class='ocr_line' id='line_1_21' title="bbox 0 1718 1523 1785; baseline -0.007 -12"><span class='ocrx_word' id='word_1_150' title='bbox 0 1725 140 1775; x_wconf 90' lang='lat' dir='ltr'>menti</span> <span class='ocrx_word' id='word_1_151' title='bbox 186 1723 249 1773; x_wconf 83' lang='lat' dir='ltr'>sit</span> <span class='ocrx_word' id='word_1_152' title='bbox 275 1722 485 1773; x_wconf 83' lang='lat' dir='ltr'>remissio</span> <span class='ocrx_word' id='word_1_153' title='bbox 519 1720 695 1785; x_wconf 86' lang='lat' dir='ltr'>peccati</span> <span class='ocrx_word' id='word_1_154' title='bbox 724 1719 937 1771; x_wconf 86' lang='lat' dir='ltr'>mortalis.</span> <span class='ocrx_word' id='word_1_155' title='bbox 971 1718 1148 1769; x_wconf 85' lang='lat' dir='ltr'>Dicitur</span> <span class='ocrx_word' id='word_1_156' title='bbox 1173 1718 1294 1768; x_wconf 89' lang='lat' dir='ltr'>enim</span> <span class='ocrx_word' id='word_1_157' title='bbox 1337 1718 1387 1768; x_wconf 87' lang='lat' dir='ltr'>in</span> <span class='ocrx_word' id='word_1_158' title='bbox 1419 1735 1523 1783; x_wconf 51' lang='lat' dir='ltr'>quav</span> 
     </span>
     <span class='ocr_line' id='line_1_22' title="bbox 0 1789 1523 1849; baseline -0.007 -3"><span class='ocrx_word' id='word_1_159' title='bbox 0 1811 19 1846; x_wconf 84' lang='lat' dir='ltr'>n</span> <span class='ocrx_word' id='word_1_160' title='bbox 47 1798 258 1849; x_wconf 81' lang='lat' dir='ltr'>collecta</span> <span class='ocrx_word' id='word_1_161' title='bbox 279 1793 558 1845; x_wconf 66' lang='lat' dir='ltr'>haereditatis</span> <span class='ocrx_word' id='word_1_162' title='bbox 578 1808 589 1842; x_wconf 93' lang='lat'>:</span> <span class='ocrx_word' id='word_1_163' title='bbox 613 1810 642 1841; x_wconf 70' lang='grc' dir='ltr'>ι(</span> <span class='ocrx_word' id='word_1_164' title='bbox 658 1794 730 1843; x_wconf 85' lang='lat' dir='ltr'>Sit</span> <span class='ocrx_word' id='word_1_165' title='bbox 754 1795 842 1843; x_wconf 88' lang='lat' dir='ltr'>hoc</span> <span class='ocrx_word' id='word_1_166' title='bbox 868 1794 1205 1842; x_wconf 85' lang='lat' dir='ltr'>sacramentum</span> <span class='ocrx_word' id='word_1_167' title='bbox 1227 1789 1399 1840; x_wconf 88' lang='lat' dir='ltr'>ablutio</span> <span class='ocrx_word' id='word_1_168' title='bbox 1427 1803 1523 1839; x_wconf 36' lang='lat' dir='ltr'>sev?</span> 
     </span>
     <span class='ocr_line' id='line_1_23' title="bbox 0 1861 1527 1929; baseline -0.005 -12"><span class='ocrx_word' id='word_1_169' title='bbox 0 1883 73 1920; x_wconf 74' lang='lat' dir='ltr'>im.</span> <span class='ocrx_word' id='word_1_170' title='bbox 101 1888 129 1918; x_wconf 72' lang='grc' dir='ltr'>ι)</span> <span class='ocrx_word' id='word_1_171' title='bbox 154 1869 249 1920; x_wconf 89' lang='lat' dir='ltr'>Sed</span> <span class='ocrx_word' id='word_1_172' title='bbox 275 1866 447 1918; x_wconf 84' lang='lat' dir='ltr'>scelera</span> <span class='ocrx_word' id='word_1_173' title='bbox 478 1865 691 1915; x_wconf 87' lang='lat' dir='ltr'>dicuntur</span> <span class='ocrx_word' id='word_1_174' title='bbox 709 1868 897 1929; x_wconf 83' lang='lat' dir='ltr'>peccata</span> <span class='ocrx_word' id='word_1_175' title='bbox 925 1862 1152 1913; x_wconf 84' lang='lat' dir='ltr'>mortalia.</span> <span class='ocrx_word' id='word_1_176' title='bbox 1174 1861 1291 1925; x_wconf 82' lang='lat' dir='ltr'>Ergo</span> <span class='ocrx_word' id='word_1_177' title='bbox 1318 1874 1404 1925; x_wconf 88' lang='lat' dir='ltr'>per</span> <span class='ocrx_word' id='word_1_178' title='bbox 1443 1863 1527 1911; x_wconf 69' lang='lat' dir='ltr'>tuns·</span> 
     </span>
     <span class='ocr_line' id='line_1_24' title="bbox 0 1936 993 2003; baseline -0.007 -13"><span class='ocrx_word' id='word_1_179' title='bbox 0 1945 253 1993; x_wconf 86' lang='lat' dir='ltr'>ramentum</span> <span class='ocrx_word' id='word_1_180' title='bbox 280 1942 468 2003; x_wconf 82' lang='lat' dir='ltr'>peccata</span> <span class='ocrx_word' id='word_1_181' title='bbox 498 1937 703 1988; x_wconf 77' lang='lat' dir='ltr'>mortalia</span> <span class='ocrx_word' id='word_1_182' title='bbox 730 1936 993 1986; x_wconf 78' lang='lat' dir='ltr'>abluuntur.</span> 
     </span>
    </p>

    <p class='ocr_par' dir='ltr' id='par_1_7' title="bbox 0 2003 1531 2426">
     <span class='ocr_line' id='line_1_25' title="bbox 0 2003 1530 2073; baseline -0.008 -12"><span class='ocrx_word' id='word_1_183' title='bbox 0 2017 33 2062; x_wconf 67' lang='grc' dir='ltr'>ε.</span> <span class='ocrx_word' id='word_1_184' title='bbox 72 2016 338 2073; x_wconf 79' lang='lat' dir='ltr'>Praeterea,</span> <span class='ocrx_word' id='word_1_185' title='bbox 372 2011 461 2059; x_wconf 86' lang='lat' dir='ltr'>boc</span> <span class='ocrx_word' id='word_1_186' title='bbox 505 2010 835 2060; x_wconf 83' lang='lat' dir='ltr'>sacramentum</span> <span class='ocrx_word' id='word_1_187' title='bbox 872 2006 965 2068; x_wconf 87' lang='lat' dir='ltr'>agit</span> <span class='ocrx_word' id='word_1_188' title='bbox 1003 2006 1051 2055; x_wconf 90' lang='lat' dir='ltr'>in</span> <span class='ocrx_word' id='word_1_189' title='bbox 1092 2004 1260 2054; x_wconf 81' lang='lat' dir='ltr'>virtute</span> <span class='ocrx_word' id='word_1_190' title='bbox 1298 2003 1530 2068; x_wconf 52' lang='lat' dir='ltr'>passimus.</span> 
     </span>
     <span class='ocr_line' id='line_1_26' title="bbox 2 2076 1523 2150; baseline -0.007 -17"><span class='ocrx_word' id='word_1_191' title='bbox 2 2086 126 2150; x_wconf 87' lang='lat' dir='ltr'>risti,</span> <span class='ocrx_word' id='word_1_192' title='bbox 159 2086 280 2135; x_wconf 88' lang='lat' dir='ltr'>sicut</span> <span class='ocrx_word' id='word_1_193' title='bbox 312 2089 360 2133; x_wconf 88' lang='lat' dir='ltr'>et</span> <span class='ocrx_word' id='word_1_194' title='bbox 394 2081 669 2146; x_wconf 86' lang='lat' dir='ltr'>baptismus.</span> <span class='ocrx_word' id='word_1_195' title='bbox 698 2080 787 2130; x_wconf 87' lang='lat' dir='ltr'>Sed</span> <span class='ocrx_word' id='word_1_196' title='bbox 817 2092 898 2142; x_wconf 89' lang='lat' dir='ltr'>per</span> <span class='ocrx_word' id='word_1_197' title='bbox 927 2078 1206 2141; x_wconf 82' lang='lat' dir='ltr'>baptismum</span> <span class='ocrx_word' id='word_1_198' title='bbox 1244 2076 1523 2126; x_wconf 67' lang='lat' dir='ltr'>dimittunt-n</span> 
     </span>
     <span class='ocr_line' id='line_1_27' title="bbox 0 2146 1527 2217; baseline -0.01 -11"><span class='ocrx_word' id='word_1_199' title='bbox 0 2162 113 2209; x_wconf 84' lang='lat' dir='ltr'>:cata</span> <span class='ocrx_word' id='word_1_200' title='bbox 142 2156 353 2212; x_wconf 85' lang='lat' dir='ltr'>mortalia</span> <span class='ocrx_word' id='word_1_201' title='bbox 372 2194 384 2216; x_wconf 94' lang='lat'>,</span> <span class='ocrx_word' id='word_1_202' title='bbox 416 2158 467 2203; x_wconf 90' lang='lat' dir='ltr'>ut</span> <span class='ocrx_word' id='word_1_203' title='bbox 494 2152 630 2217; x_wconf 78' lang='lat' dir='ltr'>supra</span> <span class='ocrx_word' id='word_1_204' title='bbox 653 2152 821 2202; x_wconf 90' lang='lat' dir='ltr'>dietum</span> <span class='ocrx_word' id='word_1_205' title='bbox 840 2154 909 2202; x_wconf 88' lang='lat' dir='ltr'>est</span> <span class='ocrx_word' id='word_1_206' title='bbox 938 2156 1052 2214; x_wconf 78' lang='lat' dir='ltr'>(qu.</span> <span class='ocrx_word' id='word_1_207' title='bbox 1077 2153 1154 2214; x_wconf 84' lang='grc'>69,</span> <span class='ocrx_word' id='word_1_208' title='bbox 1176 2151 1264 2199; x_wconf 86' lang='lat' dir='ltr'>art.</span> <span class='ocrx_word' id='word_1_209' title='bbox 1289 2146 1370 2212; x_wconf 87' lang='lat'>1).</span> <span class='ocrx_word' id='word_1_210' title='bbox 1408 2147 1527 2201; x_wconf 56' lang='lat' dir='ltr'>Em..</span> 
     </span>
     <span class='ocr_line' id='line_1_28' title="bbox 1 2220 1531 2292; baseline -0.008 -12"><span class='ocrx_word' id='word_1_211' title='bbox 1 2242 79 2292; x_wconf 87' lang='lat' dir='ltr'>per</span> <span class='ocrx_word' id='word_1_212' title='bbox 97 2231 188 2280; x_wconf 89' lang='lat' dir='ltr'>hoc</span> <span class='ocrx_word' id='word_1_213' title='bbox 207 2229 557 2287; x_wconf 86' lang='lat' dir='ltr'>sacramentum,</span> <span class='ocrx_word' id='word_1_214' title='bbox 578 2225 828 2289; x_wconf 85' lang='lat' dir='ltr'>praesertim</span> <span class='ocrx_word' id='word_1_215' title='bbox 856 2223 959 2274; x_wconf 78' lang='lat' dir='ltr'>ciim</span> <span class='ocrx_word' id='word_1_216' title='bbox 989 2224 1038 2272; x_wconf 88' lang='lat' dir='ltr'>in</span> <span class='ocrx_word' id='word_1_217' title='bbox 1061 2223 1206 2274; x_wconf 82' lang='lat' dir='ltr'>forma</span> <span class='ocrx_word' id='word_1_218' title='bbox 1220 2220 1361 2284; x_wconf 86' lang='lat' dir='ltr'>hujus</span> <span class='ocrx_word' id='word_1_219' title='bbox 1380 2233 1531 2270; x_wconf 49' lang='lat' dir='ltr'>saffira*</span> 
     </span>
     <span class='ocr_line' id='line_1_29' title="bbox 0 2290 1531 2361; baseline -0.007 -12"><span class='ocrx_word' id='word_1_220' title='bbox 0 2302 70 2352; x_wconf 81' lang='lat' dir='ltr'>:nti</span> <span class='ocrx_word' id='word_1_221' title='bbox 106 2302 281 2352; x_wconf 85' lang='lat' dir='ltr'>dicatur</span> <span class='ocrx_word' id='word_1_222' title='bbox 312 2316 324 2350; x_wconf 91' lang='lat'>:</span> <span class='ocrx_word' id='word_1_223' title='bbox 357 2315 385 2347; x_wconf 75' lang='lat' dir='ltr'>u</span> <span class='ocrx_word' id='word_1_224' title='bbox 416 2299 504 2358; x_wconf 86' lang='lat' dir='ltr'>Qui</span> <span class='ocrx_word' id='word_1_225' title='bbox 540 2310 623 2361; x_wconf 88' lang='lat' dir='ltr'>pro</span> <span class='ocrx_word' id='word_1_226' title='bbox 654 2296 808 2347; x_wconf 82' lang='lat' dir='ltr'>multis</span> <span class='ocrx_word' id='word_1_227' title='bbox 838 2295 1099 2347; x_wconf 85' lang='lat' dir='ltr'>effundetur</span> <span class='ocrx_word' id='word_1_228' title='bbox 1126 2294 1174 2343; x_wconf 91' lang='lat' dir='ltr'>in</span> <span class='ocrx_word' id='word_1_229' title='bbox 1215 2290 1531 2342; x_wconf 68' lang='lat' dir='ltr'>remissionum</span> 
     </span>
     <span class='ocr_line' id='line_1_30' title="bbox 0 2372 388 2426; baseline -0.018 -2"><span class='ocrx_word' id='word_1_230' title='bbox 0 2372 235 2426; x_wconf 62' lang='lat' dir='ltr'>beatorum.</span> <span class='ocrx_word' id='word_1_231' title='bbox 260 2389 289 2419; x_wconf 87' lang='lat'>›&gt;</span> <span class='ocrx_word' id='word_1_232' title='bbox 380 2378 388 2385; x_wconf 86' lang='lat'>&#39;</span> 
     </span>
    </p>

    <p class='ocr_par' dir='ltr' id='par_1_8' title="bbox 0 2436 1535 2650">
     <span class='ocr_line' id='line_1_31' title="bbox 0 2436 1527 2508; baseline -0.008 -14"><span class='ocrx_word' id='word_1_233' title='bbox 0 2449 39 2494; x_wconf 80' lang='lat'>3.</span> <span class='ocrx_word' id='word_1_234' title='bbox 65 2448 299 2497; x_wconf 80' lang='lat' dir='ltr'>Praeterea</span> <span class='ocrx_word' id='word_1_235' title='bbox 322 2482 336 2508; x_wconf 90' lang='lat'>‚</span> <span class='ocrx_word' id='word_1_236' title='bbox 367 2456 449 2507; x_wconf 88' lang='lat' dir='ltr'>per</span> <span class='ocrx_word' id='word_1_237' title='bbox 497 2443 586 2492; x_wconf 91' lang='lat' dir='ltr'>boc</span> <span class='ocrx_word' id='word_1_238' title='bbox 631 2443 964 2491; x_wconf 80' lang='lat' dir='ltr'>sacramentum</span> <span class='ocrx_word' id='word_1_239' title='bbox 1018 2436 1162 2501; x_wconf 80' lang='lat' dir='ltr'>gratia</span> <span class='ocrx_word' id='word_1_240' title='bbox 1195 2436 1451 2495; x_wconf 78' lang='lat' dir='ltr'>confertur,</span> <span class='ocrx_word' id='word_1_241' title='bbox 1487 2439 1527 2483; x_wconf 77' lang='lat' dir='ltr'>u!</span> 
     </span>
     <span class='ocr_line' id='line_1_32' title="bbox 0 2506 1535 2583; baseline -0.01 -16"><span class='ocrx_word' id='word_1_242' title='bbox 0 2522 97 2569; x_wconf 69' lang='lat' dir='ltr'>tum</span> <span class='ocrx_word' id='word_1_243' title='bbox 122 2523 194 2570; x_wconf 84' lang='lat' dir='ltr'>est</span> <span class='ocrx_word' id='word_1_244' title='bbox 224 2518 334 2583; x_wconf 85' lang='lat' dir='ltr'>(art.</span> <span class='ocrx_word' id='word_1_245' title='bbox 359 2517 426 2579; x_wconf 88' lang='lat'>1).</span> <span class='ocrx_word' id='word_1_246' title='bbox 462 2514 551 2564; x_wconf 82' lang='lat' dir='ltr'>Sed</span> <span class='ocrx_word' id='word_1_247' title='bbox 577 2526 658 2578; x_wconf 86' lang='lat' dir='ltr'>per</span> <span class='ocrx_word' id='word_1_248' title='bbox 681 2511 872 2575; x_wconf 81' lang='lat' dir='ltr'>gratiam</span> <span class='ocrx_word' id='word_1_249' title='bbox 903 2509 1180 2573; x_wconf 77' lang='lat' dir='ltr'>Justificatur</span> <span class='ocrx_word' id='word_1_250' title='bbox 1204 2508 1342 2558; x_wconf 88' lang='lat' dir='ltr'>homo</span> <span class='ocrx_word' id='word_1_251' title='bbox 1370 2506 1396 2557; x_wconf 73' lang='lat' dir='ltr'>a</span> <span class='ocrx_word' id='word_1_252' title='bbox 1431 2523 1535 2571; x_wconf 58' lang='lat' dir='ltr'>pm·-</span> 
     </span>
     <span class='ocr_line' id='line_1_33' title="bbox 0 2577 1531 2650; baseline -0.01 -12"><span class='ocrx_word' id='word_1_253' title='bbox 0 2589 44 2639; x_wconf 78' lang='lat' dir='ltr'>:is</span> <span class='ocrx_word' id='word_1_254' title='bbox 81 2590 348 2642; x_wconf 84' lang='lat' dir='ltr'>mortalibus</span> <span class='ocrx_word' id='word_1_255' title='bbox 369 2625 387 2650; x_wconf 84' lang='lat'>‚</span> <span class='ocrx_word' id='word_1_256' title='bbox 426 2583 679 2637; x_wconf 71' lang='lat' dir='ltr'>secuudum</span> <span class='ocrx_word' id='word_1_257' title='bbox 721 2583 830 2633; x_wconf 83' lang='lat' dir='ltr'>iliud</span> <span class='ocrx_word' id='word_1_258' title='bbox 874 2584 1036 2638; x_wconf 70' lang='lat' dir='ltr'>Rom„</span> <span class='ocrx_word' id='word_1_259' title='bbox 1078 2580 1137 2629; x_wconf 87' lang='lat'>111</span> <span class='ocrx_word' id='word_1_260' title='bbox 1176 2594 1187 2629; x_wconf 74' lang='grc' dir='ltr'><strong>ε</strong></span> <span class='ocrx_word' id='word_1_261' title='bbox 1228 2596 1256 2626; x_wconf 87' lang='lat'>«</span> <span class='ocrx_word' id='word_1_262' title='bbox 1287 2577 1531 2629; x_wconf 64' lang='lat' dir='ltr'>Justifficati</span> 
     </span>
    </p>
   </div>
   <div class='ocr_carea' id='block_1_6' title="bbox 0 2647 1539 2726">
    <p class='ocr_par' dir='ltr' id='par_1_9' title="bbox 0 2647 1539 2726">
     <span class='ocr_line' id='line_1_34' title="bbox 0 2647 1539 2726; baseline -0.008 -17"><span class='ocrx_word' id='word_1_263' title='bbox 0 2662 71 2711; x_wconf 71' lang='lat' dir='ltr'>itis</span> <span class='ocrx_word' id='word_1_264' title='bbox 95 2676 179 2726; x_wconf 89' lang='lat' dir='ltr'>per</span> <span class='ocrx_word' id='word_1_265' title='bbox 206 2660 401 2724; x_wconf 82' lang='lat' dir='ltr'>gratiam</span> <span class='ocrx_word' id='word_1_266' title='bbox 429 2657 589 2723; x_wconf 80' lang='lat' dir='ltr'>ipsius.</span> <span class='ocrx_word' id='word_1_267' title='bbox 613 2672 640 2702; x_wconf 87' lang='lat'>»</span> <span class='ocrx_word' id='word_1_268' title='bbox 661 2656 780 2719; x_wconf 87' lang='lat' dir='ltr'>Ergo</span> <span class='ocrx_word' id='word_1_269' title='bbox 807 2668 888 2717; x_wconf 87' lang='lat' dir='ltr'>per</span> <span class='ocrx_word' id='word_1_270' title='bbox 914 2654 1002 2703; x_wconf 87' lang='lat' dir='ltr'>hoc</span> <span class='ocrx_word' id='word_1_271' title='bbox 1027 2653 1356 2702; x_wconf 83' lang='lat' dir='ltr'>sacramentum</span> <span class='ocrx_word' id='word_1_272' title='bbox 1383 2647 1539 2699; x_wconf 69' lang='lat' dir='ltr'>remir—</span> 
     </span>
    </p>
   </div>
   <div class='ocr_carea' id='block_1_7' title="bbox 0 2728 1535 2939">
    <p class='ocr_par' dir='ltr' id='par_1_10' title="bbox 0 2728 1535 2939">
     <span class='ocr_line' id='line_1_35' title="bbox 0 2728 554 2798; baseline -0.004 -18"><span class='ocrx_word' id='word_1_273' title='bbox 0 2737 89 2784; x_wconf 79' lang='lat' dir='ltr'>ntur</span> <span class='ocrx_word' id='word_1_274' title='bbox 113 2737 307 2798; x_wconf 85' lang='lat' dir='ltr'>peccata</span> <span class='ocrx_word' id='word_1_275' title='bbox 328 2728 554 2781; x_wconf 77' lang='lat' dir='ltr'>mortalia.</span> 
     </span>
     <span class='ocr_line' id='line_1_36' title="bbox 4 2791 1535 2864; baseline -0.012 -11"><span class='ocrx_word' id='word_1_276' title='bbox 4 2805 87 2856; x_wconf 84' lang='lat' dir='ltr'>Sed</span> <span class='ocrx_word' id='word_1_277' title='bbox 113 2808 275 2855; x_wconf 84' lang='lat' dir='ltr'>contra</span> <span class='ocrx_word' id='word_1_278' title='bbox 303 2805 407 2864; x_wconf 84' lang='lat' dir='ltr'>est,</span> <span class='ocrx_word' id='word_1_279' title='bbox 441 2800 564 2864; x_wconf 88' lang='lat' dir='ltr'>quod</span> <span class='ocrx_word' id='word_1_280' title='bbox 590 2798 759 2850; x_wconf 85' lang='lat' dir='ltr'>dicitur</span> <span class='ocrx_word' id='word_1_281' title='bbox 784 2799 806 2847; x_wconf 94' lang='lat'>1</span> <span class='ocrx_word' id='word_1_282' title='bbox 838 2798 981 2856; x_wconf 61' lang='lat' dir='ltr'>Gora,</span> <span class='ocrx_word' id='word_1_283' title='bbox 999 2796 1060 2845; x_wconf 84' lang='lat' dir='ltr'>XI</span> <span class='ocrx_word' id='word_1_284' title='bbox 1089 2812 1100 2844; x_wconf 88' lang='lat'>:</span> <span class='ocrx_word' id='word_1_285' title='bbox 1135 2793 1268 2853; x_wconf 88' lang='lat' dir='ltr'>«Qui</span> <span class='ocrx_word' id='word_1_286' title='bbox 1297 2791 1535 2841; x_wconf 70' lang='lat' dir='ltr'>manducat</span> 
     </span>
     <span class='ocr_line' id='line_1_37' title="bbox 9 2863 1535 2939; baseline -0.012 -14"><span class='ocrx_word' id='word_1_287' title='bbox 9 2874 112 2927; x_wconf 82' lang='lat' dir='ltr'>bibit</span> <span class='ocrx_word' id='word_1_288' title='bbox 130 2872 577 2939; x_wconf 67' lang='lat' dir='ltr'>indigne,judicium</span> <span class='ocrx_word' id='word_1_289' title='bbox 606 2869 694 2922; x_wconf 72' lang='lat' dir='ltr'>sibi</span> <span class='ocrx_word' id='word_1_290' title='bbox 725 2869 965 2920; x_wconf 81' lang='lat' dir='ltr'>manducat</span> <span class='ocrx_word' id='word_1_291' title='bbox 984 2869 1031 2918; x_wconf 88' lang='lat' dir='ltr'>et</span> <span class='ocrx_word' id='word_1_292' title='bbox 1043 2864 1179 2917; x_wconf 87' lang='lat' dir='ltr'>bibit.</span> <span class='ocrx_word' id='word_1_293' title='bbox 1193 2881 1221 2913; x_wconf 72' lang='grc' dir='ltr'>»ι</span> <span class='ocrx_word' id='word_1_294' title='bbox 1253 2863 1371 2914; x_wconf 85' lang='lat' dir='ltr'>Dicit</span> <span class='ocrx_word' id='word_1_295' title='bbox 1388 2863 1535 2911; x_wconf 63' lang='lat' dir='ltr'>aute-211·</span> 
     </span>
    </p>
   </div>
   <div class='ocr_carea' id='block_1_8' title="bbox 156 2964 1316 3029">
    <p class='ocr_par' dir='ltr' id='par_1_11' title="bbox 156 2964 1316 3029">
     <span class='ocr_line' id='line_1_38' title="bbox 156 2964 1316 3029; baseline -0.013 -1"><span class='ocrx_word' id='word_1_296' title='bbox 156 2989 249 3029; x_wconf 76' lang='lat' dir='ltr'>vu.</span> <span class='ocrx_word' id='word_1_297' title='bbox 1258 2964 1316 3013; x_wconf 79' lang='lat'>11</span> 
     </span>
    </p>
   </div>
  </div>
 </body>
</html>
