1942 3284
208 194 271 231 ns
300 192 587 232 morinus
619 192 919 232 sacunnn
949 191 1309 249 nonnanisrm.
1471 180 1564 229 357

1 305 15 318 .
56 270 182 330 110,
219 272 307 319 art.
343 269 426 332 4).
458 270 576 334 Ergo
593 268 651 320 ad
678 266 831 319 minus
858 272 1080 333 quantum
1108 269 1166 320 ad
1191 281 1358 334 corpus
1380 280 1462 333 per
1476 268 1568 319 hoc

0 345 293 391 :ramentum
319 341 464 405 gratia
499 354 591 392 non
618 342 866 392 confertur.

0 411 94 462 Sed
131 415 301 462 contra
340 417 444 474 est,
468 413 587 476 quod
629 412 846 463 Dominus
883 412 1025 476 dicit,
1049 413 1216 469 Ioan„
1245 410 1338 461 VI:
1375 408 1566 460 «Panis

0 495 72 533 em
99 495 199 546 ego
224 483 361 547 dabo,
390 497 495 535 caro
515 496 617 535 mea
635 487 709 535 est
728 497 811 548 pro
834 483 994 534 mundi
1012 483 1124 533 vita.
1149 498 1176 529 »
1200 481 1290 533 Sed
1317 481 1411 531 vita
1430 479 1564 545 spiri-

0 555 74 606 tlis
106 559 188 607 est
219 568 303 621 per
330 557 538 620 gratiam.
567 558 688 620 Ergo
705 570 788 621 per
803 558 893 607 hoc
924 559 1258 607 sacramentum
1279 553 1426 619 gratia
1454 566 1559 604 cou-

0 630 99 677 tur.

4 699 358 763 (commisto.
388 727 450 739 —
498 702 844 753 sacrosanctum
896 698 1180 750 eucharistiae
1225 699 1555 749 sacramentum

0 770 132 820 itiam
172 771 391 822 conferre
413 773 723 824 necessarium
760 774 848 833 est,
884 769 987 821 oiim
1013 770 1245 822 Christum
1258 806 1276 833 ,
1303 768 1384 834 qui
1412 771 1559 820 omnia

0 841 95 893 itiae
128 842 248 893 fons
270 846 318 892 et
338 843 466 907 origo
492 847 578 905 est,
603 844 859 895 contineat.
883 842 902 906 )

0 914 295 979 Respondeo
316 914 556 965 dicendum
575 954 588 978 ‚
607 914 730 981 quod
752 915 943 965 effectus
961 914 1105 978 hujus
1128 908 1404 964 sacramenti
1429 911 1563 962 debat.

0 985 233 1035 :sidet-ari
270 1000 283 1034 ;
315 985 463 1050 primo
495 985 710 1050 quidem,
739 987 785 1037 et
810 984 1150 1050 principaliter,
1180 997 1239 1034 ex
1277 996 1332 1035 eo
1361 983 1480 1047 quod
1515 987 1555 1031 iu

0 1068 21 1108 c
55 1061 359 1109 sacramento
386 1059 669 1123 continetur,
716 1059 837 1122 quod
874 1061 946 1109 est
983 1057 1209 1109 Christus.
1240 1055 1328 1116 Qui
1374 1055 1493 1105 sicut
1519 1059 1563 1103 [n

0 1130 165 1180 indum
189 1128 438 1181 visibiliter
465 1130 659 1181 veniens
676 1168 690 1192 ,
710 1128 902 1181 contulit
926 1130 1097 1181 mundo
1118 1128 1264 1178 vitam
1285 1126 1462 1191 gratiae,
1489 1141 1555 1176 51:-

0 1200 148 1251 ndum
166 1201 288 1251 illud
305 1202 470 1259 Joan„
490 1202 510 1251 1
533 1218 545 1253 :
568 1218 595 1251 (ι
616 1201 770 1253 Gratia
786 1205 833 1254 et
857 1201 1030 1253 veritas
1048 1214 1130 1266 per
1146 1201 1301 1251 lesum
1328 1199 1559 1249 Christum

0 1278 56 1323 :ta
99 1275 214 1335 est3
257 1289 287 1320 »
314 1273 381 1323 ita
403 1274 454 1323 in
486 1275 724 1325 bominem
754 1273 1144 1325 sacramentaliter
1165 1271 1392 1331 veniens»,
1421 1269 1559 1319 vitam

0 1344 98 1396 atiae
139 1349 393 1410 operatur,
417 1346 667 1397 secundum
695 1346 807 1398 illud
833 1347 1002 1406 Joan„
1021 1346 1080 1395 vl
1113 1361 1126 1396 ε
1161 1362 1188 1394 «
1211 1343 1299 1404 Qui
1321 1341 1563 1393 maudut-:zzz

0 1430 11 1467 ε
24 1453 43 1480 ,
77 1416 220 1467 vivet
240 1421 428 1481 propter
468 1431 560 1468 me.
599 1434 628 1466 2>
660 1418 789 1469 Unde
819 1421 866 1469 et
891 1416 1089 1483 cyrillus
1115 1415 1227 1468 dicit
1257 1413 1366 1477 (lib.
1403 1412 1480 1463 IV.
1511 1415 1563 1459 m

0 1502 113 1546 an„
138 1500 252 1551 cap.
280 1490 343 1537 12
364 1493 412 1539 et
436 1489 533 1552 14)
556 1505 571 1540 t
606 1505 633 1537 α
673 1489 1012 1540 vivificativum
1038 1488 1121 1539 Dei
1144 1486 1334 1537 verbum
1354 1522 1368 1545 ,
1397 1484 1563 1533 unicus

0 1558 146 1622 ipsum
176 1559 379 1624 propriae
402 1561 526 1611 carni
552 1562 663 1613 fecit
690 1560 839 1625 ipsam
859 1559 1214 1620 vivificativam3
1233 1555 1423 1607 decebat
1440 1555 1563 1605 enim

1 1642 46 1679 m
81 1633 271 1682 nostris
306 1633 636 1695 quodammodo
676 1632 798 1683 uniri
830 1631 1093 1698 corporibus
1135 1641 1218 1694 per
1251 1640 1425 1678 sacram
1462 1627 1563 1687 ejus

0 1714 132 1754 ruem
166 1706 221 1753 et
251 1704 503 1766 pretiosum
522 1704 823 1770 sanguinem,
862 1718 963 1768 quae
997 1702 1244 1767 accipimus
1271 1699 1319 1749 in
1346 1698 1563 1749 benedis:-

0 1786 117 1824 ›nem
147 1774 482 1825 vivificativam
515 1776 563 1826 in
595 1789 713 1841 pane
744 1780 792 1827 et
825 1776 872 1825 in
909 1775 1038 1827 vino.
1071 1790 1098 1824 u
1134 1770 1344 1824 Secundo
1363 1807 1377 1833 ,
1419 1771 1563 1818 consi-

0 1849 133 1895 :ratur
162 1859 228 1897 ex
249 1859 305 1897 eo
324 1849 444 1910 quod
469 1861 553 1912 per
578 1849 668 1899 boc
694 1851 1029 1899 sacramentum
1052 1844 1397 1911 repraesentatur
1411 1880 1425 1904 ,
1446 1843 1563 1905 qumi

0 1919 25 1964 ;t
54 1918 220 1980 passio
256 1917 454 1981 Cbristi,
481 1919 597 1969 sicut
623 1918 758 1983 supra
785 1919 956 1970 dictum
985 1921 1074 1970 est.
1101 1917 1160 1968 Et
1189 1916 1293 1966 ideo
1325 1913 1559 1971 effectum,

0 2000 89 2037 rem
106 1989 273 2053 passio
295 1989 465 2040 Christi
489 1991 597 2042 fecit
622 1991 670 2041 in
689 1991 857 2043 mundo
876 2030 889 2053 ,
917 1992 1010 2042 hoc
1030 1990 1366 2041 sacramentum
1395 1983 1498 2035 facil
1523 1983 1563 2031 ire

0 2059 156 2112 mine.
205 2061 337 2112 Unde
375 2075 514 2126 super
554 2063 666 2113 illud
695 2064 870 2121 Joan„
902 2063 1008 2114 xlx
1037 2078 1049 2111 z
1083 2078 1112 2111 (ι
1147 2057 1378 2112 Continuo
1423 2055 1567 2106 exitii

0 2131 139 2195 mguis
171 2136 223 2184 et
266 2145 413 2197 aqua,
442 2151 469 2182 »
496 2133 606 2185 dicit
642 2135 992 2199 chrysostomus
1016 2132 1212 2199 (Homil.
1244 2128 1484 2181 LXXXIV.
1519 2147 1563 2171 Η.-

0 2206 119 2270 )αη.)
140 2221 157 2255 .·
184 2221 213 2253 «
232 2204 348 2263 Quia
369 2204 479 2255 hinc
494 2205 743 2270 suscipiunt
763 2205 1035 2270 principium
1057 2218 1184 2256 sacra
1203 2200 1439 2268 mysteria,
1464 2197 1563 2247 ciam

0 2277 203 2327 :cesseris
231 2277 287 2326 ad
312 2277 594 2327 tremendum
620 2275 804 2327 calicem
820 2314 834 2340 ,
855 2280 907 2326 ut
928 2277 986 2327 ab
1012 2277 1114 2340 ipsa
1139 2274 1368 2325 bibiturus
1398 2270 1567 2321 Christi

0 2351 109 2407 ista,
136 2347 207 2398 ita
241 2348 451 2398 accedas.
487 2365 516 2396 »
544 2348 676 2399 Unde
704 2351 750 2398 et
775 2348 876 2412 ipse
912 2348 1137 2399 Dominus
1169 2346 1310 2407 dicit,
1359 2344 1567 2395 Mattrt..

0 2417 97 2466 XVI
124 2434 136 2468 :
174 2435 204 2466 α
226 2417 311 2469 Hic
337 2422 408 2468 est
431 2419 619 2481 sanguis
645 2431 801 2482 meuS,
838 2417 916 2484 qui
944 2431 1030 2482 pro
1068 2417 1202 2467 vobis
1229 2416 1319 2466 ess'u
1330 2414 1494 2465 ndetur
1523 2411 1563 2459 iu

0 2486 279 2540 amissionem
301 2493 612 2553 peccatorum.
632 2506 659 2538 u
679 2489 850 2553 Tertio,
874 2489 1191 2539 consideratur
1213 2487 1411 2538 effectus
1428 2485 1567 2544 huma:

0 2560 232 2611 aeramenti
258 2574 318 2610 ex
339 2562 472 2613 modo
498 2574 587 2624 quo
611 2562 799 2612 traditur
824 2561 912 2611 hoc
939 2562 1293 2618 sacramentum,
1324 2558 1446 2622 quod
1479 2560 1567 2604 tw.-

1 2627 87 2679 itur
104 2645 187 2696 per
206 2632 393 2683 modum
422 2632 511 2682 cibi
530 2635 577 2681 et
597 2632 751 2696 potus.
772 2632 831 2682 Et
851 2631 955 2681 ideo
977 2644 1161 2680 omnem
1178 2630 1412 2687 effectum,
1434 2639 1567 2689 quat-m

1 2698 93 2751 ibus
124 2705 169 2753 et
196 2706 335 2768 potus
360 2702 606 2754 materialis
627 2703 735 2754 facit
748 2739 766 2767 ,
794 2705 1013 2765 quantum
1036 2701 1093 2750 ad
1119 2700 1261 2749 vitam
1290 2697 1571 2763 corporalem

0 2782 79 2832 quo
106 2774 283 2825 scilicet
311 2777 559 2837 sustentat,
590 2778 751 2839 auget,
771 2776 954 2837 reparat
982 2775 1029 2822 et
1055 2770 1287 2835 delectat),
1308 2772 1398 2820 hoc
1426 2771 1571 2818 totum

0 2842 75 2892 acit
96 2846 182 2897 boc
210 2849 545 2897 sacramentum
574 2849 793 2909 quantum
830 2844 887 2895 ad
916 2844 1061 2894 vitam
1099 2842 1399 2907 spiritualem.
1442 2840 1571 2889 Unde.

0 2911 233 2969 imbrosius
259 2916 373 2967 dicit
396 2916 444 2965 in
469 2916 553 2967 lib.
580 2918 654 2967 De
687 2915 1038 2967 sacramentis
1071 2914 1181 2979 (lib.
1212 2914 1293 2976 IX,
1325 2924 1436 2975 cap.
1465 2913 1494 2957 ⁴
1559 2927 1563 2955 :
