1942 3284
106 195 151 250 itta
270 205 331 245 rsus
347 207 388 255 us,
400 205 495 252 ouum·
509 207 598 256 turn,
614 207 670 248 nr.
685 207 738 246 crus.

106 285 151 331 tam
167 281 289 334 Ecclesiam
307 283 402 333 redeunt
407 318 415 344 ,
430 285 470 332 aut
485 282 594 333 nnmiorm
610 281 754 345 emensas,
773 286 813 332 ant
831 282 903 346 impc-

106 353 189 404 sitione
208 353 304 416 mands‚
327 357 366 403 aut
384 353 432 410 sota
450 356 591 420 professione
604 355 673 418 fidei,
690 356 718 404 ad
735 355 811 405 sinum
824 353 903 404 matris

16 479 17 490 ¹
105 426 211 476 Ecclesia
224 427 835 489 reuocentur.»iiocautemnonesset‚sirectaiides
844 430 904 477 esset
955 490 957 493 Ι

16 491 17 508 ’
104 496 132 546 de
148 497 283 548 necessitate
304 498 417 564 baptismi.
432 500 482 558 Non
503 511 558 562 crgo
569 502 630 550 recta
648 499 705 561 tides
720 512 751 555 ex
766 496 904 548 necessitate

104 567 226 631 requiritur
239 569 268 619 ad
285 571 454 634 susceptionem
471 571 588 635 baptismi.

137 640 336 704 (Goncnusm.—
350 645 383 694 idn
397 647 460 708 parte
477 643 555 706 gratiae
569 655 639 706 suam
649 642 702 705 quis
714 655 756 706 per
765 642 905 706 baptiuuum

16 729 17 786 p
105 713 260 778 consequitur,
274 715 373 779 exigitur
385 716 411 766 iu
423 716 562 780 suscipiente
578 716 689 780 iides3ex
705 715 833 780 pmteucm
847 717 906 766 cha·
955 730 957 739 ¹

105 785 485 851 necteris‚n0unecessar1aest)

137 858 271 922 Respondes
282 860 417 925 dicendum,
431 861 491 926 quod
505 862 565 911 sicut
581 874 611 910 ex
624 859 691 911 dictis
706 861 771 924 patet
790 861 848 922 (su.
860 865 905 923 62,
955 879 957 908 ι

107 934 149 980 art.
169 935 257 996 teti,
272 937 346 997 etqu
359 939 403 995 63,
418 938 461 990 art
479 936 525 996 6),
538 931 852 989 duociiiciunturiuanima
865 947 956 996 per
955 992 957 1001 .

16 1025 17 1038 .
106 1001 255 1067 baptismum3
268 1005 355 1056 scilicet
364 1007 480 1056 character
494 1009 518 1056 et
527 1005 607 1069 gratia
617 1005 739 1069 Itnptrerter
749 1016 804 1067 ergo
817 1005 907 1068 aliquid
955 1022 956 1051 3

106 1087 135 1124 ex
151 1076 287 1127 necessitate
304 1078 425 1141 requiritur
443 1079 471 1130 ad
483 1078 632 1141 baptismum.
646 1078 696 1127 Uno
709 1075 817 1136 modu,
799 1089 850 1127 sinc
859 1091 907 1140 qno
955 1104 957 1111 >

107 1146 178 1210 gratia
192 1147 271 1198 haberi
283 1161 329 1199 non
339 1151 428 1213 potest,
440 1163 491 1212 pue
506 1153 541 1199 est
552 1148 645 1198 ultimus
656 1147 750 1198 effectus
759 1150 906 1212 sacrament}

107 1221 131 1268 et
146 1219 190 1270 hcc
205 1221 272 1272 modo
287 1224 348 1282 recta
362 1221 418 1270 tides
435 1235 463 1270 es
479 1220 616 1274 necessitato
630 1219 753 1283 rscpriritur
772 1220 802 1270 sd
815 1220 909 1284 septis-
955 1240 957 1261 t

108 1304 183 1354 mum,
197 1292 265 1356 quia,
280 1293 340 1344 sicut
359 1292 440 1347 dicitnr
453 1295 534 1354 Rom„
550 1294 596 1344 tlt:
614 1291 739 1353 «iustitia
752 1290 794 1343 uei
814 1295 853 1349 est
866 1306 908 1356 pes

107 1362 174 1412 fidem
187 1364 240 1414 tcsu
251 1365 366 1414 Christi.»
382 1365 431 1414 Alio
448 1366 516 1415 modo
526 1363 648 1427 requiritur
661 1363 745 1425 siquid
760 1377 789 1414 cx
804 1366 908 1416 necessi-

104 1437 152 1486 tate
165 1435 193 1484 ad
209 1435 360 1499 baptismum,
374 1435 424 1486 sinc
442 1449 488 1500 quo
505 1437 622 1486 character
639 1434 780 1499 baptismatis
800 1434 904 1498 imprimi
955 1444 957 1495 ζ

16 1517 17 1532 ¹
107 1518 153 1556 uon
170 1510 253 1570 potest.
263 1509 290 1556 ut
305 1507 339 1558 sic
356 1510 420 1558 recta
434 1506 490 1558 fides
499 1505 608 1571 neptiuati
622 1520 668 1558 non
687 1504 809 1568 requiritur
822 1519 853 1557 ex
868 1521 909 1558 uc·

107 1577 213 1630 cessitate
231 1579 259 1628 ad
277 1578 426 1643 baptismum,
445 1579 506 1633 sium
528 1592 571 1628 nac
593 1581 654 1628 recta
677 1577 735 1628 fides
752 1577 907 1642 caputiatos,

108 1649 228 1702 dummodo
242 1650 317 1702 adsint
331 1654 411 1706 caetcra
423 1665 473 1714 quse
493 1654 547 1702 suut
561 1651 589 1700 dc
602 1648 737 1700 necessitate
752 1651 907 1713 neamenim

16 1745 17 1752 ¹
108 1737 154 1775 nou
167 1725 227 1776 enim
238 1729 403 1777 sacramentum
415 1725 531 1790 perficitur
543 1737 584 1788 per
592 1722 708 1790 justitiam
718 1723 820 1774 hominis
833 1725 909 1778 danim

108 1797 144 1846 uel
157 1797 300 1862 suscipientis
310 1797 455 1860 baptismum,
470 1799 510 1847 sed
523 1809 563 1860 per
571 1796 681 1845 uirtutem
694 1794 743 1845 Dei.

16 1927 17 1932 ἵ
140 1869 172 1921 td
186 1868 283 1934 prunum
297 1881 350 1932 ergo
367 1869 502 1930 dicendum,
516 1867 576 1931 qudd
596 1867 707 1918 dominus
722 1866 822 1930 loquitur
834 1867 870 1920 iat
883 1870 910 1919 de
955 1877 957 1924 ε

16 1941 18 1960 ’
108 1940 235 2004 baptismo,
250 1939 374 1990 secuudum
388 1938 448 2003 quod
463 1939 568 2002 perducit
587 1938 693 1989 domines
710 1939 739 1988 ad
757 1939 856 1990 salutem
870 1953 911 2004 per

16 2023 17 2040 ¹
109 2012 205 2073 gratiam
219 2011 395 2075 justificantem
410 2011 471 2074 quod
484 2011 578 2074 quidem
597 2010 647 2060 sine
664 2012 726 2060 recta
742 2009 786 2060 fide
800 2023 852 2062 esse
863 2023 910 2066 nou

16 2077 17 2138 ἶ
109 2086 192 2146 potest.
206 2083 235 2134 Et
252 2082 303 2136 idac
321 2080 437 2146 signanter
450 2081 521 2134 dicit:
534 2080 601 2140 «Qui
611 2079 730 2135 crediderit
744 2084 769 2132 et
779 2082 910 2146 baptizatus

16 2149 17 2210 J
109 2153 185 2217 fuerit,
200 2154 276 2205 satuus
293 2153 344 2204 crit.
363 2171 377 2202 »

142 2227 175 2276 td
191 2226 315 2276 secundum
331 2225 469 2287 dicendum,
486 2227 547 2292 quod
562 2225 663 2278 Facicsia
682 2224 784 2276 intendit
805 2227 910 2280 homines

16 2295 17 2306 ¹
110 2297 223 2360 baptizare
243 2302 270 2347 ut
288 2298 438 2349 emundentur
459 2299 591 2362 dpeccato,
617 2296 742 2346 secunddm
759 2297 816 2348 iilud
839 2301 909 2353 Iasi..

109 2371 190 2422 xxvtl
203 2385 210 2420 :
227 2369 292 2422 «iiic
304 2375 341 2421 est
353 2371 426 2424 omnis
438 2371 539 2432 fructus,
555 2373 582 2421 ut
591 2369 706 2420 auferatur
715 2373 869 2431 peccatum.»
883 2371 910 2419 tat

110 2440 177 2506 idco,
197 2442 306 2505 quantum
324 2446 360 2494 est
379 2443 407 2493 de
421 2455 461 2504 sc,
476 2455 523 2493 uon
535 2441 633 2492 intendit
644 2442 699 2492 dare
714 2441 854 2503 baptismum
866 2439 910 2492 nisi

110 2514 246 2567 habentibus
258 2517 343 2564 rectam
356 2513 437 2575 fidem,
452 2513 503 2564 sine
517 2525 562 2577 pua
581 2525 628 2563 nou
642 2515 677 2564 cst
686 2511 790 2562 minucie
804 2517 909 2576 peccato

110 2597 175 2648 rum3
196 2589 220 2635 ct
236 2588 327 2650 psopter
348 2586 392 2636 hoc
415 2587 540 2649 interrogat
561 2585 695 2635 accedentes
712 2584 740 2634 ad
760 2583 907 2648 baptismum,

111 2669 139 2706 au
155 2657 255 2708 credant.
274 2657 299 2707 Si
313 2661 389 2707 tamcn
402 2657 452 2708 sine
465 2660 526 2707 recta
536 2655 581 2706 fide
592 2654 674 2720 aionis
689 2654 827 2719 baptismum
839 2655 910 2715 susci·

111 2728 160 2792 piat
181 2733 246 2780 entra
266 2727 403 2791 Ecclesiam,
417 2741 465 2778 uon
488 2727 585 2792 percipit
601 2727 657 2779 iilud
673 2728 702 2778 ad
720 2739 785 2778 suam
805 2728 908 2782 mindens.

111 2797 177 2850 Unde
191 2801 329 2864 Augustinus
342 2799 411 2863 dicit,
425 2799 465 2850 lib.
483 2800 521 2850 tv,
537 2801 574 2849 Dc
593 2799 739 2863 Baptismus,
753 2801 844 2862 cocum
864 2801 910 2851 uo-

16 2865 17 2878 *
112 2873 221 2925 antistas
238 2873 298 2938 (cap.
315 2871 339 2936 1)
354 2887 359 2919 :
378 2888 391 2923 u
405 2871 521 2932 Ecclesia,
541 2869 646 2934 paradiso
664 2873 811 2934 comparata,
829 2870 911 2920 iudicet

16 2955 17 2982 1
114 2943 180 2992 nohis
191 2956 259 3008 posse
269 2942 360 3007 quidem
374 2941 509 3007 baptismum
520 2943 572 3006 ejus
581 2941 688 2997 minues
697 2940 768 2995 otim
779 2940 838 2995 toria
850 2938 911 2997 odoi·
