1942 3284
274 211 304 247 nn
320 211 377 248 noro
392 209 470 248 noros
488 211 646 250 sacmnnrrr.
814 203 861 250 idb

45 286 145 336 dnobus
163 284 314 349 monibus
325 325 330 348 ,
342 286 430 350 sibique
442 288 646 352 respondentibus,
660 289 711 354 ipse
723 287 803 340 tertium
814 292 858 340 ba-

44 358 150 419 beaiur3
167 357 220 420 quia
234 357 287 406 cirne
300 358 418 422 pluraliter
431 359 459 408 ab
477 372 505 410 eo
518 358 601 409 dicitnr
618 375 623 410 :
641 361 764 410 Dominus
781 360 859 410 ociis-

45 443 129 483 com,
153 431 179 477 et
193 428 284 478 illudio
300 429 393 480 secretis
408 445 414 478 :
432 431 509 480 Oroete
519 446 567 495 pre
578 445 634 494 me,
648 431 793 495 apertissimi
802 444 857 481 corr-

45 501 119 550 uenit
131 503 158 548 nt
171 499 243 563 ipsius
252 501 416 563 respondeatur
426 501 565 552 salutationi.
574 519 589 549 n
600 503 663 553 Unde
673 507 697 552 et
707 505 734 553 ad
750 503 857 566 majorem

46 571 226 621 solemnitatem
246 571 330 622 ibidem
352 575 461 622 statutum
481 572 579 636 legitur,
597 573 658 637 qnid
674 576 795 639 episeopus
808 587 861 624 cum

46 642 161 704 pluribus
174 642 292 692 missenum
305 643 414 694 solnmnia
428 648 531 708 peragat.
548 647 575 694 ln
589 644 665 695 missis
676 648 753 695 tamen
764 644 861 710 privatis

47 713 142 763 suflicit
162 725 233 762 unum
256 714 338 764 babere
361 715 508 775 minimuum,
524 715 563 778 qui
579 716 637 777 gerit
652 729 771 781 personam
792 715 861 767 totius

47 786 144 907 popglit
155 785 275 848 catholici,
291 799 320 835 en
342 786 408 850 quos
426 799 524 851 persona
545 788 657 838 sacerdoti
675 788 794 852 pluraliter
813 799 861 838 res·

49 870 100 920 pon
118 870 153 907 e.

354 962 513 1016 aerisonas
528 965 564 1014 vi.

53 1095 150 1141 Uirium
161 1095 234 1150 possit
244 1095 387 1151 sufficienter
400 1095 497 1139 ooororri
506 1095 634 1150 defectibus
642 1096 707 1139 circo
720 1094 859 1141 celebratio-

77 1158 232 1268 {mamm
243 1158 388 1203 sacramenti
399 1160 590 1212 occurrentibus,
601 1161 694 1204 statuta
706 1159 814 1205 &sicsic
824 1161 862 1204 ob·

85 1349 124 1400 bd
138 1351 228 1398 sextum
243 1347 276 1398 sic
290 1347 418 1410 proceditur
429 1347 474 1414 (ii.
487 1348 582 1400 Videtur
595 1348 657 1412 quid
669 1361 716 1400 oon
729 1349 803 1413 possit
815 1350 863 1400 sul-

49 1422 166 1472 ticienter
183 1420 273 1470 occurri
283 1420 409 1472 delentibus
425 1421 465 1486 qui
477 1421 536 1472 cirm
550 1422 728 1472 celebrationem
741 1421 812 1485 bajus
825 1435 863 1472 sa-

50 1492 171 1544 cramenti
188 1495 327 1552 occurrunt,
346 1495 430 1542 statuta
451 1493 559 1543 Ecclesia
578 1493 728 1544 observando.
746 1493 864 1557 Contingit

52 1567 120 1616 enim
136 1563 274 1627 quandoque
288 1563 349 1626 qnod
363 1564 467 1614 sacerdos
481 1567 533 1614 asie
550 1564 744 1615 consecrationem
760 1565 798 1614 uel
810 1568 864 1628 post

52 1635 170 1696 moritur,
182 1636 219 1685 rel
229 1635 352 1697 alienatur,
361 1635 397 1685 vel
408 1633 483 1697 adqui
497 1633 541 1684 alil
553 1635 686 1685 infirmitate
698 1635 820 1698 impeditur
832 1650 862 1686 ne

51 1711 227 1759 sacramentum
243 1719 331 1757 sumere
342 1706 427 1770 pessit,
438 1710 462 1756 et
471 1707 565 1756 missam
575 1705 692 1769 perficere.
704 1707 764 1768 Ergo
773 1706 864 1756 uidetur

52 1780 117 1843 quod
133 1791 181 1829 noo
200 1779 272 1843 possit
288 1779 382 1843 implere
399 1783 509 1829 statutum
527 1778 649 1838 Ecclesia,
669 1791 715 1839 ono
733 1778 864 1842 precipitur

52 1851 119 1917 mabri
134 1851 242 1902 sacerdos
252 1863 389 1902 consecrans
401 1865 444 1902 suo
459 1851 570 1902 sacrilicio
584 1851 747 1901 communicet.

87 1927 113 1972 2.
135 1925 264 1982 Praeterea,
279 1922 391 1986 contingit
401 1924 535 1985 quandoque
552 1920 612 1986 qndd
625 1922 731 1972 sacerdos
743 1925 797 1971 ante
807 1934 863 1972 coo·

54 1994 212 2046 sacrationem
223 1994 260 2044 vel
276 2000 339 2057 post,
354 1995 433 2046 recolit
442 2008 467 2044 se
481 1993 565 2057 aliquid
580 1993 708 2044 comedisse
721 1993 758 2044 nei
768 1993 862 2059 bibisse,

54 2069 94 2118 uel
111 2067 187 2117 utinam
201 2065 266 2115 adcoi
280 2069 375 2130 peccato
383 2066 474 2117 mortali
486 2066 622 2131 subjacere,
631 2066 670 2117 ael
687 2066 756 2116 etiam
770 2080 861 2118 excom·

55 2136 224 2196 mursicationi,
236 2138 301 2202 enjus
314 2137 377 2200 prim
388 2138 521 2188 memoriam
534 2151 581 2188 non
591 2138 697 2188 babebat.
713 2139 814 2188 Necesse
828 2142 865 2190 est

54 2224 113 2274 ergo
125 2207 188 2272 qudd
199 2208 239 2258 ille
253 2208 294 2271 qui
308 2211 344 2258 est
356 2207 380 2256 in
395 2208 434 2257 tali
445 2208 540 2260 articulo
554 2208 691 2259 constitutos
705 2212 784 2272 peccet
799 2221 863 2258 mor·

55 2283 149 2343 taliter,
165 2284 245 2330 contra
265 2283 374 2331 statutum
395 2279 506 2330 Ecclesia
525 2279 625 2341 iaciens,
640 2280 691 2330 sire
709 2285 797 2343 sumat,
812 2280 863 2330 sive

57 2369 107 2406 oron
123 2356 212 2404 sumai.

91 2431 116 2476 3.
133 2426 265 2486 Praeterea,
284 2423 397 2486 contingit
413 2425 552 2487 quandoque
563 2423 623 2487 quoe
636 2424 660 2474 in
673 2424 765 2475 calicem
776 2438 863 2485 mosee,

57 2498 96 2549 vel
108 2509 208 2558 aranea,
226 2497 263 2546 uel
274 2496 365 2558 aliquod
374 2495 457 2546 animal
468 2509 607 2548 venenosum
617 2496 676 2547 cadit
685 2501 738 2560 post
745 2510 866 2547 consecra·

57 2570 165 2631 tionem,
182 2567 303 2618 ueletiam
324 2567 441 2629 cognoscit
461 2569 567 2618 sacerdos
584 2567 653 2616 calici
675 2581 790 2617 venenum
812 2580 864 2618 esse

58 2639 191 2690 irremissum
201 2639 231 2688 ab
248 2638 323 2701 aliquo
334 2637 455 2702 malevolo,
467 2638 536 2689 causi
548 2638 667 2689 occidendi
682 2638 768 2701 ipsum.
781 2639 807 2688 ln
818 2650 865 2700 qno

60 2724 129 2769 casu,
142 2710 162 2760 si
179 2715 269 2772 sumat,
280 2709 369 2759 uidetur
382 2709 507 2759 mortaliter
519 2722 628 2774 peccare,
646 2723 671 2760 se
687 2710 812 2760 occidendo
827 2707 866 2758 vei

59 2783 135 2832 licum
151 2783 275 2844 tentanum
285 2779 399 2844 similiter,
416 2781 436 2832 si
454 2795 500 2832 non
516 2785 605 2844 sumai,
619 2785 710 2846 peccat,
723 2785 805 2832 contra
816 2783 865 2830 sta·
948 2820 949 2823 ,

97 2944 132 3007 (l)
144 2947 177 2991 De
187 2945 225 2991 his
238 2944 309 2990 etiarn
324 2945 367 3006 iv,
379 2945 457 2994 seat„
468 2945 526 2991 llist.
539 2943 579 3004 itt,
591 2946 618 2991 in
627 2946 728 3004 exposit.
740 2946 774 2992 lit.
