1942 3284
321 237 352 273 ns
367 236 472 273 misero
488 238 602 275 etarruu.
818 230 864 280 ‘tit

47 314 82 363 de
102 308 183 375 poenis
199 309 337 373 singutomm
352 315 497 375 peecatorum
516 313 711 378 proportionaliter
729 315 862 369 dimittitur.

84 383 124 433 Ad
140 384 245 444 quartum
259 382 389 445 dicendum,
399 382 461 446 qndd
474 384 566 446 quidam
576 385 662 442 dicunt,
676 385 735 449 qndd
747 387 771 437 iu
784 388 861 452 prima

45 452 203 505 absolutione
216 456 301 502 tantum
315 452 434 504 dimittitur
449 454 589 515 vicianum,
603 459 713 519 qnantum
723 457 805 507 dimitti
816 472 863 522 po·

44 529 119 589 test3
134 526 174 574 sed
186 527 260 574 tamen
269 524 330 574 ualet
339 524 420 574 iterata
430 525 556 587 confessio,
569 528 617 575 turn
629 530 720 591 propter
731 526 863 579 instructio-

42 611 130 659 nem,
145 599 193 645 tum
204 600 296 660 propter
308 596 416 661 majorem
430 597 602 662 certitudinem,
618 602 666 649 turn
681 604 773 663 propter
788 602 864 651 inter-

43 667 190 717 cessionem
201 666 323 718 sacerdotis
336 668 372 717 uel
386 668 537 731 contessoris,
550 670 599 719 tum
610 675 702 733 propter
712 670 856 722 verecundie

42 737 175 789 meritum.
192 737 237 788 Sed
256 740 301 788 troc
317 751 364 789 non
379 738 470 789 videtur
485 752 577 803 uernm;
596 740 649 803 qnia
669 741 713 791 etsi
727 742 778 792 haec
798 746 861 793 esset

43 810 114 861 ratio
131 808 299 859 contessionem
316 809 492 872 iterandi,'non
514 812 587 861 tamen
606 814 667 861 esset
681 811 737 862 ratio
758 812 860 863 iterandi

42 880 237 943 absolutionem,
254 880 367 944 precipue
387 879 413 929 in
423 894 450 931 eo
468 880 508 943 qui
522 880 646 931 nonhabet
660 880 757 945 aliquem
768 896 861 933 causam

43 952 205 1005 dubitationis
218 954 246 1002 de
262 953 398 1015 praecedenti
410 951 565 1014 absolutione3
576 952 607 1003 ita
618 953 686 1003 etiam
700 955 784 1019 poterit
795 955 860 1006 dnbi-
957 948 958 959 ¹

42 1030 105 1075 tare
118 1027 173 1087 post
190 1024 315 1073 secundam
333 1022 510 1086 absolutionem,
525 1023 584 1075 sicut
598 1029 651 1087 post
666 1026 772 1089 primam.
793 1026 860 1078 Sient

42 1097 178 1156 videmus,
193 1094 252 1157 qudd
265 1100 432 1145 sacramentnm
449 1100 556 1147 extreme
574 1096 690 1147 unctionis
704 1110 750 1147 non
765 1098 862 1149 iteratur

42 1179 125 1231 super
137 1168 242 1217 eumdem
256 1168 367 1230 morbum,
377 1165 404 1217 ed
413 1165 473 1230 quod
484 1171 557 1217 toturn
567 1168 681 1232 quodper
696 1173 862 1220 sacramentum

43 1240 105 1291 fieri
117 1238 205 1302 potnit,
220 1239 292 1289 semei
307 1238 392 1288 tactum
406 1242 450 1289 est.
463 1239 492 1288 itt
504 1242 613 1303 preterea
622 1238 647 1289 in
657 1238 757 1289 secunda
770 1240 860 1289 condes·

43 1312 121 1362 sioue
137 1321 184 1359 non
201 1308 360 1372 requireretur,
373 1309 433 1373 quid
451 1310 546 1360 haberet
560 1311 637 1361 claves
651 1310 689 1361 itte
710 1310 746 1359 oui
760 1308 786 1359 tit
799 1322 859 1361 cou-

42 1381 142 1441 fessio,
153 1377 173 1429 si
187 1380 244 1431 nihil
260 1379 293 1429 ibi
306 1380 341 1430 uis
350 1380 447 1430 clavium
461 1385 600 1444 operaretur.
612 1382 641 1431 Et
652 1380 704 1431 ideo
718 1380 795 1431 dicunt
810 1378 860 1441 alii,

42 1453 126 1505 etiarn
146 1451 286 1502 insecenda
307 1450 447 1502 absolutione
469 1450 555 1515 aliquid
569 1452 593 1501 ui
613 1452 711 1501 clarium
731 1451 815 1501 dimitti
832 1454 861 1503 de

42 1536 141 1590 poena;
155 1522 209 1587 qnia
221 1524 245 1571 in
259 1523 358 1572 secunda
369 1522 511 1573 absolutione
525 1523 604 1585 gratiae
619 1522 734 1573 confertur
751 1536 861 1586 augmen-

44 1602 126 1656 tum,
142 1597 165 1645 et
183 1594 268 1657 quanti
283 1594 356 1657 major
372 1593 444 1657 gratia
460 1593 579 1658 recipitur,
595 1594 670 1643 minus
684 1594 711 1645 de
731 1594 861 1658 impuritate

44 1665 209 1731 praecedentis
227 1664 315 1728 peccati
332 1668 425 1728 manet,
441 1668 464 1715 et
473 1663 526 1715 ideo
541 1665 613 1715 minor
627 1666 695 1727 poe'na
707 1678 808 1727 purgans
822 1664 862 1715 de-

44 1738 134 1789 betur.
151 1736 216 1787 Unde
232 1737 300 1785 etiam
313 1736 338 1786 in
351 1735 425 1801 prima
439 1735 582 1787 absolutione
594 1734 662 1785 alicui
681 1734 732 1799 ptus
748 1738 771 1785 et
784 1735 861 1786 minus

45 1808 181 1862 dimittitur
200 1808 224 1857 ui
246 1807 342 1858 clarium
356 1808 385 1857 de
398 1819 481 1871 poena,
499 1806 623 1857 secunddm
640 1805 700 1870 qnod
714 1820 737 1857 se
751 1804 803 1868 plus
823 1807 862 1857 vet

46 1880 135 1933 minias
146 1880 175 1930 ad
183 1879 278 1943 gratiam
289 1878 398 1943 disponit,
408 1884 431 1929 et
441 1882 574 1943 potestesse
585 1882 648 1928 tanta
659 1878 791 1943 dispositio,
801 1876 862 1941 qu'od

45 1953 127 2005 etiam
142 1965 171 2002 ex
189 1951 213 2000 ui
229 1951 372 2003 contritionis
387 1955 435 2003 tota
449 1964 518 2015 poena
530 1950 624 2009 totlitur,
635 1953 660 1999 ut
673 1948 808 2013 predictum
826 1952 862 1999 est

46 2026 106 2091 (qu.
120 2028 144 2072 5.
159 2027 204 2073 art.
218 2023 251 2087 Ξ).
265 2024 328 2073 Unde
342 2023 410 2074 etiam
427 2036 473 2073 non
484 2025 520 2073 est
532 2020 707 2081 inconveniens,
723 2019 742 2069 si
755 2033 797 2083 per
810 2020 862 2069 tre-

44 2097 165 2159 quentem
180 2093 347 2145 contessionem
360 2095 430 2145 etiarn
447 2097 496 2145 tota
513 2106 582 2157 paena
595 2094 696 2155 tollatur,
706 2095 732 2141 ut
741 2094 862 2155 peecatum

44 2165 152 2217 omnino
162 2169 278 2216 remaneat
289 2165 437 2229 impunitum,
450 2178 491 2229 pro
506 2178 550 2229 quo
563 2177 631 2229 piena
643 2162 727 2213 Christi
741 2160 860 2227 satisfecit.

350 2341 511 2394 iuuentus
527 2343 564 2393 ill.

109 2469 198 2513 Uirrim
206 2468 366 2525 sacerdoeper
374 2471 513 2525 potestatem
524 2468 627 2519 clavium
636 2468 710 2523 possit
726 2468 809 2525 lipare.

85 2595 125 2646 nd
137 2593 230 2645 tertium
243 2595 277 2645 sic
286 2593 423 2659 proceditur.
437 2592 532 2643 Videtur
545 2591 605 2655 qudd
617 2593 722 2643 sacerdos
733 2604 774 2656 per
784 2594 862 2655 potes·
957 2616 958 2641 t

44 2670 130 2719 tatem
146 2664 245 2715 clarium
262 2665 333 2729 ligare
350 2678 396 2716 non
414 2664 496 2729 possit.
511 2663 588 2713 Virtus
606 2664 666 2715 enirn
689 2661 862 2713 sacramentalis

47 2737 177 2792 ordinatur
194 2741 272 2787 contra
288 2741 406 2802 peccatum
425 2740 451 2785 nt
470 2734 592 2787 medicina.
609 2734 654 2785 Sed
672 2734 742 2798 ligare
762 2747 808 2783 non
828 2737 864 2783 est

47 2808 174 2861 medicina
193 2808 295 2873 pennati,
313 2809 354 2859 sed
367 2808 439 2871 magis
458 2806 590 2871 aggravatio
613 2806 703 2869 morbi,
718 2808 743 2855 ut
761 2804 861 2856 videtur.

43 2883 117 2943 Ergo
132 2878 458 2944 sacerdosperuimclarium,
468 2892 519 2945 que
530 2876 608 2929 ostris
619 2875 799 2939 sacramentalis,
812 2887 860 2927 non
957 2940 958 2943 Ἰ

47 2953 138 3017 potest
150 2948 231 3014 ligare.
