1942 3284
112 143 159 188 tide
304 149 362 186 anns
376 149 415 194 nr,
430 147 522 192 ponsa.
536 147 581 197 xc,
593 149 648 184 aar.
666 148 702 184 ιιι.

107 226 167 277 siem
179 225 247 276 ctiam
262 224 387 288 baptismus
401 223 424 272 in
438 221 529 284 adultis,
541 225 567 270 ut
580 222 649 286 supra
657 223 743 272 dicium
755 227 793 274 est
801 223 862 288 (qu.
877 229 925 286 69,

109 303 149 348 ιιι.
165 300 199 358 8).

138 369 171 419 nd
183 365 274 418 tertium
288 365 419 427 dicendum,
432 362 492 428 quod
506 361 632 414 satisfactio
645 367 747 428 estpars
759 366 922 430 paenitentiae

108 437 257 500 sacramenti,
271 435 357 487 fructus
374 439 449 486 autem
466 434 607 498 paenitentiae
619 434 720 487 virtutis.

138 511 172 560 nd
185 511 288 572 quartum
304 506 438 566 dicendum,
452 504 512 568 quid
526 505 592 568 ptura
605 505 752 568 requiruntur
764 507 796 557 ad
810 507 917 568 bonum,

106 581 166 644 quod
183 577 284 642 procedit
303 589 332 626 er
344 577 430 640 integra
443 587 524 637 causa,
538 587 606 637 quam
619 576 649 625 ad
659 575 759 638 malum,
772 577 840 639 qnod
860 592 919 642 pro

107 651 168 701 cedit
181 661 211 700 ex
220 648 371 712 singularibus
380 645 518 708 defectibus,
531 646 658 696 secundinr
674 646 813 710 Dionysium
827 649 862 697 lv
875 651 918 699 De

107 723 188 772 divio.
200 721 302 771 Nomia.
315 719 344 767 nt
354 719 404 770 ideo
413 717 465 766 licet
476 719 596 780 peccatum
607 716 739 780 perficiatur
750 718 777 767 in
787 731 913 770 consensu

107 791 195 853 cordis,
206 792 235 841 ad
247 789 410 853 perfectionem
419 791 497 837 umen
509 787 649 850 penitentie
666 787 792 851 requiritur
809 793 837 839 el
852 803 914 841 con·

107 862 168 914 tritio
183 860 270 920 cordis,
287 863 311 909 et
324 857 436 909 confessio
449 857 507 918 oris,
518 861 542 906 et
552 852 678 909 sabsfaciio
687 871 775 921 operas.

137 932 172 983 ad
184 929 320 982 contrarium
333 929 387 980 verb
398 931 460 992 patet
476 927 558 981 solutio
569 941 611 991 per
623 940 651 979 ea
664 943 717 992 quae
733 929 795 981 dicta
807 934 874 981 suut.

392 1105 551 1155 ARTICULUS
565 1105 606 1155 lli.

149 1231 233 1278 iliricm
239 1227 468 1286 predictoiriosint
482 1229 701 1285 purtesirrteproies
709 1233 863 1287 paenitentia.
954 1232 955 1289 i

140 1356 171 1405 nd
191 1353 280 1404 tertium
297 1351 331 1403 sic
348 1353 484 1417 proceditur.
503 1353 596 1402 Videtur
606 1353 667 1417 qubd
678 1356 790 1420 predicta
802 1358 845 1408 tria
855 1370 896 1409 non
954 1328 955 1399 i

107 1427 154 1477 sint
164 1429 239 1489 partes
251 1423 371 1486 integrales
383 1423 530 1487 penitentie.
542 1423 677 1474 l’cenitentia
690 1425 754 1476 enim
764 1464 772 1489 ,
781 1433 809 1477 ut
820 1428 898 1478 deiru
954 1402 955 1445 ¹

108 1501 143 1548 est
158 1497 212 1559 (qu.
223 1497 261 1557 at,
275 1498 318 1544 art.
328 1493 362 1556 ι),
375 1496 452 1543 contra
463 1496 581 1556 peccatum
593 1494 718 1545 ordinatur.
728 1495 775 1546 Sed
786 1502 899 1560 pecmtnrn
954 1518 955 1559 t

108 1566 190 1629 cordis,
203 1565 249 1616 oris
262 1568 285 1615 et
298 1565 373 1628 operis
387 1566 440 1614 sunt
457 1568 533 1627 partes
546 1562 679 1626 subjective
693 1567 801 1630 peccati,
814 1572 837 1618 et
855 1581 898 1618 non
954 1562 955 1607 i

108 1642 184 1700 paries
201 1635 337 1700 integrales,
351 1635 406 1698 quia
418 1638 536 1698 peccaturo
548 1635 576 1684 de
591 1635 691 1697 quolibet
712 1637 795 1687 borum
816 1640 897 1702 predi·

107 1712 178 1758 catur.
193 1709 251 1768 Ergo
273 1707 339 1756 etiam
357 1706 382 1755 in
403 1704 538 1768 poenitentia
558 1705 664 1756 contritio
683 1707 774 1768 cordis,
788 1711 896 1761 confasio

108 1778 154 1830 oris
163 1783 186 1828 et
196 1776 320 1828 satisfactio
332 1775 406 1840 operis
419 1787 465 1824 non
478 1779 532 1824 sunt
545 1780 621 1839 partes
634 1777 765 1840 integrales.

138 1853 162 1899 a.
174 1850 293 1907 Praeterea,
304 1847 364 1896 nulla
383 1859 434 1909 pars
447 1845 564 1908 integralis
576 1846 601 1894 in
614 1859 640 1896 se
660 1849 768 1898 continet
778 1848 846 1900 aliam
855 1849 895 1900 riui

108 1919 254 1968 condivisum.
272 1917 317 1968 Sed
330 1915 435 1966 contritio
448 1915 550 1966 continet
561 1915 586 1964 in
599 1929 625 1968 se
637 1917 804 1969 confessionem
821 1925 844 1971 ιι
859 1933 893 1970 aa·

107 1987 259 2038 tisiactionem
272 1987 297 2036 in
312 1986 434 2050 proposito.
449 1987 566 2049 lingonen
579 1991 634 2036 suni
646 1993 722 2051 partes
736 1989 864 2054 integrales

141 2063 163 2106 a.
175 2060 295 2117 Praeterea,
305 2069 334 2106 ex
343 2058 444 2120 partibus
453 2057 609 2120 integralibus,
619 2059 686 2108 sinum
696 2063 719 2110 et
726 2061 891 2123 qualitercum-

108 2126 197 2176 tituitur
210 2131 281 2177 totum
294 2125 353 2176 sieut
365 2127 426 2177 linea
438 2141 467 2176 er
480 2129 529 2178 suis
541 2127 653 2191 partibus.
669 2129 714 2179 Sed
727 2130 773 2180 lroc
787 2143 829 2180 non
839 2143 892 2180 oon·

109 2197 179 2260 tingit
187 2197 233 2247 nic.
243 2199 301 2260 Ergo
308 2195 414 2260 predicta
425 2209 471 2247 non
482 2200 536 2246 snut
546 2201 622 2260 partes
627 2197 749 2260 integrales
755 2200 889 2264 poenibntie.

139 2267 184 2316 Sed
200 2271 277 2318 contra
296 2271 346 2326 est,
359 2266 404 2317 illae
416 2267 522 2316 dicuntur
533 2269 611 2330 partes
622 2267 758 2330 integrales,
772 2281 800 2319 ex
815 2271 891 2333 quibus

108 2335 217 2400 perfectio
230 2335 298 2387 totius
315 2335 447 2399 integratur.
465 2337 511 2386 Sed
520 2349 550 2386 ex
562 2336 634 2386 tribus
646 2337 762 2401 predictis
776 2339 891 2401 integratm

108 2405 219 2469 perfectio
229 2405 302 2470 ipsius
321 2405 469 2468 penitentie.
490 2405 548 2468 firgo
561 2409 616 2456 sunt
631 2411 707 2470 partes
718 2407 835 2472 integrales
845 2422 888 2473 pre

109 2475 221 2527 nitentia.

142 2547 300 2606 (Concessio.
317 2571 347 2584 -
363 2547 421 2598 Cium
445 2559 492 2598 non
509 2551 558 2598 tota
576 2548 678 2599 essentia
696 2552 736 2599 aut
759 2549 887 2612 poenitentia

110 2616 183 2666 uirtus
196 2616 292 2680 singulis
306 2617 408 2679 partibus
422 2618 499 2680 adsit,
509 2618 653 2682 perspicuum
668 2624 706 2668 est
726 2619 885 2684 contritionem,

111 2687 276 2739 confessionem
297 2701 324 2737 ac
341 2687 518 2740 satisfactionem
537 2700 583 2739 non
603 2687 741 2751 subjectivae
762 2693 799 2738 aut
815 2693 886 2753 poten

110 2757 190 2818 tiales,
205 2757 246 2808 sed
259 2755 383 2820 integrales
397 2756 536 2822 paenitentiae
548 2761 625 2821 partes
638 2761 711 2817 esse.)

141 2828 274 2890 Respondeo
289 2828 416 2892 dicendum,
434 2827 597 2894 quodquidam
611 2829 715 2881 dixerunt
725 2830 774 2880 free
788 2830 825 2881 tria
839 2843 884 2882 esse
