1942 3284
129 236 158 283 ao
315 244 380 285 atas
393 247 437 297 ur,
450 247 546 292 onnsr.
562 248 624 299 nxrr,
642 248 697 288 aar.
714 250 731 286 r.

159 327 186 373 2.
201 323 326 383 aramma,
341 322 395 373 iilud
411 324 470 387 quod
481 326 516 375 est
528 324 644 389 proprium
658 326 709 388 liei,
718 338 767 376 non
778 326 845 377 debet
858 327 932 379 alicui

129 398 236 445 creatorae
252 394 351 445 attribui.
365 395 411 446 Sed
425 410 518 447 causare
530 396 624 461 gratiam
641 401 677 448 est
686 398 803 461 ¹quaniurn
816 399 876 463 diei,
892 415 931 452 se-

130 465 228 517 cundum
241 465 296 516 illud
309 466 404 517 Psalm.
425 468 556 519 dxxxiii:
574 487 588 517 u
599 470 697 519 oratiam
711 473 734 520 et
751 470 846 532 gloriam
865 473 932 523 dabit

129 538 248 588 Dominus.
266 555 280 586 >r
296 538 354 588 Cium
374 552 428 603 ergo
443 544 582 592 sacramenta
605 542 731 592 consistant
749 542 773 591 in
793 543 932 606 quibusdam

130 609 206 661 verbis
219 612 243 661 et
253 610 320 660 rebus
332 611 481 675 creatis,non
492 612 582 663 videtur
593 612 652 677 quod
661 613 751 677 possint
764 615 858 677 gratiam
873 628 931 665 con-

130 683 200 733 ierre.

163 756 207 805 Sed
218 758 297 805 contra
306 758 352 816 est,
366 757 426 818 qnod
439 757 579 821 Augustinus
591 757 646 807 dirrit
658 772 733 822 super
745 758 816 807 doun.
833 760 931 819 (tract.

132 827 231 889 LXXX),
239 826 299 890 qudd
309 844 323 876 u
332 840 389 892 aqua
400 828 558 892 (baptismalist
570 842 651 893 corpus
660 828 733 892 tangit
740 834 762 879 et
771 843 810 880 cor
824 830 929 881 attuit.»

132 901 177 950 Scd
191 912 230 949 oor
242 911 288 949 non
302 899 398 950 abluitur
406 901 452 950 nisi
463 914 505 965 per
514 900 617 964 gratiam.
626 902 684 965 Ergo
694 904 770 952 causat
779 901 885 967 gratiam3
897 906 932 964 ct,

132 970 296 1037 murationes,
310 972 353 1022 alia
367 973 633 1023 Ecclesiasacranrenta.

167 1043 325 1109 (Goncnusro.
335 1073 367 1082 -
380 1045 479 1096 Tametsi
490 1046 551 1097 solus
564 1047 623 1095 Deus
642 1046 746 1096 effectiva
761 1049 784 1095 et
798 1046 933 1111 principalis

133 1128 201 1167 causa
213 1114 347 1180 gratiosi,
363 1121 501 1168 sacramenta
515 1122 591 1168 tamen
604 1130 668 1168 nome
681 1118 739 1181 tegis
750 1120 844 1168 causant
856 1118 932 1183 ipsum

132 1202 174 1253 por
184 1189 274 1239 modurn
288 1188 460 1254 instrumenti.)

164 1261 298 1323 despondeo
313 1261 448 1325 dicendum,
462 1261 523 1326 qnod
537 1276 629 1313 necesse
646 1266 680 1313 est
698 1262 771 1313 dicere
786 1268 933 1315 sacramenta

134 1344 199 1383 nore
212 1332 270 1397 tegis
281 1344 322 1397 qer
332 1331 430 1397 ntiquom
450 1334 541 1384 modum
555 1335 650 1397 gratiam
667 1346 768 1385 causare.
782 1333 931 1385 Manifestum

134 1408 170 1454 est
180 1403 241 1456 eninr
252 1403 312 1468 qnod
321 1416 362 1469 per
378 1409 518 1455 sacramenta
529 1418 593 1456 nore
608 1405 665 1469 legis
675 1405 844 1457 homo-Christo
854 1406 933 1457 incor-

134 1480 241 1542 poratur,
256 1476 317 1526 siout
326 1477 355 1526 dc
373 1478 485 1541 baptismo
500 1477 554 1528 dicit
567 1478 702 1543 iipostoius,
715 1479 750 1528 od
765 1477 864 1537 Galat„
877 1480 910 1529 ili
926 1495 932 1528 :

137 1550 278 1612 «Quotquot
294 1547 319 1598 in
335 1548 425 1599 Christo
441 1548 549 1613 baptismi
568 1550 637 1612 estis,
652 1550 765 1600 Christum
784 1548 902 1601 induistis.
920 1568 933 1597 n

136 1622 187 1672 Non
195 1629 271 1670 autem
279 1620 381 1671 efficitur
391 1623 460 1672 homo
473 1622 598 1672 membrum
609 1622 708 1683 Christi,
721 1621 766 1671 nisi
777 1633 816 1684 per
825 1622 933 1683 gratiam.

136 1693 230 1753 oudam
238 1697 318 1743 tumen
329 1692 410 1743 dmoni
422 1694 483 1758 qudd
495 1708 540 1746 non
550 1695 596 1745 sint
609 1708 676 1745 causa
688 1694 766 1758 gratia
780 1692 865 1755 aliquid
878 1706 934 1758 ope-

137 1766 222 1825 rando,
237 1765 276 1815 sed
287 1764 341 1828 quia
353 1766 428 1827 deus,
439 1768 586 1816 sacramentis
593 1766 709 1825 adhibitis,
719 1766 743 1814 in
752 1764 826 1815 aninna
836 1767 933 1825 gratiam

137 1841 251 1901 operatur.
266 1837 295 1886 Et
307 1841 395 1901 ponunt
414 1837 544 1901 exemplum
558 1838 586 1887 de
599 1837 638 1888 illo
651 1837 690 1900 qui
704 1837 801 1887 aderens
814 1836 934 1887 denarium

137 1909 281 1973 plumbeum,
296 1910 384 1973 accepit
402 1912 495 1959 centum
508 1908 575 1958 libras
593 1922 621 1958 er
637 1909 697 1971 regis
716 1907 871 1971 ordinatione;
889 1922 934 1959 non

137 1979 197 2044 qudd
208 1980 362 2031 denariusiilo
373 1980 460 2043 ahquid
471 1984 576 2047 operetur
587 1982 615 2031 ad
630 1980 757 2030 habendam
767 1980 882 2044 praedicta
894 1994 934 2045 pe·

137 2052 212 2104 cunia
220 2052 377 2117 quantitatem,
389 2052 428 2102 sed
436 2054 479 2102 hoc
489 2056 594 2116 operatur
608 2052 655 2103 sola
669 2053 775 2102 uoluntas
788 2051 861 2115 regis3
874 2054 934 2102 unde

137 2125 300 2175 otdornardus
311 2124 369 2175 dicit
377 2124 407 2173 in
416 2126 512 2187 quodam
522 2136 625 2175 sermono
638 2125 674 2174 De
687 2138 753 2175 roerrc
766 2124 872 2173 Dormiat
883 2124 932 2189 (t):

139 2195 357 2247 «Simtinrestitur
371 2195 495 2245 omnnium
509 2206 550 2259 qen
560 2195 655 2257 librum,
669 2196 739 2265 abbas
751 2206 792 2259 por
809 2194 932 2255 baculum,

137 2268 257 2333 episcopus
266 2281 308 2333 per
320 2268 444 2329 annulum,
457 2268 492 2317 sic
503 2266 629 2319 divisiones
643 2268 764 2331 gratiarnm
774 2268 869 2317 diversas
881 2270 934 2317 sunt

136 2339 393 2391 tradita-moramentis.
401 2351 418 2386 o
426 2339 473 2391 sed
486 2340 565 2403 siquis
574 2340 634 2391 recto
645 2340 774 2391 consideret
783 2340 839 2401 ,iste
851 2340 934 2390 modus

137 2410 337 2462 nmoranrmnuit
354 2409 466 2461 rationem
478 2411 548 2474 signi.
563 2413 619 2463 Nom
633 2412 738 2463 denarius
754 2411 872 2476 plumbens
887 2422 933 2459 non

137 2488 173 2534 est
185 2482 231 2534 nisi
245 2483 356 2546 quoddam
372 2482 459 2547 signum
474 2484 545 2547 rogia
557 2484 703 2535 ordinationis
717 2485 744 2535 de
756 2486 799 2535 hoc
813 2480 874 2546 qndd
887 2494 935 2546 pe-

138 2554 205 2604 cnnia
218 2553 338 2617 recipiatur
350 2554 379 2605 aii
392 2554 446 2606 isto.
463 2555 572 2607 Similiter
592 2556 649 2609 litter
664 2560 699 2608 est
716 2556 827 2621 quoddam
843 2555 934 2620 signum

139 2666 218 2713 orm„
231 2664 273 2709 tib.
290 2663 332 2722 IV,
348 2678 400 2725 caq¹
412 2663 442 2712 57
454 2673 478 2715 et
490 2664 536 2724 'itr
550 2673 574 2714 ot
590 2668 619 2715 de
636 2669 720 2719 verit„
733 2680 773 2725 qu.
791 2666 831 2727 27,
846 2674 891 2713 art.
901 2666 932 2721 t;

94 2740 98 2747 ·
138 2733 163 2771 et
176 2725 301 2782 occulit„
313 2729 369 2789 ΧΠ,
384 2736 427 2777 art.
439 2731 477 2778 it.

171 2797 203 2858 (¹)
218 2800 302 2844 Annon
316 2804 444 2851 Bernardus
457 2811 535 2852 tamen
547 2805 580 2849 sic
592 2804 701 2860 explicari
711 2808 795 2862 potest,
805 2809 831 2847 ut
842 2815 889 2847 non
904 2801 933 2847 ad

138 2861 231 2907 modurn
249 2864 382 2912 conterendi
401 2868 499 2925 qratiam
521 2867 544 2911 id
562 2866 662 2922 reierdt,
681 2868 722 2913 sed
740 2866 883 2912 commmoda
905 2864 933 2909 ad

137 2926 333 3034 effluxionem
347 2931 506 2988 symbolorum
523 2942 575 2987 quae
588 2929 725 2975 adh'duentur
734 2928 839 2975 emtcstds
852 2929 875 2973 in
891 2940 933 2973 sa-
