1942 3284
183 155 212 190 nu
230 155 385 192 sncunununo
402 156 520 192 nanneno
536 154 669 191 uncvronns.
783 145 826 192 itt

26 231 49 280 in
58 229 92 282 eis
106 229 239 292 confertur,
249 242 296 280 non
306 233 431 294 potnerunt
442 233 495 280 ante
508 229 606 294 Spirituis
614 229 687 280 mucii
697 228 827 282 missionem

25 300 183 364 plenissimam
196 301 304 352 institui:
319 301 381 352 unde
401 306 456 352 sunt
469 301 501 352 ita
520 305 661 354 sacramenta
679 315 746 354 novar
758 300 826 365 legis,

26 371 85 434 nndd
100 373 128 422 in
146 373 218 424 veteri
237 372 287 436 lege
306 372 400 436 liguram
421 385 469 423 non
486 373 624 422 habuerunt.
641 373 689 423 Sed
706 373 756 423 haec
770 373 828 424 ratio

26 458 71 495 non
84 443 182 494 multum
196 443 270 507 cogit,
285 444 338 508 quia
351 443 411 494 sicut
430 445 536 494 Christus
553 449 607 496 ante
619 444 748 510 passionem
761 459 826 497 suam

24 515 132 578 promisit
143 517 235 579 plenam
249 515 346 580 spiritus
359 515 432 567 sancti
451 515 600 577 missionem,
618 514 650 566 ita
664 517 741 580 potnit
756 515 829 566 insti-

24 592 90 637 tuere
104 588 157 637 haec
172 590 319 638 sacramenta.
331 587 360 636 nt
369 585 422 637 ideo
436 585 475 636 alii
486 587 573 647 dicunt,
585 586 646 650 qudd
661 585 739 638 omnia
753 599 828 637 sacru

24 662 102 708 menta
117 656 223 708 Christus
239 657 340 708 institnit
356 671 397 721 per
412 657 513 721 seipsum
528 673 534 706 ι
547 659 701 722 seducendam
713 671 754 722 per
765 658 829 722 seip-

24 742 74 778 sum
85 729 250 794 promulgavit,
259 742 310 794 que
321 733 373 779 suut
383 728 476 792 majoris
487 727 627 780 difficultatis
635 730 664 780 ad
674 731 827 782 credendum:

22 802 130 864 quedam
143 804 219 851 autem
229 800 343 866 apostolis
353 800 516 866 promulganda
529 800 665 860 reservavit,
676 801 736 851 sicut
750 804 830 851 extre-

24 885 84 922 mam
104 871 239 923 unctionem
253 874 277 922 et
287 871 492 923 confirmationem.
502 871 532 920 lit
546 873 598 921 hec
615 871 693 935 opinio
708 886 749 936 pro
764 876 829 922 tanto

24 943 115 993 ridetur
131 942 281 1008 probabilior,
300 943 353 1006 quia
375 946 516 992 sacramenta
533 943 561 991 ad
576 942 749 992 fundamentum
770 940 829 1006 legis

23 1015 142 1078 pertinent
157 1017 198 1064 :et
213 1013 265 1065 ideo
282 1015 311 1064 ud
324 1013 476 1076 legislatorem
487 1012 586 1077 pertinet
596 1025 674 1063 eorum
687 1013 804 1064 institutio
822 1029 828 1062 ι

23 1091 46 1135 et
57 1085 144 1137 iterium
152 1122 161 1148 ,
173 1083 225 1149 quia
243 1098 272 1136 ex
286 1084 429 1136 institutione
440 1084 564 1135 efficaciam
582 1083 740 1147 damnaque
753 1085 778 1134 in
796 1083 832 1135 eis

24 1158 117 1209 nonnisi
132 1157 240 1209 divinitus
254 1157 325 1208 inest.

53 1231 88 1280 nd
107 1229 207 1293 primum
227 1242 281 1292 ergo
294 1227 430 1290 dicendum,
443 1225 505 1292 qudd
520 1227 589 1276 multa
608 1224 718 1276 Dominus
735 1225 791 1276 iecit
808 1230 833 1276 et

22 1301 89 1363 dixit,
105 1313 159 1364 quan
176 1299 202 1349 in
218 1298 342 1362 Evangelio
355 1311 402 1349 non
417 1298 572 1348 continentur.
583 1297 626 1346 llla
638 1295 700 1346 enim
714 1295 831 1361 precipue

23 1373 166 1422 curaverunt
178 1370 328 1434 Evangelistu
348 1369 452 1433 tradere,
464 1384 515 1434 que
529 1370 558 1420 ad
572 1367 732 1421 necessitatem
746 1368 829 1420 salutis

23 1449 46 1496 et
59 1443 229 1496 Ecclesiasticae
249 1441 404 1506 dispositionis
414 1441 530 1506 pertinent
544 1455 551 1490 :
569 1445 592 1490 et
604 1440 657 1491 ideo
669 1440 746 1506 potilio
756 1440 830 1492 insti-

24 1519 139 1567 tutionem
153 1513 277 1577 baptismi,
292 1517 315 1564 et
327 1512 480 1578 paenitentia,
497 1515 521 1563 et
533 1510 693 1572 eucharistie,
711 1516 734 1563 et
744 1510 831 1562 ordinis

24 1588 109 1639 laetam
130 1586 143 1636 d
165 1585 256 1637 Christo
274 1589 435 1647 narraverunt,
449 1583 517 1648 quim
533 1587 641 1634 extreme
662 1582 776 1633 unctionis
792 1583 830 1634 vel

24 1656 217 1720 confirmationis,
234 1670 284 1720 quae
297 1669 372 1720 neque
385 1661 439 1706 sunt
455 1657 483 1706 de
498 1654 633 1707 necessitate
645 1653 741 1714 salutis,
756 1666 832 1717 neque

24 1731 52 1781 ad
64 1727 243 1794 dispositionem
254 1728 302 1779 sive
313 1727 483 1779 distinctionem
492 1726 598 1779 Ecclesia
609 1724 733 1790 pertinent.
742 1725 830 1775 Tamen

23 1801 95 1851 etium
116 1799 146 1849 de
161 1798 206 1849 olei
219 1798 327 1850 unctione
346 1797 372 1848 nt
388 1799 473 1848 mentio
484 1798 510 1848 in
523 1797 662 1860 Evangelio,
677 1796 770 1852 ilorci,
782 1795 830 1858 lli,

23 1872 64 1922 nbi
79 1869 175 1933 dicitur,
188 1869 247 1934 qudd
261 1870 363 1936 Apostoli
377 1870 427 1920 oleo
443 1870 560 1933 ungebant
572 1868 686 1918 infirmos.

56 1943 91 1993 Ad
108 1941 234 1992 secundum
253 1941 392 2003 dicendum,
402 1941 463 2004 qudd
481 1940 588 2004 Magister
601 1939 657 1989 dicit
670 1940 699 1989 ab
716 1938 832 2002 apostolis

22 2013 177 2075 institutum,
189 2013 242 2077 quia
255 2026 295 2076 per
305 2012 430 2065 doctrinam
440 2014 601 2078 Apostolorum
614 2011 682 2063 nonis
691 2009 833 2076 promulgata

23 2089 61 2135 cst
82 2085 138 2148 ejus
157 2082 280 2134 institutio.

56 2157 91 2206 nd
107 2153 201 2206 tertium
215 2155 351 2216 dicendum,
363 2154 425 2220 qudd
437 2155 543 2206 Christus
557 2167 603 2205 non
622 2151 727 2204 exhibuit
741 2153 833 2218 aliquod

24 2230 198 2279 sacramentum
215 2225 259 2276 nisi
275 2227 336 2290 quod
353 2227 402 2291 ipse
416 2226 505 2292 accepit
522 2226 548 2276 in
565 2225 712 2288 exemplum:
728 2224 833 2289 accipere

23 2303 106 2350 autem
126 2297 287 2362 paenitentiam
300 2301 324 2348 et
337 2301 461 2349 extremam
478 2296 610 2348 unctionem
622 2295 666 2346 sibi
683 2309 731 2347 non
742 2307 833 2360 compc-

23 2369 91 2420 tebet
98 2405 109 2432 ,
121 2367 176 2432 quia
190 2367 239 2419 sine
250 2371 342 2434 peccato
354 2372 417 2432 erat;
428 2366 481 2420 ideo
496 2381 542 2419 non
553 2365 664 2419 exhibuit.

327 2546 488 2598 innodius
504 2547 543 2596 tlt.

27 2674 124 2718 Utrum
133 2671 212 2716 oleam
221 2671 288 2716 olium
296 2673 327 2716 sit
337 2671 477 2716 corrvcrra'ens
486 2672 589 2717 nicerte
599 2671 672 2726 liujus
682 2670 836 2714 sacramenti.

60 2799 99 2850 nd
114 2799 221 2861 quartum
233 2796 267 2846 sic
280 2797 417 2859 proceditur.
433 2795 529 2848 Videtur
542 2795 603 2862 quid
618 2796 694 2846 oleum
708 2794 777 2846 olive
792 2808 837 2844 non

25 2875 59 2923 sit
77 2867 220 2921 conveniens
233 2868 328 2920 materia
340 2871 409 2936 hujus
423 2870 569 2921 sacramenti.
581 2869 640 2930 Quia
653 2870 698 2920 troc
711 2880 838 2920 sacramen·
