1942 3284
286 205 317 240 os
333 181 525 246 suscnumrmus
540 207 682 246 nummos.
836 199 882 245 157

367 390 523 442 numenius
537 392 597 443 vul.

197 519 356 578 Utrbmfldea
367 521 508 578 requiratur
520 525 627 578 exparte
639 523 761 580 baptizoti.

104 653 137 703 ad
147 655 264 704 octauum
279 651 501 718 sicproceditur(t).
510 651 605 703 Videtur
614 652 673 716 qubd
687 651 744 703 tides
755 653 886 716 requiratur

76 729 181 788 exparte
198 723 322 786 baptizati.
338 725 508 774 Sacramentum
520 724 580 773 euim
597 724 705 788 baptismi
719 724 834 775 ichristo
849 735 885 782 est

78 794 217 847 institutum.
228 797 273 846 Sed
285 795 387 846 Cbn'stus
400 797 494 847 formam
509 795 617 860 baptismi
628 799 718 848 trudens
727 836 734 858 ,
744 799 813 846 iidem
825 797 883 861 bap-

75 867 139 918 tismo
153 868 289 932 praemittit,
305 867 391 931 dicens,
406 871 496 929 dioro,
509 869 567 919 ult:
582 870 647 928 «Qui
659 869 779 920 crediderit
792 874 815 920 et
827 870 884 934 bap·

73 939 157 990 tizatus
174 939 263 1001 inerit,
274 940 350 990 salvus
366 939 416 992 erit.
429 955 443 987 u
456 941 515 1004 Ergo
532 939 622 990 ridetur
631 940 700 1004 qudd,
714 941 760 991 uisi
769 940 800 990 sit
812 941 881 1002 fides,

73 1024 118 1061 non
133 1011 215 1076 possit
231 1024 281 1060 esse
297 1016 461 1062 sacramentnm
473 1012 590 1076 baptismi.

104 1089 129 1132 u.
148 1085 280 1146 Praeterea,
295 1083 352 1132 nibil
365 1084 447 1134 tursua
464 1083 488 1133 iu
508 1082 655 1134 sacramentis
669 1084 778 1134 Ecclesia
797 1084 879 1146 agitur.

74 1155 129 1218 Sed,
145 1153 275 1204 secuudum
288 1154 356 1204 ritum
370 1155 488 1218 Ecclesia,
498 1154 537 1204 iile
547 1154 586 1217 qui
596 1153 684 1205 accedit
697 1155 726 1204 ad
734 1154 879 1220 baptismum,

74 1228 102 1277 de
122 1226 173 1276 iidc
192 1226 357 1287 interrogatur,
381 1225 432 1276 cinm
455 1224 537 1276 dicitur
552 1240 558 1273 z
574 1241 589 1273 «
610 1227 690 1276 Credis
708 1226 731 1275 iu
751 1228 823 1276 Deum
838 1229 883 1276 Pu-

77 1297 152 1348 trem?
170 1314 183 1344 u
198 1301 243 1349 etc.
259 1299 318 1363 Ergo
332 1298 422 1349 videtur
435 1297 496 1362 qnid
514 1298 571 1348 tides
584 1298 613 1348 ad
627 1298 765 1364 baptismum
778 1298 883 1362 requira-

76 1372 120 1420 tur.

109 1448 133 1492 3.
150 1444 283 1504 Praeterea,
298 1443 327 1492 ad
339 1442 478 1506 baptismum
492 1443 614 1506 requiritur
631 1443 728 1492 intentio
742 1441 883 1506 suscipiendi

79 1517 257 1564 sacramentum.
275 1514 319 1564 Sed
331 1516 375 1565 boc
389 1527 435 1565 nou
455 1518 594 1578 potestesse
608 1515 658 1565 sine
677 1519 738 1565 recta
755 1515 808 1575 fide,
828 1514 880 1564 ciun

79 1585 208 1650 baptismus
226 1586 256 1636 sit
269 1590 333 1638 rectu
347 1587 399 1636 iidei
413 1590 594 1648 sacramentum
608 1600 651 1649 per
661 1599 713 1636 enm
728 1587 789 1636 enirn
807 1587 885 1636 incor-

82 1660 191 1720 porantur
203 1657 308 1708 homines
324 1659 421 1722 Christo,
431 1662 457 1707 ut
469 1658 610 1721 Augustinus
621 1658 678 1707 dicit
690 1657 714 1706 iu
725 1658 766 1706 tib.
779 1659 814 1708 De
822 1658 882 1722 bop-

82 1729 158 1778 ticmo
172 1728 341 1792 paruulorum
354 1729 399 1792 (t),
415 1729 461 1778 Hoc
475 1733 550 1778 autem
562 1741 609 1778 uon
619 1731 754 1792 potestesse
763 1727 813 1778 sine
822 1732 884 1778 recta

82 1800 131 1863 tide,
151 1799 278 1850 secundum
291 1801 347 1850 iilud
368 1799 473 1864 Epiros„
493 1801 525 1850 lli
540 1814 547 1850 ε
567 1817 581 1846 «
595 1799 700 1849 Habitare
712 1799 828 1852 Christum
841 1813 883 1864 per

84 1871 146 1921 iidem
168 1871 193 1920 iu
209 1871 313 1921 cordibus
334 1871 423 1923 vestris.
445 1888 458 1919 u
474 1872 535 1935 Ergo
548 1871 638 1920 videtur
652 1870 713 1934 qudd
727 1870 764 1921 ille
783 1871 883 1935 quinon

84 1941 148 1992 habet
164 1945 251 1992 rectam
271 1941 351 2006 fidem,
366 1955 412 1992 noo
429 1942 501 2006 possit
515 1942 631 2006 suscipere
643 1944 809 1992 sacramentum
822 1942 881 2007 bap·

85 2011 151 2064 tismi.

114 2089 136 2135 t.
150 2088 276 2146 Proterea,
288 2087 408 2138 infidelitas
417 2091 452 2138 eat
466 2085 625 2148 gravissimum
639 2090 766 2149 peccatum,
778 2089 804 2134 ut
817 2085 841 2134 in
853 2086 882 2135 u.

86 2161 137 2220 part.
156 2158 261 2207 habitum
276 2163 311 2208 est
323 2163 353 2220 tu,
363 2163 388 2219 2,
399 2174 438 2222 qu.
459 2162 497 2219 10,
510 2161 554 2207 art.
570 2159 608 2217 tt.
627 2157 671 2207 Sed
684 2159 846 2220 permanentes
860 2157 882 2206 iu

86 2233 173 2290 peccato
187 2241 235 2278 non
252 2232 307 2278 sont
319 2229 455 2294 baptizandi.
473 2230 534 2292 Ergo
551 2229 619 2279 etium
633 2241 675 2279 uec
689 2231 847 2292 permanentes
860 2229 885 2278 in

88 2297 228 2350 infidelitate.

114 2373 158 2422 Sed
177 2373 257 2421 contra
273 2374 316 2431 est,
329 2373 389 2434 qnod
401 2371 524 2436 Gregorius
536 2372 639 2422 scribens
650 2371 744 2430 Quirino
759 2371 882 2436 Episcopo,

88 2441 137 2492 dicit
158 2459 164 2492 :
182 2459 196 2489 u
217 2443 251 2492 ab
267 2443 358 2504 antiqua
379 2443 470 2494 Patrum
491 2443 633 2494 institutione
652 2442 787 2506 didicimus,
802 2447 828 2493 ut
844 2444 883 2506 qui

88 2515 141 2576 apud
157 2513 263 2566 baeresim
277 2514 301 2564 in
315 2513 432 2565 'trinitatis
443 2515 536 2566 nomine
546 2515 697 2580 baptizantur,
713 2513 766 2564 cbm
780 2515 809 2566 ad
820 2526 885 2565 souc-

119 2683 190 2747 (1)De
210 2687 247 2732 bis
267 2687 337 2732 etiam
349 2689 390 2745 IV,
405 2687 483 2738 Seni„
495 2689 549 2734 dist.
569 2687 594 2747 6,
606 2700 646 2745 qu.
667 2686 691 2744 1,
706 2692 751 2734 art.
771 2686 796 2746 3,
807 2700 883 2744 qums·

92 2748 156 2794 tiunc.
169 2749 193 2807 1,
205 2755 230 2795 et
240 2762 280 2806 qu.
300 2750 323 2805 Ξ,
341 2755 384 2796 uri.
402 2751 430 2813 Ξ,
446 2754 582 2808 qumstiunc.
602 2750 626 2804 3;
644 2755 667 2796 ct
680 2749 734 2797 dist.
751 2750 775 2809 9,
790 2756 834 2795 nrt·
860 2750 885 2809 2,

92 2813 220 2867 questione.
231 2813 256 2873 t,
269 2813 297 2856 ad
309 2813 334 2859 Ξ.

120 2880 150 2942 tii
165 2885 216 2929 Sive
235 2887 268 2929 tte
279 2887 429 2942 peccatorum
451 2887 544 2932 meritis
566 2891 587 2932 et
600 2887 798 2938 remissiorem
816 2883 886 2926 etism

91 2955 146 2990 nuuc
159 2945 301 3006 inscribitur,
320 2959 371 3004 cap.
389 2947 429 2992 26.
486 2947 489 2951 ”
