1942 3284
110 157 157 204 552
189 177 193 184 ·
275 157 335 194 rans
350 157 390 206 ιιι,
407 157 499 202 nornen.
515 157 617 204 nxurx,
633 158 687 193 nnn.
706 158 740 193 rr.

35 273 37 277 .
111 243 137 284 ee
150 229 234 292 hebeno
248 231 357 296 majorem
369 229 510 282 fidnciamad
527 230 656 294 Christum
667 231 782 295 putemur
800 233 829 282 in
846 247 920 289 eoeua

111 315 158 354 non
174 300 431 364 audehatinterrogare,
444 301 483 354 sot
497 301 579 352 ioanni
590 300 792 364 interrogationem
809 305 920 354 mommi-

113 373 158 430 sit‚
174 371 227 422 huie
243 374 323 435 postea
343 375 367 422 et
384 370 531 435 prepositura
543 371 638 421 fratrum
653 371 740 422 medita
756 374 811 434 est;
826 377 854 424 et
867 387 918 425 non

110 440 184 492 solinus
195 453 242 492 non
252 439 373 492 committit
382 441 447 494 alteri
458 441 597 504 interrogare
605 455 657 504 quar
669 441 698 490 ad
709 441 788 504 ipsum
796 443 916 505 pertinet¹

111 512 152 564 sed
164 511 192 564 de
201 511 287 576 reliquo
297 512 345 576 ipse
357 523 398 576 pro
408 512 494 562 toanue
507 511 639 574 magistrum
651 510 784 575 interrogat.
793 529 810 558 u

395 688 554 741 runcones
569 688 606 739 lv,

113 811 197 858 Utrr'tm
207 812 403 869 operavirtotum
411 813 438 856 to
446 812 564 857 alteritate
573 813 643 866 ,taeta
649 814 907 868 perstratmorttficorr'.
950 876 951 895 χ

131 933 174 986 'td
192 930 296 1000 quartum
309 934 342 986 sie
354 935 490 1000 proceditur.
499 935 595 992 Videtur
602 933 664 1000 quon
676 947 747 999 opera
756 937 869 988 virtutum
877 939 904 987 in
950 932 951 969 ι

110 1005 217 1058 charitate
237 1006 311 1070 taem,
324 1003 455 1056 mortificari
470 1017 518 1056 non
529 1005 627 1069 possint.
641 1006 707 1073 Quod
720 1005 783 1056 enim
799 1013 899 1064 nonest,

109 1074 224 1126 immutari
239 1089 285 1128 non
297 1078 379 1140 potest.
390 1075 436 1126 Sed
448 1075 590 1126 mortificatio
600 1078 636 1125 est
647 1077 750 1138 quedam
763 1077 860 1127 mutatio
871 1079 899 1127 de

109 1145 196 1196 vitain
213 1150 316 1212 mortem.
330 1143 386 1195 Cim
404 1157 457 1208 ergo
476 1157 545 1209 opera
559 1145 683 1204 uirtutum,
699 1150 821 1209 postquam
838 1145 899 1198 naua

110 1219 179 1276 snut,
196 1219 245 1278 jam
266 1227 312 1266 non
328 1215 389 1276 sint,
402 1215 492 1266 uidetur
507 1213 568 1278 quod
584 1213 680 1265 ulteriits
700 1215 828 1267 mortificari
850 1229 897 1268 non

110 1285 205 1348 possint.

140 1357 164 1405 2.
179 1356 300 1416 Preteraa,
314 1367 355 1419 ρει
369 1367 437 1418 opera
451 1353 559 1405 virtutum
578 1354 604 1406 in
619 1354 729 1404 charitato
741 1353 813 1414 meta,
825 1356 892 1406 homo

110 1427 208 1476 meretur
220 1425 291 1476 sitam
310 1427 426 1476 eternam.
441 1424 485 1476 Sed
496 1424 627 1475 subtrahere
647 1423 776 1474 mercedem
787 1426 892 1487 ιιιειειιιι,
950 1486 951 1491 ¹

96 1499 145 1568 ⁶est
159 1493 336 1560 injustitiaque
354 1508 401 1546 non
417 1493 479 1546 eadit
496 1494 522 1545 in
533 1495 613 1547 Deum.
626 1493 686 1558 Ergo
699 1506 747 1544 uon
763 1497 891 1560 potestesse

108 1564 168 1630 putu
179 1577 249 1630 opera
257 1565 365 1620 uirtutum
380 1566 406 1616 iu
421 1565 531 1616 charitate
540 1565 609 1625 fane,
620 1567 788 1630 perpetratum
800 1578 889 1630 sepmns
950 1602 951 1609 ι

107 1634 275 1688 mortificentur.

140 1710 163 1761 3.
180 1708 300 1770 Praeterea,
313 1706 393 1762 furtiue
405 1719 451 1757 non
463 1704 754 1770 corrumpituradebilioui.
768 1705 815 1758 Sed
827 1721 889 1772 opem

108 1777 224 1831 eharitatis
237 1781 291 1828 sunt
307 1777 399 1828 fortioro
411 1775 549 1840 quibuslibet
565 1775 678 1840 peccatis,
689 1774 760 1840 puna,
774 1780 802 1826 nt
813 1776 888 1828 dicitu

107 1847 233 1904 Propero..
247 1849 276 1912 X,
295 1865 308 1896 o
314 1847 418 1900 universa
429 1845 511 1900 deficta
522 1845 597 1910 operit
604 1845 731 1896 charitas.»
741 1847 803 1908 Ergo
808 1847 887 1898 ritetm

106 1915 166 1982 quod
182 1930 250 1982 opera
265 1918 291 1968 in
299 1917 407 1968 charitate
424 1915 492 1980 tacu,
502 1930 544 1983 per
558 1929 657 1981 sequens
668 1917 766 1968 mortale
777 1922 886 1981 ρεεειιριι
950 1946 951 1951 1

106 1986 235 2038 mortificari
247 1999 293 2036 non
306 1990 409 2050 possunt.

137 2056 184 2107 Sed
193 2061 271 2106 eontra
284 2063 329 2119 est,
346 2057 406 2119 qnod
414 2055 497 2108 dieitur
509 2053 607 2109 Eueni..
621 2054 706 2105 thlt:
722 2071 737 2103 o
750 2055 777 2106 Si
789 2056 885 2108 anement

105 2124 214 2188 sejustus
232 2123 244 2174 t
253 2124 343 2189 jnstitia
352 2138 410 2188 sua,
423 2137 504 2176 omnes
516 2121 670 2190 justitiarius
682 2137 739 2188 quas
747 2126 885 2190 ieoemtnon

39 2223 42 2229 ·
105 2195 288 2246 recordabuntur.
306 2211 321 2244 u
950 2200 951 2215 ³

137 2265 409 2332 (concursio-Opera
425 2266 451 2316 in
460 2265 570 2319 maritate
583 2265 642 2315 faeta
653 2264 776 2318 maritima
783 2281 825 2332 ρει
833 2281 884 2318 mar-

105 2334 150 2386 tale
165 2340 282 2400 peecatum
295 2336 409 2402 dicuntur,
424 2337 450 2388 in
464 2341 576 2402 quantum
588 2335 713 2388 retardatur
726 2338 766 2388 rei
775 2339 885 2403 impetitu
950 2366 951 2371 κ

104 2405 197 2456 effeetus
209 2404 359 2460 virtuosarum
371 2406 555 2472 operationum.)
663 2404 674 2426 ⁴
950 2428 951 2431 ¹

136 2477 269 2540 Respondet
278 2477 405 2542 dicendum,
415 2477 475 2542 quod
487 2490 525 2528 res
534 2476 588 2527 utra
595 2489 636 2542 per
645 2479 740 2527 mortem
752 2478 827 2540 perdit
838 2493 884 2544 ope

104 2547 215 2598 rationem
233 2548 302 2613 vitae3
321 2551 380 2602 unde
399 2563 440 2614 ρει
457 2549 577 2614 quamdam
595 2547 765 2598 similitudinem
788 2549 885 2602 dienntm

105 2630 143 2668 res
152 2616 295 2678 mortificari,
306 2619 395 2682 quaudo
406 2616 560 2684 imperiturum
572 2617 587 2667 a
599 2629 641 2666 suo
653 2616 746 2679 proprio
760 2617 842 2669 enecta
852 2621 884 2669 ret

106 2688 244 2752 operatione.
259 2687 358 2738 Effectus
370 2693 445 2740 autern
461 2701 555 2753 operum
567 2689 728 2748 virtuosorum,
740 2701 792 2749 qua
803 2689 828 2738 in
839 2691 884 2738 etta

105 2759 172 2809 ritate
189 2759 257 2818 fiunt,
272 2763 308 2808 est
326 2759 447 2824 perducere
466 2760 582 2810 advitam
592 2762 710 2821 eternam
722 2760 783 2821 qnod
801 2760 884 2823 quidem

104 2829 225 2896 impeditur
233 2841 273 2896 per
289 2833 406 2896 peecatum
419 2830 513 2890 morule
525 2840 633 2898 sequens,
646 2828 705 2896 quod
718 2827 816 2892 gratian
824 2831 883 2892 etit,
