1942 3284
280 134 311 169 nn
327 133 481 170 uenantum
499 135 670 172 POERITRMIAE.
828 137 874 187 685

47 209 146 260 tutione
164 207 275 259 Christi.
293 207 354 270 Sed,
367 207 427 260 siout
442 208 617 270 legiturlonn„
632 212 697 275 vul,
707 213 813 268 (inrisus
821 231 873 270 mn-

47 281 135 333 lierem
162 279 302 330 adulteram
324 279 420 330 absuirit
439 279 525 342 ubsque
542 281 683 344 penitentia.
699 285 758 349 Ergo
782 289 873 342 vitetur

48 351 114 416 quod
128 349 285 414 poenitentia
298 361 345 400 uou
356 350 387 400 sit
399 351 426 400 de
436 350 575 402 necessitate
586 353 675 405 urens.

79 423 132 474 Sed
143 424 242 472 contra
256 423 304 482 est,
316 421 374 485 quod
388 421 497 471 Dominus
506 420 577 484 dieii,
590 424 661 481 nne..
675 425 740 477 vltra
757 429 807 479 «Si
816 443 868 494 poe·

48 493 184 545 nitentium
200 505 255 543 uon
263 492 398 553 habueritis,
412 505 492 543 omues
504 493 572 542 eirnul
584 495 719 556 peribitis.»

84 566 309 630 (consumsim-
319 563 369 612 Nou
385 565 421 612 est
436 563 577 626 poeniteutim
587 571 752 619 sacramentum
767 571 868 628 absoluat

49 635 79 685 ad
93 635 209 685 salutem
220 632 418 693 necessariorum
428 632 562 696 baptismus,
572 635 613 686 seri
625 635 655 685 iis
661 637 751 689 tantinm
759 641 799 703 qui
808 656 866 706 pee-

51 706 101 755 eati
114 704 155 755 rei
166 703 253 766 suut.)

83 774 244 838 Respondeo
256 771 392 834 dieeuduur,
405 771 465 836 unu
481 773 565 837 aliquid
576 779 614 827 est
629 780 782 831 momerium
795 784 823 836 ai
831 797 868 834 sa·

50 844 130 894 intem
144 844 297 908 duplicitate
311 856 358 895 nno
373 844 439 894 modo
454 842 555 895 absolute
562 882 572 908 ,
585 844 630 896 alio
646 849 714 899 morio
726 863 756 900 ex
765 856 870 917 supposi-

55 915 131 966 tione.
150 913 271 966 Absolute
283 913 373 977 quinem
386 914 538 965 necessarium
548 920 584 966 est
601 917 629 967 ad
642 918 738 969 salntem
750 922 806 973 iliud
818 925 868 976 siue

53 999 102 1048 quo
116 986 208 1036 nullus
222 986 317 1036 salutem
330 985 440 1048 consequi
453 989 538 1048 potest,
547 986 607 1038 ment
619 989 690 1049 grafia
701 991 788 1042 Christi
800 1000 824 1045 et
833 1009 869 1048 sa·

55 1062 214 1109 uramentum
233 1055 352 1120 baptismi,
363 1069 403 1121 per
416 1057 477 1119 quod
492 1056 573 1120 aliquis
590 1057 613 1108 in
629 1059 720 1111 Christo
732 1066 866 1120 renascitur.

57 1129 94 1177 Ex
111 1127 280 1193 suppositione
300 1131 375 1178 autem
388 1134 425 1178 est
439 1127 592 1178 necessarium
608 1136 775 1184 strumentum
791 1138 869 1198 poeni·

56 1198 152 1262 tentia,
169 1197 337 1264 quodquidam
351 1201 388 1248 eet
400 1197 561 1259 necessarium,
572 1211 619 1250 uon
635 1201 751 1262 omuibus,
763 1206 804 1256 sei
815 1218 869 1270 pen·

60 1274 113 1321 rato
128 1270 319 1335 subjacentibus.
334 1269 420 1320 Dicitur
435 1269 497 1318 enim
513 1269 534 1318 ii
544 1270 688 1335 Pernltpp„
703 1274 746 1324 ult.
765 1275 807 1336 (iu
818 1289 869 1327 ora·

60 1339 127 1391 tione
142 1341 269 1401 Manasse)
284 1355 290 1391 :
309 1340 382 1400 «Tu,
396 1338 490 1388 Domine
504 1340 563 1390 tiens
574 1340 701 1404 justornm,
716 1357 762 1394 nou
772 1345 869 1408 posuisti

59 1411 235 1472 poenitentiam
242 1409 319 1474 justis,
328 1410 449 1468 Abraham,
461 1411 526 1459 lsaae
533 1413 557 1458 et
566 1411 643 1474 Jacob,
654 1415 678 1462 et
685 1412 714 1463 iis
722 1416 762 1478 qui
771 1417 814 1467 tini
822 1431 868 1468 uon

62 1485 236 1544 peecaverunt.
253 1497 268 1528 n
283 1481 403 1530 Pensatum
415 1483 492 1530 autem
503 1496 518 1527 n
526 1479 578 1529 cium
591 1491 771 1534 eonsummetum
790 1488 866 1549 tuerit,

63 1557 165 1615 genem
176 1555 308 1612 morienne
322 1556 348 1601 ut
358 1550 440 1601 dieitur
452 1551 516 1607 Juc..
531 1551 551 1599 1.
565 1551 595 1600 lit
606 1551 658 1602 ideo
670 1556 822 1607 necessarium
833 1563 868 1609 est

63 1623 93 1672 ad
111 1623 218 1674 salutem
236 1621 374 1686 peccatoris,
388 1620 448 1684 quod
468 1623 588 1684 pestutum
609 1627 750 1674 remorentur
770 1627 798 1677 ab
816 1641 864 1680 eo:

66 1695 129 1756 quod
143 1693 241 1758 quidem
254 1705 299 1743 nou
313 1696 387 1756 potest
403 1692 452 1742 fleri
465 1692 517 1742 sine
527 1691 666 1754 poenitentia
679 1702 828 1761 sacramento,
842 1715 867 1751 ru

66 1775 113 1825 quo
126 1767 239 1828 operatur
248 1763 321 1812 virtus
333 1761 445 1826 passionis
454 1762 549 1824 Christi,
561 1774 602 1825 per
614 1763 778 1816 absolutionem
792 1782 867 1821 sacer·

66 1834 128 1886 iotis
141 1835 215 1885 simui
231 1847 364 1898 sumopere
385 1833 532 1897 poenitentis,
551 1832 590 1896 qui
603 1840 736 1897 cooperatur
747 1841 825 1902 gratim
838 1844 866 1892 ad

67 1903 249 1957 destructionem
269 1905 371 1968 peceati3
393 1903 532 1954 sicutenim
556 1903 611 1954 nteit
633 1907 771 1968 Augustinus
790 1925 868 1974 super

67 1973 143 2025 Jourr.
161 1975 252 2039 (Tuast.
270 1975 359 2024 txxu.
379 1975 415 2024 De
437 1989 513 2023 serm.
531 1975 570 2033 nt,
585 1976 622 2024 De
639 1975 721 2025 verbio
741 1979 865 2043 Apostoli,
949 2036 950 2041 ,

71 2055 122 2107 erp.
139 2045 188 2108 xl)
205 2060 237 2092 :o
253 2044 295 2102 Qui
307 2043 391 2094 crearit
404 2047 428 2094 te
445 2044 495 2094 siue
516 2046 557 2105 te,
569 2057 617 2096 nou
628 2044 762 2107 justificabit
780 2056 802 2103 te
815 2053 865 2104 sine

69 2119 101 2164 te.
112 2131 126 2162 o
137 2116 204 2166 Unde
219 2117 283 2178 patet
299 2113 359 2178 quid
373 2118 535 2164 sacramentum
550 2115 690 2177 punitentia
704 2123 740 2169 est
756 2134 865 2174 neeessa-
947 2148 948 2153 κ

70 2185 129 2235 rium
147 2187 287 2237 adsalutem
307 2189 358 2248 post
373 2190 506 2249 peceatum,
522 2185 582 2234 sicut
600 2188 719 2239 medicatio
733 2193 864 2256 corporalis,
945 2200 954 2259 33

72 2262 193 2321 postquam
208 2259 275 2307 homo
290 2255 314 2306 iu
329 2257 431 2307 morbum
444 2257 595 2320 periculosum
607 2258 721 2310 inciderit.

103 2330 137 2379 td
152 2329 252 2394 primunr
264 2341 318 2390 ergo
337 2328 468 2390 dicendum,
482 2327 543 2392 quiri
557 2329 635 2379 titossa
653 2330 691 2382 ille
711 2333 866 2387 videturesse
942 2366 954 2393 ,-

71 2392 221 2464 intelligenda
229 2401 257 2450 rie
271 2412 298 2450 eo
307 2398 345 2448 cui
358 2399 424 2449 adest
435 2399 495 2448 boun
508 2399 670 2451 rotuntussine
678 2402 864 2469 interpolatione,

75 2482 122 2528 qna
132 2470 158 2520 fit
171 2485 212 2535 per
224 2474 354 2533 pennatum,
367 2468 419 2519 talis
432 2469 494 2519 enirn
509 2471 635 2521 nonhabet
652 2471 750 2525 tristitie
762 2489 863 2528 eausam.
940 2500 941 2509 ¹

74 2539 116 2590 Sed
130 2555 159 2592 ex
176 2553 221 2604 quo
238 2541 296 2590 hona
311 2541 415 2591 voluutas
430 2540 517 2590 tollitur
533 2554 573 2604 per
590 2546 722 2605 peemtum,
733 2559 777 2596 uon
788 2552 865 2610 potest
952 2594 954 2605 .

73 2611 159 2662 restitui
170 2612 221 2662 sine
232 2611 331 2672 tristitia,
338 2624 382 2674 qua
389 2610 440 2674 quis
447 2612 509 2663 dolet
518 2611 546 2662 de
558 2618 652 2676 peceato
661 2617 792 2680 preterito,
803 2620 864 2680 quod
952 2622 954 2641 ¹

17 2733 20 2746 ‚
76 2682 169 2742 pertinet
181 2682 209 2731 att
221 2681 385 2745 penitentiam.

104 2753 138 2802 Ad
147 2751 272 2804 secuudum
283 2751 415 2814 dicendum,
427 2752 488 2816 quid
498 2766 528 2803 ex
545 2767 591 2817 quo
604 2753 686 2818 aliquis
698 2760 817 2820 pennatum
829 2759 864 2809 iu·

77 2822 158 2887 enuit,
172 2821 285 2885 charitas,
300 2823 370 2886 tides,
385 2824 534 2874 misericordia
549 2839 595 2875 uon
611 2825 708 2877 liberant
722 2827 865 2878 hominemi
