1942 3284
126 233 172 283 868
257 239 443 281 charmarum
448 264 457 291 ,
472 238 568 286 onmsr.
584 240 672 290 mcx,
687 241 747 278 nur.
765 241 802 279 rr.

134 321 147 371 a
159 318 306 384 susceptione
315 319 417 370 ordinum
429 317 545 382 prohiberi
556 319 648 381 propter
655 315 780 380 sangrnnis
793 317 927 368 chunonem.

166 395 192 441 n.
211 391 337 453 creterra,
352 393 446 453 propter
459 392 536 438 actum
549 386 642 437 virtutis
659 387 739 437 nullus
753 388 823 440 dehet
835 389 932 454 impediri

134 462 164 512 ah
186 459 261 524 ahquo
276 461 423 510 sacramento.
440 459 482 510 Sed
505 459 628 522 aliquando
649 459 748 521 sanguis
760 459 932 524 edunditmper

133 532 261 598 justitiam,
274 530 358 582 sicuti
370 531 458 594 judice,
473 531 496 580 ei
507 534 616 593 peccaret
625 529 716 580 hahens
729 531 853 594 citimum,
866 532 934 582 §nou

137 603 270 656 eiinuderet.
284 603 344 665 Ergo
355 615 401 653 nun
411 599 533 666 impeditur
543 605 639 665 propter
650 601 698 652 hoc
711 601 726 652 d
739 605 880 653 sacmmenti
890 617 934 653 sm·

132 676 246 740 ceptione.

168 751 192 795 3.
206 745 332 806 Praeterea,
349 757 417 807 poena
430 755 477 794 uon
487 742 583 793 dehetur
592 743 640 793 nisi
650 744 735 808 culpe.
748 742 798 796 Sed
805 746 936 810 aliquiss'me

141 819 208 882 culpa
220 816 356 880 quandoque
371 813 516 866 homicidium
532 813 670 880 committit,
683 817 745 866 sicat
754 831 781 868 se
792 819 935 879 defendendo,

134 887 254 941 ueletiam
268 887 402 938 casualiter.
422 887 481 950 llrgo
495 899 543 937 non
558 887 628 938 dehet
642 887 764 940 incurrere
776 889 939 956 irregnancrt's

133 973 233 1024 paruam.

166 1031 212 1082 Sed
230 1033 309 1082 contra
325 1033 370 1082 hcc
388 1033 441 1080 snut
457 1030 524 1094 plura
543 1029 664 1080 canonum
684 1034 792 1095 saluta,
807 1037 832 1085 et
842 1031 934 1084 Ecdssiae

135 1103 284 1154 consuetudo.

173 1174 369 1236 (concussio-
379 1171 490 1233 Quoniam
504 1171 564 1235 paci,
577 1171 646 1233 cujus
659 1174 810 1226 eucharistia
825 1187 936 1227 cccccccccc

140 1248 190 1296 turn
205 1249 255 1308 est,
272 1244 370 1296 maxime
386 1246 498 1308 repugnat
517 1241 687 1306 homicidium,
705 1245 837 1298 homicida
853 1247 937 1297 aaran
963 1294 965 1297 .

139 1319 243 1366 arcentur
258 1315 382 1376 ordinibus,
399 1327 428 1366 ex
442 1313 550 1364 llcclesie
564 1318 684 1377 prerepto
691 1352 702 1379 ,
714 1329 766 1366 nou
780 1324 861 1370 aulem
872 1329 938 1367 ucre-
963 1338 965 1373 ξ

140 1387 206 1437 sitate
218 1386 294 1450 aliqud
304 1385 458 1450 sacramenti.)

172 1457 308 1520 despondeo
325 1457 460 1519 dicendum,
478 1455 536 1520 qnod
559 1468 640 1506 ramnes
659 1458 759 1509 ordines
778 1461 901 1513 referuntur
914 1470 938 1508 ar
963 1504 965 1521 ,

141 1528 283 1580 eucharistie
299 1533 464 1579 sacramencum
472 1565 481 1592 ‚
496 1527 556 1590 quod
570 1531 606 1578 cst
619 1534 801 1582 sacramentum
811 1533 875 1597 paris
885 1530 937 1581 adia
963 1526 965 1595 i

142 1599 208 1652 iactae
221 1614 262 1664 per
277 1601 408 1651 allusionem
429 1597 547 1664 sanguinis
565 1597 710 1650 christini
728 1603 789 1666 quia
808 1601 934 1656 dommim
963 1632 965 1653 .

143 1669 242 1723 maxime
260 1672 408 1723 contrariatur
422 1672 489 1736 paci,
505 1675 529 1722 et
545 1669 671 1721 homicida
689 1671 771 1736 magis
786 1676 936 1726 confermarint

144 1743 298 1793 occidentibus
317 1743 440 1805 Christum,
454 1741 521 1806 quam
541 1741 585 1806 ipsi
599 1741 692 1792 Christo
712 1745 815 1809 occiso,
828 1747 865 1796 rui
877 1753 936 1795 cuca

144 1813 244 1864 ministri
256 1814 359 1878 predicti
370 1813 506 1865 sacramenti
515 1814 598 1864 dehent
605 1811 761 1879 conformari,
775 1817 832 1868 ideo
844 1819 870 1868 de
878 1825 939 1866 neus

146 1885 212 1936 sitate
226 1886 334 1950 praecepti
342 1889 387 1948 est,
402 1885 463 1949 qudd
477 1899 523 1936 non
532 1885 562 1934 sit
572 1883 690 1935 homicida
703 1887 748 1950 qui
762 1890 795 1938 ad
804 1891 893 1941 ordines
899 1897 939 1950 ht*
963 1886 965 1913 ²

146 1959 259 2019 movetur,
271 1957 375 2019 quamvis
389 1969 435 2006 non
446 1955 477 2006 sit
490 1956 518 2006 de
530 1955 666 2025 necessitate
678 1961 841 2011 sacramenti.

178 2028 211 2076 nd
221 2027 318 2091 primum
327 2041 379 2089 ergo
390 2027 518 2088 dicendum,
530 2025 590 2090 qudd
602 2028 669 2075 vetars
677 2025 720 2076 lex
733 2027 857 2080 inferebat
866 2039 939 2094 [ωε
963 2030 965 2033 ’

146 2097 272 2162 sanguinis,
281 2108 324 2148 nou
339 2101 414 2149 autem
425 2099 462 2149 lex
475 2110 542 2148 nova.
556 2099 585 2147 lli
598 2097 650 2147 ideu
664 2109 713 2148 non
728 2105 768 2148 est
781 2101 860 2154 simile
874 2103 939 2152 dem·

150 2165 228 2217 nistris
241 2171 325 2220 veteris
338 2174 361 2221 et
377 2185 441 2222 noua
453 2170 524 2233 legis,
534 2182 584 2234 qna
596 2172 631 2219 est
646 2185 661 2216 (ι
673 2170 762 2233 iugum
776 2186 852 2225 suere
864 2179 887 2224 et
897 2181 941 2222 onas

146 2238 197 2290 lere
206 2256 220 2286 n
238 2241 357 2304 (Mutila,
369 2245 401 2294 ill
411 2243 430 2306 ).

180 2312 215 2362 hd
231 2315 354 2364 secundum
371 2315 505 2376 dicendum,
523 2313 583 2377 quod
594 2311 755 2376 irregularitas
772 2328 825 2365 non
836 2315 943 2366 incurutrr

150 2387 243 2448 propter
257 2391 374 2448 peccatum
390 2386 494 2447 tactim,
510 2387 548 2436 sed
562 2384 718 2449 principaliter
735 2389 838 2450 propter
849 2385 942 2449 ineptire

150 2458 227 2508 dinem
241 2471 342 2522 personae
357 2459 385 2508 ad
399 2461 561 2509 sacramentnm
570 2455 715 2507 eucharistiae
727 2455 942 2508 ministrandumn

151 2528 203 2579 ideo
218 2529 290 2592 judex
308 2533 331 2579 et
344 2543 422 2596 omnes
435 2530 474 2594 qai
492 2529 517 2579 iu
536 2541 603 2578 cansa
621 2527 746 2590 sanguinis
763 2528 790 2578 ei
802 2529 942 2594 participant,

152 2601 208 2648 sunt
221 2597 366 2663 irregulares,
381 2601 526 2664 propterhoc
533 2598 590 2663 qudd
602 2597 683 2650 allusio
694 2598 824 2661 sanguinis
838 2613 886 2652 uon
893 2599 942 2648 dna:

151 2667 268 2720 ministros
287 2671 340 2720 dicti
351 2671 495 2721 sacramenti.

182 2738 216 2787 nd
235 2741 325 2790 tertium
345 2741 479 2804 dicendum,
496 2740 557 2810 qudd
572 2740 647 2790 nullus
667 2739 725 2790 lacit
745 2741 796 2792 nisi
817 2743 876 2795 illud
893 2756 940 2800 arpa

152 2812 224 2884 causa*
239 2814 288 2872 est,
300 2813 358 2874 quod
372 2816 407 2861 est
420 2813 572 2863 voluntarium
584 2812 609 2860 in
624 2811 773 2864 haurirent
789 2815 848 2867 ideo
865 2815 900 2866 ille
913 2825 935 2872 a·-

149 2887 258 2935 ignorans
276 2881 391 2930 hominem
405 2883 486 2938 occidit
501 2882 621 2947 homicidio
638 2882 742 2948 casirali,
752 2897 804 2936 non
816 2887 899 2938 diriter
912 2883 940 2928 n·

157 2943 247 3010 minida,
260 2961 303 2998 nec
316 2949 504 3014 irregularitatem
515 2950 625 3017 incenit,
640 2953 686 3003 nisi
699 2966 803 3018 operam
815 2957 901 3010 dederit
910 2951 938 2999 i':
