1942 3284
353 168 417 208 m:
448 167 537 207 USU
566 168 897 208 nucumsrffl
928 169 981 207 m
1011 169 1248 207 connum.
1507 163 1595 207 &2⁰⁶5

0 243 225 295 tunicare
245 282 263 307 ‚
296 243 477 295 videtur
514 243 634 307 quod
666 244 866 296 melioris
912 245 1184 296 conditionis
1217 246 1310 296 sint
1335 250 1595 311 peccatura·=

0 316 106 366 uam
128 316 298 381 justi3
324 317 445 379 quod
474 321 546 367 est
581 315 925 367 inconveniens.
955 317 1072 380 Ergo
1103 317 1286 368 videtur
1312 318 1432 383 quod
1458 323 1591 371 etiam

0 388 105 439 istis
128 388 285 439 liceat
310 387 338 438 a
362 388 675 439 communione
696 400 891 438 cessare.

22 461 121 511 Sed
146 464 319 510 contra
348 463 445 522 est,
466 461 587 523 quod
616 460 835 511 Dominus
860 459 996 521 dicit,
1022 462 1184 516 Joan„
1203 462 1293 511 vl:
1318 461 1459 512 «Nisi
1474 478 1595 512 marr.

0 532 263 583 icaveritis
289 544 473 581 carnem
495 532 601 582 Filii
622 532 839 595 hominiS,
868 536 916 583 et
942 532 1150 582 biberitis
1173 533 1276 596 ejus
1309 534 1591 597 sanguinem*

0 616 54 655 >n
78 604 332 655 habebitis
361 604 500 654 vitam
522 603 569 653 in
594 604 744 665 vobis.
766 620 793 651 »

25 674 379 733 (Coucmsm.
404 702 468 711 —
494 674 607 725 cum
635 675 888 739 spiritualis
926 675 1212 727 eucharistiae
1243 676 1465 740 sumptio,
1495 695 1595 743 quar.

0 746 19 795 1
47 746 272 797 salutem
299 746 558 797 necessaria
588 750 691 807 est,
711 748 1008 811 'percipiendi
1034 748 1303 798 sacramenti
1339 752 1491 799 votum
1523 751 1591 799 iu-

0 820 127 868 Ludat
150 857 166 879 ‚
203 823 367 869 votum
395 825 545 870 autem
573 819 736 870 frustra
757 821 835 881 sit,
854 821 961 883 nisi,
982 820 1084 870 eum
1107 821 1236 870 adest
1259 822 1588 885 opportunitas„

0 890 255 953 apleatur3
284 892 579 955 perspicuum
618 896 689 941 est
726 905 818 942 non
861 891 1008 942 solum
1045 905 1101 941 ex
1139 895 1308 942 statuto
1339 893 1583 955 Ecclesiae..

0 963 37 1012 ed
62 964 226 1013 etiam
244 977 302 1014 ex
322 964 495 1013 Christi
518 964 726 1015 mandato
749 964 957 1015 homines
983 964 1040 1014 ad
1062 963 1384 1013 eucharistiam
1412 978 1591 1015 sunieri-

0 1047 72 1083 am
102 1034 367 1100 obligari.)

23 1108 321 1171 Respondeo
350 1106 619 1169 dicendum,
647 1106 766 1169 qnod
792 1106 908 1157 sicut
935 1106 1072 1170 supra
1099 1106 1269 1157 dictum
1303 1108 1376 1157 est
1400 1108 1414 1170 (
1435 1115 1519 1159 art.
1547 1115 1591 1171 a,

0 1182 118 1242 tqu.
143 1184 231 1240 73,
262 1182 348 1228 art.
371 1183 417 1240 3,
436 1179 492 1227 ad
512 1181 581 1240 1),
610 1180 778 1242 duplex
805 1181 875 1229 est
903 1178 1065 1229 modus
1093 1178 1375 1243 percipiendi
1404 1180 1491 1228 hoc
1519 1195 1587 1228 5212

0 1255 267 1301 ramentum
286 1288 299 1309 ,
320 1249 497 1300 scilicet
513 1250 759 1314 spiritualis
778 1254 826 1301 et
841 1251 1201 1300 sacramentalis.
1221 1250 1507 1300 Manifestum
1523 1259 1591 1303 aar

0 1326 129 1373 utem
173 1322 297 1386 quod
334 1335 497 1372 omnes
526 1325 739 1372 tenentur
770 1324 930 1373 saltem
965 1322 1261 1385 spiritualiter
1289 1323 1559 1372 manducan:
1579 1363 1591 1379 ,

2 1395 83 1444 uia
112 1396 211 1445 hoc
234 1399 305 1445 est
328 1395 509 1445 Christo
536 1394 842 1459 incorporari,
870 1393 1076 1457 utsupra
1097 1394 1268 1443 dictum
1289 1398 1362 1445 est
1385 1400 1486 1457 (qu.
1515 1399 1587 1455 ΤΗ,

0 1470 58 1516 rt.
85 1468 162 1529 3).
195 1466 457 1531 Spiritualis
486 1470 637 1516 autem
664 1466 951 1517 manducatio
976 1465 1162 1515 includit
1181 1469 1334 1516 votum
1365 1480 1445 1516 seu
1474 1467 1591 1516 des-i-

4 1537 158 1588 erium
188 1538 471 1602 percipiendi
498 1540 585 1587 hoc
604 1541 936 1587 sacramentum
956 1575 969 1598 ,
998 1540 1051 1586 ut
1075 1536 1212 1601 supra
1238 1537 1405 1587 dictum
1431 1543 1515 1588 est..
1539 1543 1587 1587 Et

0 1609 78 1659 leo
112 1611 219 1660 sine
246 1613 357 1660 voto
391 1609 673 1673 percipiendi
700 1610 789 1659 hoc
816 1612 1179 1671 sacramentum,
1202 1620 1291 1657 non
1327 1611 1481 1672 potest
1511 1611 1591 1659 hrt·-

0 1679 96 1729 nini
135 1694 244 1731 esse
273 1682 411 1731 salus,
443 1680 625 1731 Frustra
656 1683 806 1730 autem
836 1684 957 1730 esset
980 1683 1160 1739 votum,
1189 1679 1280 1729 nisi
1312 1679 1587 1743 impleretur,

0 1754 171 1813 [nando
217 1752 534 1817 opportunitas
578 1753 777 1802 adesset.
809 1751 867 1800 Et
902 1752 1006 1802 ideo
1047 1750 1334 1801 manifestum
1375 1756 1447 1800 est
1473 1751 1591 1811 quint

0 1834 120 1874 tomo
153 1828 336 1875 tenetur
362 1824 449 1873 hoc
474 1827 805 1873 sacramentum
839 1836 1035 1886 sumere,
1060 1834 1154 1872 non
1173 1821 1316 1873 solum
1346 1835 1399 1871 ex
1421 1826 1591 1871 statuto

0 1894 219 1958 ecciesiae,
245 1896 326 1946 sed
347 1908 405 1945 ex
426 1897 639 1946 mandato
669 1895 847 1946 Domini
870 1895 1088 1957 dicentis,
1107 1896 1251 1954 Lucu,
1274 1895 1397 1944 XXII
1420 1907 1430 1942 :
1451 1910 1478 1942 «
1499 1895 1591 1943 Ilur.

0 1964 125 2017 1'acite
147 1969 199 2017 in
234 1980 383 2018 meam
402 1966 939 2017 commemorationem.»
968 1967 1038 2016 Ex
1053 1968 1222 2017 statuto
1255 1969 1406 2015 autem
1432 1966 1587 2015 Ecule-

0 2035 66 2086 ;iae
93 2043 206 2089 sunt
238 2039 537 2089 determinata
577 2042 779 2103 tempora
803 2038 1058 2102 exequendi
1083 2038 1254 2089 Christi
1293 2040 1587 2101 praecepturum

52 2110 122 2159 Ad
157 2110 354 2175 primum
391 2123 498 2173 ergo
524 2110 767 2160 dicendum
788 2148 801 2172 ‚
831 2109 955 2173 quod
983 2109 1098 2160 sicut
1122 2107 1366 2172 Gregorius
1401 2108 1507 2157 dicit
1547 2111 1587 2155 ju

0 2178 253 2232 Pastor-ali
285 2184 438 2247 (part.
469 2183 523 2244 1,
553 2194 653 2245 cap.
688 2181 780 2243 6),
808 2198 835 2229 «
853 2182 930 2231 iila
956 2185 1031 2231 est
1057 2194 1167 2232 vera
1200 2180 1458 2240 humilitas,
1486 2179 1587 2227 clim

0 2251 47 2299 ad
78 2256 387 2319 respuendum
412 2253 534 2317 quod
570 2252 740 2303 utiliter
765 2252 1055 2317 praecipitur,
1083 2251 1293 2316 pertinax
1321 2264 1411 2301 non
1443 2259 1531 2301 est.
1563 2271 1587 2295 :u

0 2319 51 2371 Et
75 2323 181 2377 ideo
209 2338 299 2375 non
317 2328 589 2389 potestesse
612 2323 850 2373 laudabilis
877 2323 1125 2387 humilitas,
1155 2322 1194 2371 si
1216 2326 1370 2373 contra
1387 2335 1587 2385 praecep-

0 2396 88 2445 tum
123 2399 294 2449 Christi
321 2403 370 2449 et
409 2398 629 2449 Ecclesiae
656 2396 821 2461 aliquis
849 2396 1036 2447 omnino
1067 2396 1095 2445 a
1115 2395 1435 2447 communione
1459 2399 1591 2447 aheli-

0 2472 138 2532 neat3
164 2483 313 2535 neque
336 2469 461 2521 enim
490 2467 755 2519 centurioni
779 2471 1057 2532 praeceptum
1081 2467 1186 2529 fuit,
1214 2470 1265 2517 ut
1291 2465 1523 2516 Christum
1547 2467 1591 2515 iu

1 2550 80 2588 sua
112 2543 245 2592 domo
270 2541 512 2605 reciperet.

63 2613 129 2663 Ad
145 2613 395 2663 secundum
426 2611 683 2674 dicendum,
706 2609 823 2674 quod
850 2612 941 2663 hoc
966 2612 1296 2661 sacramentum
1325 2607 1485 2659 dicitur
1503 2623 1591 2659 uon

2 2692 96 2733 esse
121 2683 409 2735 necessitatis
427 2721 442 2745 ,
471 2682 589 2733 sicut
615 2682 868 2745 baptismus
887 2721 900 2743 ,
930 2680 1150 2746 quantum
1178 2683 1231 2731 ad
1264 2693 1431 2745 pueros
1445 2717 1462 2743 ‚
1491 2683 1591 2743 qur·-

5 2750 85 2804 hus
112 2756 264 2820 potest
290 2768 395 2805 esse
434 2754 555 2804 salus
592 2753 694 2804 sine
720 2756 808 2804 hoc
848 2756 1126 2804 sacramento
1147 2791 1161 2815 ‚
1191 2766 1281 2804 non
1319 2757 1469 2802 autem
1499 2751 1595 2799 sinu

7 2830 281 2877 sacramento
308 2826 521 2891 baptismi
538 2842 553 2889 3
572 2824 795 2888 quantum
812 2826 923 2878 vero
950 2825 1234 2889 adadultos,
1263 2826 1503 2886 utrumque
1527 2827 1598 2871 est

12 2898 303 2951 necessitatis.
