1942 3284
136 154 180 199 650
303 162 502 210 spernendorum,
518 161 610 205 obest.
625 162 655 210 1,
667 160 724 197 rna.
742 160 770 197 v.

169 238 296 299 Praeterea,
309 240 347 290 ille
360 238 399 302 qui
411 236 538 299 condietur,
553 237 644 287 veniam
664 236 826 300 misequitu,
842 238 889 289 nisi
903 240 930 291 sit

138 312 212 361 lictus.
221 310 266 361 Sed
280 310 318 359 ille
328 310 368 372 qui
377 308 497 359 confitetur
509 308 586 358 omnia
595 311 704 371 peccata,
719 320 773 371 qua,
786 308 814 358 in
825 310 930 359 memorio

137 382 219 445 babet,
235 386 258 431 et
267 379 392 441 aliquorum
406 379 490 429 oblitus
504 383 552 440 est,
570 390 616 428 non
626 391 657 429 ex
669 379 714 429 boc
734 382 774 428 est
785 378 872 442 lictus,
884 381 930 442 quia

136 452 285 515 ignorantiam
297 450 351 501 lacti
360 450 515 517 patituqque
528 450 542 499 a
553 453 649 513 peccalo
657 454 761 499 excusat.
772 451 836 513 Ergo
845 451 929 501 venian

136 522 292 586 consequitur3
303 522 371 573 etsie
382 524 482 585 peccata,
492 534 543 585 quae
551 520 621 573 obita
630 524 692 583 sunt,
702 521 852 580 relaxantur,
862 537 878 570 u
886 521 929 570 cdn

137 593 232 657 impium
245 593 275 644 sit
289 592 403 643 dimidiam
417 604 508 656 sperare
523 591 627 653 ueniam,
644 594 700 641 out
710 592 800 642 dicitnr
809 592 837 642 in
848 592 889 642 lib.
899 592 930 641 tte

137 677 194 712 uera
203 666 228 712 et
241 663 311 727 falsa
322 664 410 714 Poenit.
423 666 485 727 (cap.
496 662 547 725 19).

168 733 326 799 (Coumosro.
339 737 422 785 -Per
435 733 601 785 contessionem
613 732 746 798 generalem
756 733 869 784 delentur
883 746 929 797 pet·

136 809 187 855 cata
197 805 299 857 mortalia
308 807 377 858 oblita
391 806 426 855 :st
434 804 490 855 verb
499 809 616 869 peccalum
626 803 721 856 mortale
731 805 851 856 memoria
860 809 929 856 tenea

38 867 41 875 '
136 876 231 940 aliquis,
244 877 385 929 conlessione
398 875 492 939 speciali
503 881 540 927 est
555 888 614 940 opus
625 878 652 925 ut
670 875 835 925 erubescentia
847 877 928 940 peccati

137 958 188 998 esse
201 948 360 1011 ostendatur.)

168 1020 302 1083 Respondeo
315 1021 446 1083 dicendum,
457 1019 519 1083 qudd
526 1017 638 1070 confessio
646 1022 753 1082 oporatur
764 1021 927 1084 praesoppositr

137 1091 350 1153 conditioneque
366 1090 454 1154 crdpam
467 1090 540 1150 delet;
554 1092 580 1139 et
590 1089 624 1139 sio
636 1088 753 1139 confessio
766 1089 860 1143 directe
878 1091 928 1141 oudi-

137 1165 204 1211 natur
221 1162 248 1211 ad
262 1160 416 1211 dimissionem
428 1173 514 1223 poene3
531 1161 592 1224 quod
611 1160 703 1223 quidem
715 1158 775 1209 tacit
788 1172 822 1210 ex
843 1162 928 1212 entre

137 1231 209 1282 centia
218 1243 285 1293 qnam
298 1231 373 1291 babet,
383 1234 407 1281 et
419 1243 449 1283 ex
457 1232 482 1281 ui
497 1230 605 1291 clarium,
615 1230 699 1294 quibus
711 1242 738 1279 se
752 1230 872 1281 confitens
884 1232 928 1281 snb

134 1302 195 1364 jioit.
209 1300 324 1364 Contingit
334 1306 409 1352 autem
422 1301 557 1365 quandoque
566 1300 627 1364 qubd
645 1312 686 1364 per
697 1300 866 1352 contritionem
879 1314 928 1366 pre

137 1372 253 1423 cedentem
271 1375 388 1435 peccatum
396 1372 491 1436 aliquod
513 1372 613 1423 deletum
625 1374 661 1421 est
678 1370 755 1435 quoad
767 1372 879 1436 culpam,
889 1372 928 1423 rire

136 1442 162 1491 in
174 1441 289 1505 generali,
300 1440 321 1493 si
332 1444 384 1506 ejus
396 1442 505 1494 memoria
518 1447 573 1493 tunc
589 1454 637 1492 nou
652 1442 761 1501 babetur,
776 1442 831 1493 sive
843 1443 871 1493 in
881 1456 925 1507 spe·

137 1512 206 1577 ciali3
218 1517 324 1565 ettamen
337 1518 388 1565 ante
400 1514 565 1565 contessionem
576 1513 659 1577 aliquis
674 1512 735 1563 llius
746 1514 843 1576 peccati
852 1514 927 1565 oblitus

136 1586 184 1647 est;
199 1587 223 1634 et
235 1589 290 1634 tuno
303 1583 414 1635 confessio
426 1585 538 1647 generalis
547 1584 716 1635 moramentalis
728 1588 842 1647 operatur
858 1586 888 1635 ad
899 1585 926 1635 dt·

136 1654 267 1705 ruisstonem
279 1667 352 1718 poenae
366 1666 395 1705 ex
408 1653 557 1715 riciarium,
571 1653 654 1719 quibus
662 1666 688 1705 se
700 1654 818 1705 condiens
831 1655 925 1721 subjicit,

136 1724 222 1774 nullum
241 1724 396 1788 obstaculum,
412 1724 523 1788 quantdrn
539 1724 565 1775 iu
585 1725 636 1788 ipso
649 1727 699 1787 est,
713 1737 816 1787 ponens.
838 1726 887 1777 Sed
902 1738 925 1776 ex

113 1818 115 1821 ·
135 1795 175 1845 illa
187 1801 266 1861 parte,
280 1809 324 1859 qua
336 1795 493 1847 erubescentia
506 1796 656 1847 contessionis
669 1794 758 1859 peccati
777 1808 875 1859 poenam
887 1796 926 1845 ni-

136 1866 234 1927 nneton,
248 1880 316 1931 poeua
327 1865 394 1917 istius
405 1867 434 1917 de
446 1878 493 1929 quo
506 1867 559 1930 quis
575 1865 705 1930 specialiter
717 1877 796 1916 eoram
815 1868 926 1918 sacerdote

136 1947 182 1985 non
192 1936 289 1995 erubuit,
305 1936 523 1987 nonestdimiuuta.

167 2006 201 2056 nd
214 2007 309 2069 primum
322 2018 375 2069 ergo
384 2006 519 2068 dicendum,
530 2005 591 2069 qubd
603 2005 628 2056 in
641 2004 925 2059 contessione'saorameu-

135 2072 176 2123 tali
190 2088 237 2126 non
251 2074 324 2124 soldm
335 2076 457 2138 requiritur
472 2076 597 2137 absolutio,
618 2076 660 2127 sed
676 2076 788 2141 judicium
805 2079 926 2129 sacerdotis

135 2144 309 2195 sutisiactionem
326 2145 465 2209 imponentis
481 2150 613 2210 expectatur
627 2160 635 2197 ε
647 2151 671 2198 et
685 2147 751 2210 ideo,
765 2149 877 2213 quamvis
887 2150 927 2199 iste

100 2238 102 2243 ·
137 2214 278 2266 absolutione
290 2216 321 2266 sit
333 2216 518 2279 functus‚tameu
529 2221 618 2267 tenetur
631 2218 733 2269 confiteri
742 2255 750 2279 ,
760 2222 788 2268 ut
797 2221 928 2285 suppleatur

134 2284 195 2347 quod
214 2284 285 2335 deluit
296 2286 325 2337 ad
344 2288 530 2338 sacramentalem
540 2287 715 2338 contessionem.
761 2313 765 2323 =

167 2355 202 2404 td
220 2356 342 2406 secuudum
356 2356 495 2421 dicendum,
505 2356 567 2420 quod
578 2357 691 2409 confessio
708 2370 755 2409 non
768 2362 880 2423 operatur
890 2362 927 2425 (nt

118 2468 119 2473 ,
136 2426 220 2476 dictum
229 2426 289 2489 est),
298 2427 341 2479 nisi
349 2427 483 2479 contritione
495 2429 674 2493 presentemur,
682 2442 733 2491 que
744 2443 774 2479 an
787 2432 926 2492 ueratnerit,

135 2508 183 2549 nou
195 2499 272 2559 potest
283 2496 366 2560 aliquis
380 2496 452 2561 scire3
466 2497 527 2549 sicut
542 2510 586 2548 nec
598 2499 655 2549 scire
666 2503 742 2561 potest
760 2513 803 2564 per
815 2501 927 2552 certitudi-

115 2596 117 2603 =
137 2562 189 2617 nem
204 2565 337 2629 engratiam
353 2566 434 2618 babeat
445 2582 450 2615 :
463 2574 486 2619 et
499 2566 552 2619 ideo
564 2580 610 2618 neo
620 2572 697 2632 potest
709 2568 768 2620 scire
781 2582 824 2634 per
832 2571 927 2621 certitu·

134 2638 219 2700 dinem,
232 2637 307 2688 utrium
325 2652 365 2703 per
380 2639 546 2691 contessionem
563 2640 691 2703 generalem
705 2641 736 2691 sit
750 2640 796 2692 sibi
807 2647 925 2705 peccatum

134 2710 230 2789 oblitum
243 2709 375 2770 dimissum
395 2710 501 2773 quamuis
521 2711 595 2775 possit
616 2723 658 2775 per
674 2712 820 2776 conjecturas
840 2712 924 2777 ulians

133 2783 300 2898 ezitsduileatrtium
315 2846 445 2910 dicendum,
465 2846 526 2912 quod
546 2848 589 2900 iste
601 2862 647 2901 nou
662 2853 763 2915 reportat
782 2853 923 2903 commodum
