1942 3284
121 152 167 201 ott
280 156 481 208 suurmsurun,
494 157 586 203 cosor.
601 156 650 206 xus,
662 156 718 194 aur.
731 157 761 193 ιι.

120 238 264 303 pecuum
278 244 358 285 ausas
371 231 495 294 excidere,
506 235 534 283 ut
547 231 572 281 in
586 229 662 281 littera
671 230 756 282 ticitm
768 232 780 296 (
787 232 829 283 iv.
840 234 921 295 scut,

121 308 188 364 nist„
198 304 250 368 to),
261 303 350 356 videtur
358 302 420 369 qubtl
429 314 476 355 nou
488 302 520 353 sit
527 305 592 353 actus
602 300 709 365 iustitis.

154 382 178 429 o.
189 376 309 438 mma,
321 374 438 427 carerein
453 375 554 425 futurem
568 386 615 425 nou
630 376 666 425 est
676 375 743 423 ectus
753 375 872 443 justitiae,
883 378 921 429 mi

121 448 193 513 mepis
203 445 418 513 pmicntie,cu1us
431 457 483 510 pars
493 444 588 508 ponitur
597 444 692 495 mntem
703 443 751 495 Sci
764 446 811 497 lroc
821 450 921 511 pertinet

120 520 149 571 ad
163 515 339 570 sublectionem
346 554 354 581 ,
362 515 416 580 quie
425 515 499 579 ipsius
507 517 544 567 est
552 531 568 563 s
576 514 762 578 suggestionibus
773 522 920 581 peccatorum

120 589 207 641 aditum
226 586 439 650 contribuere.»
460 586 518 649 Ergo
536 584 662 637 annuntio
674 598 722 637 non
734 590 772 637 est
789 592 861 640 actus
870 588 920 653 jus·

121 660 188 711 titia.

150 729 197 783 Soti
212 732 307 791 contra,
321 728 383 780 nulia
397 728 471 779 virtus
481 728 579 784 etteuffit
595 726 704 779 rationem
722 728 800 780 debiti
813 731 864 782 nisi
873 732 919 793 ius

120 799 180 851 titis
191 799 237 851 Sci
247 798 371 851 satisfactio
384 799 494 851 honorem
505 798 608 849 debitum
618 796 665 850 lieo
685 798 820 864 impendit,
835 806 865 852 nt
879 805 920 853 tn-

120 870 205 923 selmus
221 870 263 921 eit.
281 869 340 933 lquo
352 868 476 920 misfuctio
485 871 523 920 est
535 873 599 919 ectus
609 868 713 933 justitia.

150 942 277 1002 Preterea,
289 940 350 991 nulla
365 939 436 990 virtus
449 939 518 991 nubet
529 951 604 991 rerum
616 940 756 992 exteriorum
774 943 917 1006 adaquato-

120 1023 174 1064 nem
186 1012 312 1078 perficere,
327 1010 371 1061 uisi
384 1010 485 1074 justis.
498 1008 545 1061 Sci
563 1009 608 1061 boe
620 1009 646 1060 nt
660 1022 702 1073 per
716 1010 917 1076 satisfactionem,

120 1095 166 1147 qus
177 1082 322 1135 constituitur
330 1081 449 1145 equalitas
461 1079 565 1131 emendo
574 1081 603 1131 ad
616 1079 728 1131 ofeusam
742 1083 916 1145 praecculcntcn.

120 1153 181 1219 ltrqo
193 1153 318 1205 satisfactio
330 1157 366 1203 est
377 1152 472 1215 iustitie
483 1154 557 1201 acus.

155 1225 354 1287 (Collecttflo.-
374 1221 430 1273 cim
447 1233 531 1272 numen
553 1218 715 1272 satisfactionis
733 1223 916 1288 adequatiorsu

122 1294 274 1359 proportionis
290 1292 396 1356 designet
409 1294 508 1357 (nempe
529 1290 681 1355 equalitatem
697 1298 810 1356 respectu
830 1295 916 1347 offensa

120 1362 270 1428 precedentis
282 1362 307 1413 in
317 1362 437 1425 faciente),
446 1366 469 1414 et
482 1362 581 1414 medium
589 1362 686 1426 iustitie
695 1362 827 1427 accipiatur
840 1378 917 1417 seeun-

121 1432 176 1483 ‹tiun
186 1432 364 1496 udaqustionsm
375 1432 410 1483 rei
422 1431 450 1483 ad
459 1444 507 1483 ren
515 1430 540 1482 iu
553 1431 630 1495 aliqua
642 1433 809 1496 proportione,
823 1439 915 1497 consui

120 1502 182 1567 quot
199 1502 327 1555 satisfactio
343 1501 468 1554 formaliter
482 1501 650 1565 actusjustitiae
661 1503 719 1567 est.)

152 1574 289 1639 Respondeo
299 1572 435 1636 dicendum,
447 1571 508 1637 quoi
520 1573 645 1624 secundine
659 1572 840 1641 Philosophum,
854 1578 880 1629 tn
889 1578 913 1628 i.

121 1646 247 1702 Ettricor„
262 1644 377 1696 metitum
386 1644 504 1708 justitio
518 1644 765 1707 accipitursecuulirm
781 1646 914 1712 adequatis

122 1728 176 1766 uem
188 1715 222 1767 rei
233 1716 261 1767 aul
271 1727 328 1777 reni
342 1714 367 1765 in
382 1713 593 1780 proportionalitate
608 1713 698 1778 eliqm3
709 1715 773 1766 unde
784 1716 841 1767 mim
852 1718 913 1769 tatur

122 1786 299 1851 adequationcnr
313 1785 390 1850 ipsun
402 1796 486 1837 nomen
499 1784 663 1837 sutslactiouis
675 1783 794 1850 importet,
803 1789 861 1852 quia
875 1790 913 1839 boc

122 1857 262 1921 adverbium,
275 1858 350 1916 coiis,
363 1855 515 1919 equalitatem
528 1855 680 1921 proportionis
692 1856 816 1920 designat,
831 1864 913 1911 conatu

122 1926 184 1991 quud
193 1925 317 1978 subelectio
323 1925 447 1978 formaliter
454 1925 552 1991 justitie
558 1932 624 1978 actus
633 1930 677 1978 est.
688 1926 736 1979 Sed
742 1928 846 1991 iustitiae
855 1935 913 1982 actus

122 1996 247 2048 secundior
260 1995 422 2060 Philosophum
433 1996 565 2061 (utsupra),
580 2000 617 2049 est
628 1996 666 2047 sol
679 1999 721 2047 sut
733 1999 771 2049 uti
787 2000 911 2057 atterere,

122 2071 149 2117 ut
160 2066 251 2130 panio
272 2065 354 2131 uliquis
369 2066 442 2118 reclutit
461 2066 526 2117 alteri
540 2068 600 2130 quod
621 2067 644 2118 ei
663 2068 745 2132 ‹lebet3
760 2068 913 2121 vualterius

121 2137 158 2188 ud
177 2137 303 2195 ultorum,
318 2138 379 2188 sicut
394 2140 484 2201 quautlo
496 2138 568 2202 judex
580 2138 635 2189 fauit
642 2138 757 2202 justitiam
773 2139 838 2191 inter
851 2142 910 2193 dnos.

121 2207 215 2265 Quando
226 2210 303 2258 eutem
316 2212 382 2259 actus
392 2208 489 2272 justitia
505 2211 542 2259 est
554 2211 597 2259 sut
609 2209 646 2259 oct
656 2208 769 2260 ultorum
779 2246 790 2270 ,
801 2212 912 2275 equalitas

121 2278 146 2328 iu
161 2278 211 2342 ipso
223 2278 321 2329 fauente
329 2276 486 2342 consuluituq
496 2279 586 2341 quanio
595 2282 671 2330 autem
679 2279 791 2331 ulterius
802 2282 841 2331 od
852 2280 910 2331 utte-

122 2363 199 2409 rum,
210 2348 327 2413 equalitas
340 2348 485 2400 constituitur
498 2349 523 2399 in
538 2350 626 2413 justum
645 2362 719 2415 passo.
738 2350 769 2401 Et
781 2353 838 2416 qnia
852 2352 911 2404 satio

121 2417 191 2470 lectio
201 2417 355 2483 equalitatem
371 2418 456 2483 inipso
467 2419 566 2471 faciente
579 2421 701 2485 exprimit,
712 2421 766 2473 idco
776 2423 833 2473 dicit
843 2428 910 2474 actam
950 2439 951 2450 ²

120 2490 230 2554 justitie,
244 2489 284 2553 qui
297 2493 334 2540 cst
343 2492 385 2540 sut
398 2490 435 2540 oct
444 2488 567 2548 atterum,
577 2490 668 2555 proprii
680 2493 805 2557 loquentiu.
818 2494 863 2545 Sci
874 2496 911 2543 set

122 2560 159 2610 ud
171 2561 283 2611 atterum
297 2564 371 2623 potest
380 2561 461 2624 aliquis
473 2561 549 2612 facere
557 2562 686 2626 justitiam,
699 2563 738 2613 rel
754 2563 911 2615 iunctioribus

122 2634 147 2678 ct
159 2629 319 2694 passionibus,
330 2630 367 2679 sel
379 2630 404 2679 in
417 2631 485 2681 rebus
498 2630 663 2695 exterioribus,
675 2632 735 2682 sicut
750 2632 821 2682 mann
835 2634 912 2697 injuria

122 2698 149 2747 fit
168 2700 234 2751 alteri
251 2699 290 2749 rel
305 2699 457 2750 subtrahendo
470 2713 523 2759 scs,
539 2702 577 2750 ret
592 2713 633 2765 per
644 2701 741 2766 aliquam
754 2703 912 2754 acfioncnln·

123 2769 207 2819 dendo.
226 2768 255 2818 Et
267 2767 320 2831 quie
333 2780 388 2818 usus
407 2780 483 2819 rerum
505 2769 643 2820 exteriorum
658 2777 693 2822 cst
705 2772 773 2833 dare,
786 2771 839 2824 idco
853 2778 910 2823 actus

121 2834 231 2901 justitio,
251 2836 374 2890 secuudin
396 2836 456 2901 quon
471 2838 622 2904 equalitatem
641 2842 666 2891 iu
685 2841 753 2893 rebus
768 2842 911 2895 exterioribus

955 1713 957 1774 l
