1942 3284
120 187 168 234 att
301 195 360 234 runs
376 196 414 243 nr,
434 195 527 240 pumen.
544 195 620 242 txxu,
639 194 694 232 nur.
712 193 738 230 v.

156 274 290 338 Respondeo
301 271 430 335 dicendum,
444 271 504 336 quod
519 271 577 320 sicut
590 269 657 334 supri
672 270 805 322 dictumest
821 271 866 334 (qu.
877 272 908 331 et,
943 266 946 281 ²

124 349 167 394 art.
183 343 217 408 l),
231 345 347 393 character
364 347 399 393 est
410 344 512 406 quedam
525 341 650 406 spiritualis
667 345 770 406 potestas
788 343 816 393 ad
835 342 908 405 aliqum

124 429 199 466 sacras
209 415 309 465 actiones
322 414 529 464 ordinataltictum
540 418 575 464 est
584 419 660 464 autem
670 414 737 478 snpri
749 415 800 478 (art.
814 413 849 478 t),
860 411 909 476 pull
944 406 947 427 ¹

125 487 183 537 sicut
196 487 322 551 baptismus
343 490 379 537 est
394 489 496 551 quedam
508 486 632 552 spiritualis
653 487 798 550 regeneratio
812 488 836 537 in
854 486 911 534 vitam
945 478 947 487 ’

125 557 286 619 christianam,
303 557 335 608 ite
357 558 425 608 etiam
450 558 592 608 confirmatio
611 562 646 608 est
666 560 779 622 quoddam
804 555 910 624 spirituale

126 633 271 692 augmentum
285 643 421 694 promonens
437 629 553 680 hominem
571 630 596 680 in
614 629 752 693 spiritualem
767 635 860 682 etatem
872 641 911 692 per-

126 702 218 752 fectam.
228 702 371 754 hlanilestuur
385 707 420 754 est
430 707 516 763 autem,
528 715 556 752 ex
564 702 712 752 similitudine
721 703 848 767 corporalis
861 701 911 758 vita,

128 774 188 839 quod
202 774 245 824 alie
264 779 299 824 cst
321 775 380 826 actio
397 775 497 826 hominis
517 776 593 825 statim
615 774 676 837 nati,
693 779 716 826 et
734 775 778 825 alia
796 776 911 837 actioque

128 846 237 910 competit
246 847 268 898 ei
281 847 331 898 cium
344 849 373 898 ad
383 848 505 912 perlectam
520 851 609 898 aetatem
620 846 759 912 pervenerit.
773 848 802 898 Et
818 847 869 897 ideo
881 857 913 908 per

129 923 294 970 sacramentnm
309 920 486 970 confirmationis
500 921 564 971 datur
580 918 668 970 homini
683 923 784 984 potestas
803 913 915 984 spiritualis

131 990 158 1039 ad
172 991 281 1053 quasdam
300 992 356 1042 alias
369 992 470 1042 actiones
483 1004 574 1052 sacras,
591 995 672 1055 preter
684 991 735 1042 illas
749 993 777 1041 ad
794 1004 852 1054 quas
864 990 916 1039 datur
947 988 948 995 ’

131 1062 152 1112 ei
164 1066 267 1125 potestas
280 1065 304 1112 in
315 1063 436 1128 baptismo.
449 1065 505 1114 Nam
519 1063 543 1112 in
556 1063 669 1127 baptismo
682 1055 844 1128 ac'cipithomo
852 1063 917 1126 potu

130 1138 200 1184 tatem
212 1135 239 1184 ad
249 1149 276 1186 ea
284 1137 370 1198 agenda
383 1149 434 1198 que
446 1137 474 1186 ad
489 1135 602 1201 propriam
616 1135 731 1198 pertinent
741 1135 850 1197 salutem,
863 1133 917 1198 prout

131 1205 219 1257 scilicet
232 1206 356 1257 secundum
371 1208 469 1272 seipsum
482 1209 554 1272 vivit3
570 1208 648 1258 sedin
664 1206 837 1258 confirmatione
850 1203 918 1267 accipit
949 1200 952 1222 l

132 1281 200 1332 homo
214 1284 349 1344 potestatem
365 1281 393 1330 ad
409 1281 522 1345 agendum
540 1293 566 1331 ea
585 1293 636 1344 qua
656 1279 770 1342 pertinent
784 1281 810 1329 ad
833 1287 919 1343 pugnam

134 1351 275 1416 spiritualem
293 1355 372 1402 contra
385 1353 462 1402 hostes
478 1353 543 1415 fidei,
564 1353 623 1402 sicut
637 1354 700 1416 patet
718 1351 822 1415 exemplo
837 1351 919 1414 aposto
952 1416 953 1420 Ἰ

133 1425 205 1474 lorum
211 1460 220 1485 ,
234 1422 273 1486 qni
286 1426 408 1486 antequam
419 1423 584 1487 plenitudinem
596 1422 693 1486 Spiritus
706 1422 778 1472 sancti
790 1421 918 1486 acciperent,

133 1497 198 1544 erant
208 1493 234 1543 iu
244 1494 359 1544 coenaculo
370 1498 545 1557 perseuerantes
558 1494 582 1543 in
596 1493 710 1555 oratione,
721 1494 870 1556 postmodum
878 1487 920 1539 reri

134 1565 236 1629 egressi,
251 1579 296 1616 uon
316 1566 452 1616 uerebantur
470 1565 560 1630 publice
576 1564 642 1615 tidem
664 1564 745 1627 lateri,
764 1565 834 1614 etiam
858 1572 919 1613 curan

133 1636 237 1688 inimicis
249 1637 303 1689 lidei
316 1637 456 1689 christiane.
472 1638 501 1687 lit
515 1637 565 1689 ideo
577 1636 721 1686 manifestum
736 1638 770 1686 est
783 1635 846 1700 quod
859 1635 881 1684 in
895 1643 921 1681 sa·
953 1632 954 1648 ³

134 1713 249 1760 eramento
265 1708 441 1760 confirmationis
458 1708 595 1773 imprimitur
608 1710 733 1758 character.
953 1701 954 1708 ’

166 1782 199 1831 hd
214 1783 311 1847 primum
326 1794 381 1844 ergo
394 1781 530 1842 dicendum,
544 1779 604 1844 qndd
617 1793 693 1844 pugna
715 1778 838 1844 spiritualis
855 1779 922 1830 contra

133 1854 211 1904 hostes
230 1853 357 1903 invisibiles
372 1852 477 1903 omnihus
492 1852 615 1916 competit3
635 1853 674 1902 sed
691 1855 769 1903 contra
781 1853 861 1902 hostes
877 1846 922 1898 visi·

135 1925 202 1987 biles,
216 1924 238 1974 id
249 1927 285 1974 est
297 1928 374 1974 contra
386 1927 542 1987 persecutores
553 1923 614 1985 fidei,
627 1937 737 1988 pugnare,
752 1935 835 1973 nomen
850 1916 923 1973 chriti

135 1995 225 2058 puhlict
239 1995 380 2055 confitendo,
392 1998 427 2046 est
442 1995 640 2054 confirmatorum,
656 1994 694 2059 qui
705 1996 752 2059 jam
768 1987 923 2061 sumperunt

135 2069 283 2132 spiritualiter
290 2069 318 2119 ad
327 2068 417 2117 virilem
425 2071 525 2126 aetatem,
533 2067 655 2119 secundirm
663 2068 722 2130 quod
732 2066 839 2118 dieiturl.
852 2067 922 2116 toan,

135 2142 156 2190 ll
170 2158 177 2190 ι
193 2141 294 2191 «Scribo
308 2140 380 2196 vohis,
394 2141 504 2204 juvenes,
519 2139 626 2203 quoniam
640 2138 711 2190 lortes
723 2139 793 2200 estis,
804 2145 829 2190 et
839 2138 921 2189 verton

137 2214 176 2263 liei
188 2214 212 2262 in
224 2213 288 2263 vohis
301 2215 386 2274 manet,
399 2217 422 2262 et
432 2212 520 2262 vicistis
534 2213 666 2276 malignum.
677 2227 691 2258 n
706 2212 734 2260 nt
748 2212 801 2262 ideo
819 2209 922 2262 chuade

136 2285 312 2336 confirmationis
329 2288 364 2334 est
378 2284 466 2347 signum
479 2284 642 2342 distinctivum,
657 2282 839 2333 noninlrdclium
851 2282 863 2332 l
875 2280 922 2331 iide-

135 2357 209 2418 lihus‚
223 2357 262 2407 sed
281 2355 428 2420 spiritualiter
442 2359 599 2418 provectorum
620 2355 648 2405 ah
662 2353 698 2404 his
721 2353 803 2417 quihus
825 2353 920 2406 dicitur:

136 2447 151 2476 n
159 2429 224 2481 Sicut
236 2427 302 2480 modd
316 2428 387 2492 geniti
398 2428 507 2477 infantes.
519 2443 532 2474 n

166 2503 200 2553 hd
213 2501 338 2552 secundum
347 2501 479 2560 dicendum,
495 2498 555 2561 pudd
569 2499 644 2550 omnia
655 2501 796 2550 sacramenta
809 2501 862 2549 sunt
872 2506 923 2560 qua·

135 2575 186 2625 dam
200 2573 253 2624 lidei
267 2572 450 2636 protestationes.
467 2571 529 2621 Sicut
543 2571 613 2635 igitur
625 2571 752 2635 baptizatus
765 2569 849 2634 accipit
860 2571 923 2633 polee

135 2649 205 2695 tatem
221 2643 360 2709 spiritualem
381 2645 409 2693 ad
425 2644 594 2706 protestandam
613 2643 693 2702 iidem,
708 2655 748 2706 per
766 2641 925 2705 susceptionem

135 2717 229 2767 aliorum
251 2719 459 2778 sacramentorum
474 2715 506 2766 ita
528 2715 672 2766 confirmatus
689 2714 775 2779 accipit
799 2713 924 2778 potestaten

135 2786 225 2852 publici
240 2787 307 2838 tidem
320 2787 403 2837 Christi
420 2786 497 2838 uerbis
509 2787 638 2851 profitendi,
653 2785 719 2850 quasi
730 2799 759 2836 ex
774 2785 860 2837 olllcio.

166 2859 200 2910 hd
218 2859 310 2910 tertium
329 2857 464 2920 dicendum,
479 2857 539 2921 qndd
558 2860 697 2908 sacramenta
716 2857 804 2910 veteris
824 2854 879 2918 legis
893 2850 924 2902 di·

136 2933 218 2979 cuntur
232 2946 245 2976 «
254 2929 349 2993 justitie
363 2928 452 2991 carnis,
469 2945 482 2976 n
498 2932 522 2979 ut
540 2932 602 2993 patet
618 2927 704 2986 fletu,
718 2929 765 2992 lll,
781 2927 835 2992 quia
852 2923 925 2978 scilicet

41 3188 156 3256 A
