1942 3284
145 215 176 265 dt
328 228 391 265 rans
406 228 445 275 m,
463 227 558 270 oumsr.
575 228 642 277 cxiv,
659 228 713 265 anu.
731 226 765 265 ιν.

144 316 221 354 creare
235 304 317 353 celum
335 306 358 353 el
374 306 466 354 terram.
483 319 498 351 u
513 304 557 354 Sed
579 304 682 355 cbristus
696 316 743 353 nou
758 304 833 367 potuit
846 316 943 354 commu-

145 374 224 425 nicare
237 374 349 423 ministris
365 374 426 437 qubd
441 378 545 425 crearent
563 376 646 425 coelnm
660 377 684 425 et
697 379 789 424 terram.
804 376 863 439 Ergo
875 388 956 438 neque,

143 446 205 509 qnbd
214 444 363 509 justificarent
373 446 478 510 impium.
491 446 546 495 Clam
561 446 631 509 igitur
639 446 773 509 justificatio
782 446 849 509 impii
859 446 898 495 ilat
907 451 946 509 pel

144 519 282 581 potestatem
296 516 383 565 Christi
395 530 463 579 quam
476 517 547 567 babet
559 518 584 567 in
600 517 764 577 sacramentis,
777 517 870 567 ridetur
885 516 943 581 qrrdd

142 591 280 651 potestatem
296 600 360 637 suam
378 601 446 651 qnam
462 587 489 637 iu
504 587 653 639 sacramentis
672 587 765 649 babuit,
779 601 826 638 non
845 587 943 653 potnerit

143 658 257 709 ministris
275 659 449 711 communicare.
955 660 956 739 l

179 734 202 779 3.
220 733 352 792 preterea,
367 732 472 794 Christo,
496 732 519 781 in
542 734 650 793 qnantum
672 734 707 781 est
730 734 800 791 capnt
822 730 956 792 Ecclesia,¹

148 802 258 866 competit
272 805 297 851 nt
310 816 339 851 ex
348 802 399 866 ipso
412 802 484 865 gratia
498 802 611 853 lenietur
624 802 653 851 ad
667 802 737 865 alios,
753 800 880 851 secundini
893 796 956 887 illudi

148 872 233 932 loun„
247 875 277 922 i:
296 874 350 922 «lte
359 873 502 937 plenitudine
516 872 566 936 ejus
578 884 621 923 nos
630 886 711 923 omnes
725 872 864 937 accepimus.
877 888 891 919 n
905 872 956 939 Sel}

147 944 192 994 boc
200 958 247 994 uon
255 945 299 993 fuit
310 944 361 993 aliis
372 944 569 1004 communicabile,
578 944 629 1006 quia
643 944 676 993 sic
688 945 788 993 Ecclesia
799 947 861 993 esset
871 956 946 995 mons·

145 1019 239 1078 truosa,
261 1017 332 1065 multa
348 1016 423 1080 capita
438 1017 533 1065 babens.
553 1016 610 1077 Ergo
624 1014 712 1065 uidetur
720 1014 781 1077 qnid
794 1014 956 1079 Christnspol

148 1090 253 1137 testatem
265 1100 329 1137 suam
342 1102 388 1137 nou
407 1088 507 1153 potnerit
522 1085 630 1136 ministris
643 1086 821 1137 communicare.
955 1084 956 1089 ’

179 1158 224 1207 Sed
238 1162 316 1208 contra
330 1162 380 1218 est,
398 1160 458 1221 quod
472 1170 540 1221 snper
553 1158 608 1207 illud
628 1159 711 1214 ioum,
726 1158 753 1206 I:
772 1174 786 1204 «
801 1159 849 1221 Ego
863 1152 956 1225 neure-j

147 1228 200 1278 bam
218 1242 286 1292 enm,
304 1246 318 1275 o
332 1230 387 1279 dicit
401 1228 541 1292 Augustinus
556 1230 639 1289 (Tract.
649 1230 687 1292 ll),
700 1228 760 1292 qubd
773 1245 786 1274 u
797 1242 844 1278 nou
854 1230 956 1281 uouerat

147 1303 285 1364 potestatem
299 1299 406 1364 baptismi
422 1300 496 1363 ipsum
509 1300 629 1350 bominum
641 1300 768 1349 habiturum
784 1302 806 1349 et
815 1299 859 1348 sibi
872 1304 956 1365 reten-E

146 1380 232 1422 turum.
244 1387 259 1420 o
279 1372 327 1422 lion
339 1375 471 1422 autemnon
485 1370 612 1434 ignorasset
622 1372 736 1432 loannes,
753 1370 772 1419 si
782 1371 833 1420 talis
845 1376 948 1434 potestas

149 1456 197 1493 uon
210 1443 403 1493 communicabilis
416 1447 486 1493 esset.
502 1442 577 1493 Potuit
588 1456 640 1507 crgo
653 1456 716 1493 suam
726 1444 865 1507 potestatem
874 1440 956 1499 Chris-l

149 1515 187 1564 tus
200 1514 311 1563 ministris
325 1514 499 1564 communicare.
955 1518 956 1541 l

184 1586 347 1650 (Coretusro.
356 1587 443 1636 -Nou
457 1584 533 1649 potuit
542 1584 647 1635 Christus
662 1584 802 1634 auctoritatis
814 1588 956 1647 potestatem}

150 1656 255 1720 cuiquam
275 1659 394 1719 conterre,
408 1656 469 1707 sicut
489 1670 532 1707 nec
550 1655 649 1705 divinam
665 1656 802 1718 essentiam,
815 1657 855 1706 sed
878 1657 956 1708 excel-2

150 1728 227 1779 lentiae
244 1733 378 1793 potestatem
392 1728 467 1793 potnit
485 1728 595 1779 ministris
613 1728 660 1778 suis
674 1728 858 1788 cunimunieare,
880 1729 956 1779 dandal

151 1799 185 1849 eis
199 1804 285 1849 tautam
302 1801 380 1863 gratie
391 1798 567 1864 plenitudinem,
578 1803 604 1848 ut
615 1812 693 1849 eorum
704 1798 810 1848 meritum
822 1792 956 1863 operareturl

151 1870 180 1919 ad
203 1874 395 1920 sacramentorum
413 1870 521 1931 effectus,
537 1875 561 1919 et
575 1870 623 1920 solo
637 1870 751 1935 imperio,
766 1870 851 1933 absque
873 1858 956 1923 seru-l

150 1944 278 1991 meutomm
293 1941 351 2003 ritu,
366 1941 473 1991 ellectum
486 1940 622 1992 sacramenti
635 1943 770 1993 conterrent.
786 1942 796 2004 )
955 2004 956 2011 ¹

181 2009 318 2075 despondeo
340 2012 477 2073 dicendum,
494 2010 572 2076 qubd,
595 2012 655 2063 sicut
674 2013 759 2063 dictum
780 2016 815 2063 est
834 2012 896 2079 (art.
915 2012 956 2077 al,l

150 2082 255 2131 Christus
273 2082 297 2131 in
315 2082 461 2132 sacramentis
478 2082 558 2133 babuit
577 2083 690 2148 duplicem
708 2087 844 2147 potestatem
861 2100 868 2133 τ
885 2074 956 2151 unani

150 2154 301 2216 auctoritatiS,
315 2168 364 2217 quae
384 2155 494 2218 competit
511 2155 533 2205 ei
547 2155 670 2205 secundlrm
687 2156 748 2220 qubd
768 2156 847 2217 ilem,
863 2163 889 2208 et
904 2158 956 2217 talis}

149 2228 252 2287 potestas
266 2224 323 2274 nulli
333 2229 442 2276 creature
455 2226 531 2289 potnit
548 2228 724 2289 communicari,
740 2227 798 2276 sicut
814 2238 858 2277 nec
874 2230 956 2279 diuina*

150 2295 260 2357 essentia3
281 2294 348 2345 aliam
366 2300 502 2359 potestatem
515 2297 595 2347 babuit
606 2297 820 2360 excellentisque
840 2300 956 2364 competit

150 2366 173 2415 ei
187 2364 312 2415 sccundirm
325 2365 386 2429 qubd
397 2368 476 2430 bomo,
489 2372 512 2417 ct
525 2368 593 2419 talem
603 2372 738 2433 potestatem
752 2367 826 2431 potuit
837 2358 956 2437 ministris]

149 2437 331 2500 communicare,
342 2438 415 2488 dando
430 2439 516 2489 scilieet
533 2439 567 2490 eis
580 2443 666 2489 tantam
680 2439 758 2502 gratim
773 2438 956 2505 plenitudinem

149 2508 264 2557 uteorum
277 2510 381 2558 meritum
395 2514 526 2575 operaretur
538 2512 566 2560 ed
587 2515 776 2561 sacramentorum
796 2510 915 2577 allectus,
931 2470 956 2563 ut

151 2578 178 2629 ad
187 2578 355 2629 invocationem
364 2581 480 2631 numinum
488 2582 589 2645 ipsorum
599 2581 956 2647 sanctificarentursacramenta,l

150 2651 174 2698 et
191 2652 217 2699 nt
236 2649 282 2714 ipsi
300 2655 393 2714 possent
407 2654 547 2702 sacramenta
562 2650 693 2712 instituere,
710 2656 733 2703 et
747 2652 797 2702 sine
814 2652 862 2703 ritu
876 2650 956 2719 sacra-l

149 2724 277 2773 mentorum
300 2722 405 2773 ellectum
429 2728 618 2773 sacramentorum
636 2723 757 2783 conferre,
772 2724 821 2773 solo
845 2724 956 2789 imperio]

148 2790 228 2849 Potest
245 2796 306 2846 enim
318 2794 493 2847 instrumentum
507 2794 669 2859 conjunctum,
684 2794 769 2858 quanm
779 2795 848 2847 luerit
860 2790 956 2849 furtim*

148 2864 212 2917 tantu
222 2868 294 2931 magis
307 2866 415 2918 uirtutem
426 2878 489 2918 snam
499 2865 762 2931 instrumentoseparatu
772 2866 883 2931 tribuere,
895 2810 956 2937 sicul

148 2945 229 2987 manus
243 2937 331 2988 baculo.
955 2944 956 2991 l
