1942 3284
165 170 212 220 'itt
312 180 516 231 surrmmarorr,
531 180 626 227 onmem
643 182 698 229 m,
714 180 765 219 rur.
781 181 802 221 v.

463 362 622 414 snmctttls
640 364 669 414 V.

177 521 181 527 -
242 490 325 535 tttrrim
342 488 402 533 moti
419 487 553 533 sacerdotes
568 498 638 531 amm
654 488 757 533 claudant
772 486 865 533 tomam

196 616 230 667 dd
246 612 351 679 quintum
369 614 403 665 sic
417 612 556 679 proceditur.
574 612 670 663 Videtur
687 614 747 678 quod
762 612 810 663 mali
824 611 917 663 sacerdotes

163 700 230 739 usum
248 683 346 735 clavium
365 697 412 736 nou
431 684 531 735 habeant
548 684 650 744 dosa,
665 684 721 747 xx,
734 685 771 735 ubi
787 697 833 735 usus
848 680 916 733 didm

163 755 272 823 apostolis
281 755 388 820 traditur,
400 755 499 822 Spiritus
507 755 580 807 sancti
589 756 674 807 donum
683 756 826 821 premittitur.
837 753 875 805 Sed
885 750 917 801 ml

162 843 210 881 uon
223 828 310 878 habent
329 827 439 893 Spiritum
460 830 572 877 sanctum.
587 828 646 891 Ergo
666 841 714 880 non
733 828 812 881 nabent
824 823 917 876 usumdt·

163 913 236 952 vrum.

193 975 218 1022 n.
232 972 358 1034 Praeterea,
369 970 446 1022 nullus
456 969 549 1033 sapiens
559 982 600 1020 rer
611 969 801 1035 dispensationem
810 969 840 1020 sui
848 964 916 1018 tlsssrri

164 1056 206 1094 suo
219 1042 314 1094 inimico
327 1040 457 1093 committit.
476 1041 522 1091 Sed
540 1055 595 1092 usus
605 1042 703 1092 clavium
717 1040 844 1093 consistitiu
859 1039 917 1102 dispe

164 1113 252 1165 satione
266 1111 368 1166 thesauri
380 1112 479 1163 coelestis
497 1112 579 1176 Regis,
589 1112 629 1177 qui
645 1117 680 1165 est
698 1114 747 1177 ipsa
765 1111 869 1177 sapientia.
882 1110 917 1169 tro

165 1185 220 1251 mali
232 1184 273 1251 qui
285 1198 326 1250 per
336 1188 455 1249 peccatum
465 1186 519 1235 sunt
531 1183 582 1249 ejus
592 1184 679 1247 nomm,
687 1198 733 1237 non
744 1184 823 1235 hubent
831 1194 884 1233 usum
892 1178 917 1227 tls

163 1272 236 1309 urum.

196 1328 355 1389 alnetum,
370 1326 513 1390 Augustinus
529 1326 596 1389 dicit,
605 1326 667 1391 quod
682 1330 857 1379 «sacramentum
867 1321 916 1388 tnl't

163 1401 202 1450 dat
215 1400 275 1449 lleus
294 1398 364 1448 etiam
378 1411 419 1462 per
433 1398 505 1449 mulos
517 1414 524 1463 ;
537 1398 609 1463 ipsam
618 1398 673 1449 vero
687 1398 792 1463 gratiam,
805 1411 845 1449 uon
853 1394 918 1458 uisipt

163 1469 273 1534 seipsum,
283 1469 320 1521 vel
329 1482 370 1534 per
378 1474 471 1521 sanctos
480 1483 543 1534 suos,
557 1474 581 1521 et
590 1470 642 1521 ideo
650 1470 806 1523 remissionem
816 1472 917 1535 peorronu

163 1541 316 1606 perseipsum
328 1540 396 1605 tacit,
410 1542 448 1592 vel
460 1554 502 1607 per
510 1541 584 1606 ipsius
593 1541 704 1594 columba
719 1538 889 1593 memorasset
897 1546 917 1583 re

163 1613 244 1665 missio
259 1615 404 1678 peccatorum
423 1617 459 1664 est
484 1627 541 1665 usus
563 1614 670 1665 darium.
689 1616 747 1679 Ergo
763 1617 916 1679 permissam

163 1698 213 1735 non
225 1689 280 1736 sunt
296 1684 408 1736 columba
421 1684 533 1749 membra,
545 1698 612 1735 usum
622 1684 720 1735 clavium
732 1698 777 1737 non
790 1685 870 1735 latent

196 1760 219 1807 t
234 1758 358 1818 Praeterea,
372 1756 507 1807 intercessio
519 1756 574 1807 mali
584 1756 710 1808 sacerdotis
722 1770 767 1807 non
781 1757 842 1807 latet
852 1754 913 1816 disti
932 1762 933 1842 l

163 1825 287 1877 efficacium
315 1829 344 1878 nd
361 1827 571 1889 reconciliandum,
586 1827 640 1891 quia
664 1826 789 1879 secundim
808 1823 914 1890 oropum,

165 1914 180 1945 a
188 1896 261 1947 cim
254 1912 274 1947 rs
287 1911 327 1962 qur
320 1895 443 1962 displicet
453 1899 481 1947 ad
493 1898 684 1963 interpellandum
696 1898 799 1963 mittitur,
807 1897 852 1948 irati
862 1894 916 1947 amru

164 1968 193 2017 ad
209 1967 320 2017 deteriora
333 1972 476 2031 provocatur.
488 1984 502 2016 »
517 1968 562 2019 Sed
574 1982 631 2019 usus
642 1968 741 2019 clavium
755 1970 779 2019 tit
792 1982 830 2033 per
837 1964 916 2037 quanm
931 1982 932 2065 p

162 2036 367 2101 intercessionem,
389 2042 416 2088 ut
430 2038 517 2102 patet'
511 2052 536 2088 m
555 2040 627 2090 torma
645 2039 798 2093 absolutionis
815 2040 864 2102 drgo
879 2044 915 2099 pti

163 2108 293 2158 sacerdotes
305 2120 351 2159 nou
364 2107 449 2160 hahent
463 2109 580 2163 efficacem
591 2110 690 2162 clarium
702 2124 777 2162 usum.
930 2150 931 2161 l

194 2176 240 2228 Sed
251 2182 347 2229 contrat
359 2180 437 2231 nullus
447 2186 525 2246 potest
544 2183 602 2234 scire
613 2183 641 2234 de
652 2184 708 2249 alio,
719 2198 749 2235 au
765 2184 812 2235 sit'
806 2197 828 2233 m
839 2182 885 2233 stulu
893 2186 915 2226 a

162 2247 226 2310 lutis
241 2248 266 2299 Si
279 2262 333 2315 ergo
348 2250 426 2301 nullm
441 2257 521 2317 posset
539 2252 574 2303 uti
591 2254 715 2305 clavibus'
708 2269 733 2305 ru
753 2253 916 2313 absolvendo,
893 2242 916 2296 li

162 2318 283 2371 mamus
277 2334 300 2370 m
310 2324 372 2373 statu
383 2323 475 2387 salutis,
485 2324 562 2375 nullus
573 2324 641 2375 sciret
654 2338 679 2379 se
688 2338 739 2377 esse
749 2327 874 2388 ahsolutum,
878 2288 915 2383 tall

162 2393 198 2441 est
210 2390 296 2441 sutus
288 2394 463 2445 mconveuieus

183 2463 305 2519 ,Praeterea
312 2464 438 2529 ‚iniquitas
448 2466 549 2519 ministri
561 2480 607 2519 nou
618 2472 694 2534 potest
708 2470 795 2521 auterre
803 2465 916 2521 litteraliltlll
929 2440 930 2510 i

162 2534 256 2586 domini.
268 2536 343 2586 Sed
332 2538 437 2589 sacerdos
461 2543 496 2589 est
516 2540 591 2591 solim
610 2540 726 2593 minister.
746 2542 790 2607 ltro
790 2555 803 2592 o
821 2553 860 2591 nou
872 2538 916 2601 polet

95 2662 100 2673 ,
161 2620 203 2657 sua
217 2606 304 2658 malitia
315 2607 398 2659 donum
410 2610 424 2659 l
437 2610 483 2661 lieo
496 2612 655 2663 transmissum
667 2626 708 2677 per
718 2626 772 2665 eum
781 2613 841 2664 nolis
851 2609 915 2660 autent·

192 2678 201 2741 (
209 2679 395 2730 concinno.-
405 2682 515 2733 Sacerdos
531 2682 606 2733 malus
619 2685 665 2735 etsi
678 2684 753 2749 gratit
767 2685 869 2749 privetur,
880 2675 916 2729 nult

159 2748 227 2798 modo
240 2750 343 2813 privatur
356 2762 399 2802 usu
409 2753 525 2816 clavium,
534 2753 587 2803 cium
598 2754 658 2805 sicut
669 2756 811 2821 participatio
822 2755 884 2805 roms
892 2758 917 2798 m

157 2815 419 2954 ffinttnrnstntrmJntum,
413 2824 464 2881 ,ita
474 2837 518 2875 nec
531 2824 655 2877 subtractio
668 2826 806 2880 tutaturus
818 2825 928 2879 rpustumt

232 2902 284 2939 men
296 2905 302 2939 r
