1942 3284
112 221 158 268 sto
288 233 349 271 raus
364 234 405 284 ιιι,
422 233 514 278 ouusr.
530 235 610 284 uxrnr,
626 235 681 272 uua.
700 231 735 273 ιι.

113 308 180 359 matis
192 321 238 360 non
247 308 344 360 retertur
355 311 382 361 art
392 310 462 361 idem.
477 311 543 361 Sicut
552 311 613 361 enim
621 311 797 362 instrumentum
805 310 905 362 uirtutem
947 287 956 356 ἦ,

114 379 310 430 instrumentalem
324 381 418 445 acquirit
429 381 562 446 dupliciter,
577 382 662 433 scilicet
672 383 763 446 quaudo
776 381 859 446 accipit
869 383 907 432 lor·

114 465 174 501 maur
190 452 350 515 instrumenti,
367 458 389 504 et
402 456 492 517 quaudo
513 453 639 506 mouetur'a
653 453 773 519 principali
787 458 869 518 agente
885 453 907 502 ul

114 523 220 574 ellectum
231 541 241 587 3·
252 525 284 574 ita
295 524 363 576 etiem
377 527 472 576 materia
486 526 626 576 sacramenti
636 524 722 590 duplici
737 525 907 576 sanctificatione

114 593 216 658 indiget,
232 610 272 660 per
284 609 378 660 quarum
388 611 457 646 unam
471 597 496 647 lit
509 597 600 662 propria
613 596 707 648 materia
722 597 868 661 sacramenti,
873 608 908 661 per

116 666 183 718 aliam
196 669 251 720 uero
262 669 387 732 applicatur
401 671 430 720 ad
443 671 558 721 ellectum.

147 741 182 790 td
193 741 286 792 tertium
298 741 495 806 dicendumquod
507 741 602 794 materia
612 741 734 807 corporalis
745 755 792 792 nou
799 747 837 794 est
845 755 909 807 capax

116 811 195 874 gratiae
207 811 273 876 quasi
283 813 360 876 gratiae
373 813 510 877 subiectum,
526 813 566 863 sed
579 812 651 863 solium
666 812 725 864 sicut
738 814 817 876 gratie
830 813 909 864 iustru-

117 887 229 947 mentum,
244 889 270 933 ut
283 883 350 948 supra
363 884 492 936 dictumest
503 885 552 949 (qu.
564 888 603 947 62,
620 888 687 934 arti
703 895 727 936 et
742 888 776 947 3).
791 887 819 936 Et
835 887 865 936 ad
874 886 911 934 hoe

117 954 212 1005 materia
231 955 366 1006 sacramenti
386 961 531 1008 consecratur
545 957 583 1007 uel
597 956 626 1006 ab
641 957 691 1020 ipso
712 957 824 1020 Christo,
839 955 910 1008 uelat
952 985 953 989 κ

118 1026 235 1091 episcopo,
248 1027 289 1091 qui
301 1027 359 1092 gerit
371 1029 396 1078 in
410 1029 511 1080 Ecclesia
523 1041 644 1093 personam
658 1028 751 1081 Christi.

411 1207 569 1260 cuneolos
584 1210 622 1260 lV.

125 1335 211 1380 Utrirm
220 1334 269 1379 tare
277 1335 310 1379 sit
319 1337 458 1380 conveniens
462 1337 546 1390 sermo
557 1336 629 1393 huius
636 1337 797 1381 sacramenti:
807 1337 913 1391 Corripio

399 1404 419 1442 te
431 1400 495 1453 siguo
503 1401 586 1456 crucis,
597 1406 638 1444 ete.

152 1524 187 1573 Ad
205 1528 307 1587 quartum
331 1525 364 1576 sic
377 1523 507 1590 proceditur
517 1525 560 1589 (l).
577 1525 671 1576 Videtur
686 1525 748 1589 quid
767 1527 817 1577 lraec
833 1539 879 1577 non
891 1525 915 1574 sit

122 1595 262 1647 conueniens
281 1597 354 1647 torma
373 1596 443 1660 hujus
459 1597 615 1646 sacramenti:
636 1614 650 1645 n
670 1597 787 1661 consigno
809 1601 832 1648 te
857 1599 915 1662 siguo
957 1646 958 1654 ,

121 1667 209 1731 crucis,
225 1673 248 1717 et
262 1668 371 1719 confirmo
388 1671 411 1718 te
426 1667 546 1719 chrismate
561 1668 648 1731 salutis,
663 1668 686 1717 in
699 1669 790 1720 nomine
803 1671 915 1730 Panisci
957 1655 958 1684 ³

120 1735 183 1799 Filii,
198 1743 220 1788 et
233 1739 330 1803 Spiritus
342 1739 427 1800 saneti,
443 1753 519 1790 amen.
530 1757 544 1787 u
558 1740 617 1790 Usus
629 1739 691 1790 enim
704 1739 916 1792 sacramentorum'a

121 1809 210 1860 Christo
222 1814 245 1860 et
256 1811 284 1860 ab
295 1811 404 1875 apostolis
415 1810 539 1860 derivatur.
551 1812 596 1862 Set
607 1824 680 1874 neque
693 1813 798 1862 christus
809 1814 869 1864 hane
876 1812 915 1862 lor-

122 1893 182 1928 mam
193 1882 300 1941 instituit,
313 1896 355 1932 nec
365 1881 462 1946 apostoli
475 1881 503 1932 et
516 1883 552 1932 usi
565 1882 677 1946 leguntur.
692 1883 752 1947 Ergo
766 1885 816 1936 uec
829 1885 916 1936 nonest

122 1951 260 2002 conueniens
273 1951 345 2002 lorma
358 1953 429 2016 hujus
448 1955 593 2003 sacramenti.

154 2025 178 2071 Ξ.
193 2023 318 2084 Praeterea,
334 2023 393 2073 sicut
406 2030 572 2076 sacramentum
586 2031 622 2076 est
635 2025 695 2078 idem
709 2030 875 2091 apudomnes,
888 2027 916 2075 ita

123 2097 146 2142 et
158 2093 231 2143 forma
241 2095 306 2144 debet
321 2108 371 2145 esse
382 2096 478 2160 eadem,
491 2097 543 2160 quia
552 2097 659 2161 quelibet
668 2111 704 2148 res
718 2098 787 2148 habet
797 2099 914 2158 unitatem,

122 2165 182 2215 sicut
193 2170 216 2215 et
224 2181 285 2226 esse,
299 2165 361 2238 aspa
372 2168 452 2219 forma.
468 2169 514 2218 Sed
526 2169 569 2219 luto
579 2169 652 2220 inruit
665 2183 711 2222 non
722 2183 804 2222 omnes
818 2175 915 2230 utuntur;

123 2238 214 2300 quidam
224 2239 284 2288 enim
296 2238 387 2291 dicunt:
396 2257 409 2288 n
419 2241 534 2292 Confirmo
543 2246 565 2292 te
574 2241 695 2292 chrismate
704 2242 914 2294 sanctificationis.»

123 2308 183 2371 llrgo
196 2311 244 2360 lraec
256 2323 302 2360 nou
310 2314 346 2362 est
356 2311 497 2362 couveniens
509 2312 580 2362 forma
593 2313 662 2377 hujus
672 2312 818 2364 sacramenti.

157 2388 179 2431 3.
194 2384 321 2446 Preterea,
334 2387 500 2434 sacramentum
511 2387 554 2436 hoc
568 2385 634 2438 dehet
647 2383 785 2436 conformari
797 2386 917 2450 baptismo,

122 2454 181 2505 sicut
192 2457 302 2520 perfectio
313 2456 461 2520 perfectiori,
474 2462 499 2506 ut
507 2458 575 2522 supr'a
584 2458 669 2508 dietum
678 2461 712 2508 est
725 2457 778 2521 (art.
791 2456 824 2517 il.
840 2458 884 2510 Sel
893 2456 916 2505 iu

124 2527 197 2577 lorma
212 2528 319 2592 baptismi
331 2543 378 2580 non
396 2530 421 2579 lit
435 2529 521 2580 mentio
541 2530 568 2581 le
584 2529 756 2594 consignatione
770 2529 917 2588 characteris,

125 2611 167 2650 neo
178 2600 247 2650 etiam
261 2601 289 2651 cle
299 2615 364 2653 cruce
378 2600 476 2665 Christi,
492 2601 545 2652 cim
563 2605 640 2652 tamen
653 2615 694 2665 per
702 2601 843 2664 baptismum
856 2603 918 2653 homo

125 2670 216 2723 Christo
229 2673 402 2737 commoriatur,
411 2677 437 2724 ut
445 2674 567 2740 Apostolus
578 2674 643 2738 dicit,
653 2675 734 2731 Rom„
745 2675 791 2739 vl;
803 2688 846 2726 nec
855 2674 918 2726 eliam

161 2846 193 2909 (1)
207 2851 240 2896 lte
259 2849 296 2894 lris
309 2848 381 2894 etiam
398 2848 468 2904 intra,
482 2861 523 2905 qu.
543 2846 583 2906 st,
597 2853 641 2893 art.
661 2845 685 2906 ³,
700 2847 724 2892 iu
742 2858 821 2904 eerp.;
842 2855 867 2894 et
878 2849 917 2903 lv,

124 2910 270 3031 {optimine
290 2913 304 2958 l
311 2944 318 2970 ‚
331 2924 372 2969 qu.
392 2910 420 2971 t,
433 2917 480 2958 ert.
496 2910 512 2956 3
526 2923 567 2967 per
588 2915 677 2966 intuma
692 2909 835 2969 cloptune..
846 2911 917 2970 nu,
