1942 3284
219 175 252 210 nu
268 173 461 225 ansereffllllldilt
476 172 623 224 delituit!-
776 167 821 217 tot

26 249 155 314 parentibus
171 249 315 313 baptizandi3
330 249 439 300 hahentes
455 253 533 300 tamen
549 264 615 300 usum
635 251 700 302 liberi
716 252 821 317 arbitrii,

24 321 72 371 edm
91 321 115 371 in
133 320 218 371 dinnis
231 334 277 371 suae
294 319 341 382 sint
354 320 488 386 potestatis,
506 320 566 372 reete
579 322 609 371 ad
622 322 758 387 baptismum
772 339 822 376 sue

25 393 149 456 cipiendnm
165 391 283 442 admoneri
298 395 365 455 atque
384 391 460 441 indnel
474 393 593 455 possunt.)

54 463 187 538 despondeo
199 463 333 528 dicendum,
348 461 406 526 quod
418 463 482 526 pueri
494 462 619 516 infidelium
632 463 673 514 filii
685 469 725 516 aut
735 466 821 518 halent

29 533 206 596 irrumpimus,
221 537 260 583 aut
273 547 318 584 nou
327 533 420 584 habent.
435 533 460 583 Si
473 536 548 583 antem
562 533 662 598 habent,
672 535 735 599 jam,
751 551 823 600 quan-

28 604 71 654 tdm
84 606 110 656 ad
127 619 156 658 ea
170 618 222 670 qua
233 611 287 666 suot
299 605 357 668 jnris
370 604 440 655 diuini
454 605 492 656 rel
506 607 629 670 naturalis,
647 606 759 671 incipiunt
771 622 822 662 rua

28 675 138 740 potestatis
158 689 221 726 esse,
234 678 261 726 Et
276 675 328 726 ideo
342 675 431 740 proprit¹
443 675 571 737 voluntate,
585 676 662 729 invitis
672 679 804 742 parentibus
812 717 822 743 ,

31 751 118 809 possunt
131 747 271 811 baptismum
289 748 419 812 suscipere,
435 746 493 799 sicut
509 750 532 798 et
550 748 717 801 matrimonium
733 755 824 803 eontra·

31 819 89 868 luere.
103 820 129 868 Et
144 821 198 870 ideo
213 819 269 870 tales
280 817 343 870 licite
362 819 449 874 moneri
462 823 560 884 possunt
573 824 596 873 et
614 820 690 871 indnei
705 821 734 872 ad
751 824 823 876 susei-

29 891 128 953 piendum
142 891 291 954 baptismum.
311 891 335 940 Si
352 889 404 942 vero
418 892 517 942 noudum
533 891 618 942 habent
630 907 696 945 arsum
710 893 775 945 liberi
786 908 823 945 ar·

27 963 99 1024 litui,
108 962 237 1014 secundum
247 963 286 1027 jus
294 963 396 1013 naturale
405 966 459 1012 sunt
467 963 509 1012 auh
516 976 569 1014 cura
578 967 707 1027 parentum,
716 966 824 1029 quamdiu

28 1035 67 1097 ipsi
79 1035 125 1086 sihi
138 1034 257 1104 prouidere
272 1047 316 1086 non
329 1038 439 1098 persuum
452 1035 515 1084 unde
524 1036 592 1087 etiarn
603 1039 627 1087 et
642 1037 669 1086 de
679 1037 756 1101 pueris
765 1039 825 1088 anti-

28 1119 116 1168 quorum
129 1105 222 1162 dieitur.
234 1105 293 1170 quod
302 1123 315 1154 u
327 1106 470 1156 salvabantur
483 1105 508 1155 in
519 1106 563 1156 lide
573 1111 723 1170 parentum»
736 1110 765 1159 llt
772 1109 825 1160 ideo

27 1183 99 1230 uonna
114 1177 231 1243 justitiam
248 1178 373 1231 naturalem
386 1181 456 1241 esset,
472 1178 491 1228 si
504 1178 562 1231 tales
575 1180 641 1242 pueri
651 1179 729 1230 inuitis
741 1193 825 1244 paron·

27 1250 79 1300 tibus
92 1249 278 1316 baptizarentur,
293 1249 352 1300 sicut
372 1249 439 1299 etiam
458 1249 479 1300 si
499 1250 581 1314 aliquis
601 1251 687 1304 ualens
705 1266 772 1302 usum
790 1264 827 1302 ra·

27 1322 89 1372 tionis
108 1321 266 1386 baptizaretur
289 1321 384 1372 inritus.
404 1323 470 1371 Esset
491 1323 560 1375 etiam
583 1323 735 1386 periculosum
752 1323 827 1375 taliter

29 1393 78 1444 lilios
90 1393 221 1444 infidelium
234 1393 361 1457 baptizare,
374 1393 426 1455 quia
442 1393 469 1442 de
481 1393 543 1444 facili
553 1395 580 1447 ad
596 1395 753 1452 infidelitatem
766 1393 827 1449 rodi·

30 1470 87 1524 rent,
105 1469 202 1532 propter
221 1464 344 1517 naturalem
363 1463 470 1514 allectum
488 1465 644 1529 adparentes.
664 1466 692 1515 Et
709 1466 762 1519 ideo
780 1478 828 1518 non

30 1537 89 1588 latet
107 1539 154 1588 hoe
174 1535 280 1590 Ecclesiae
297 1537 452 1600 consuetudo,
463 1537 523 1602 quod
544 1537 585 1588 filii
606 1537 732 1588 infidelium
747 1538 828 1590 inritis

36 1609 157 1670 parentibus
172 1607 325 1672 baptizentur.
389 1657 393 1666 ,

61 1681 88 1731 ld
101 1682 203 1744 primum
222 1692 276 1742 ergo
293 1679 431 1741 dicendum,
454 1679 516 1744 quod
533 1679 546 1731 a
562 1684 634 1731 morte
651 1680 762 1744 corporali
782 1695 829 1733 non

33 1756 62 1801 est
74 1753 156 1816 aliquis
169 1751 301 1814 eripiendus
312 1755 391 1805 contra
405 1753 510 1802 ordinem
519 1752 578 1815 juris
587 1751 673 1810 civilis,
684 1751 739 1816 puta
752 1753 773 1803 si
785 1755 828 1807 cli·

32 1824 77 1885 quis
94 1823 106 1874 a
119 1838 163 1875 suo
180 1823 257 1888 judice
270 1824 431 1874 condemnetur
442 1825 469 1874 ad
484 1827 593 1886 mortem,
606 1823 683 1873 nullus
696 1824 829 1878 debetcum

33 1895 134 1946 nolenter
148 1896 163 1948 a
175 1899 249 1946 morte
260 1895 346 1960 eripere
354 1895 396 1960 (tt.
407 1895 471 1952 Unde
482 1907 525 1944 nec
537 1893 618 1958 aliquis
627 1895 694 1949 debet
705 1895 830 1960 irrumpere

32 1967 126 2019 ordinem
138 1967 199 2033 juris
212 1971 315 2033 naturae,
333 1981 378 2032 quo
392 1965 452 2018 iilius
465 1970 502 2021 est
514 1966 556 2019 sub
574 1967 725 2032 compatris,
739 1972 765 2021 ut
776 1981 829 2023 eum

33 2038 108 2090 liberet
120 2041 134 2092 a
144 2039 250 2106 periculo
261 2039 339 2092 mortis
352 2043 451 2095 aeterne.

60 2113 91 2162 ed
109 2114 236 2164 monadum
250 2111 385 2174 dicendum,
399 2113 461 2177 quod
474 2111 550 2162 ludar
562 2115 616 2163 sunt
628 2111 688 2162 serui
701 2112 829 2177 principum

35 2183 138 2237 seruitute
153 2182 236 2240 cirili,
252 2197 303 2248 quae
314 2197 359 2237 nou
374 2183 475 2238 excludit
488 2181 591 2237 ordinem
603 2183 661 2247 iut'tt
673 2183 782 2234 naturalis
793 2183 830 2235 rol

35 2255 107 2307 diuini.

61 2329 94 2378 td
113 2327 206 2388 tertium
221 2327 356 2392 dicendum,
369 2326 430 2392 dudd
448 2327 516 2378 homo
530 2327 646 2382 ordinatur
665 2328 778 2385 addeum
791 2341 832 2393 per

37 2400 155 2464 rationem,
168 2411 211 2464 per
227 2413 295 2462 quam
308 2401 379 2450 Deum
390 2413 525 2463 cognoscere
536 2402 620 2463 potest
634 2401 699 2450 Unde
712 2414 779 2464 puer,
787 2414 831 2452 aa·

39 2473 120 2533 onnam
144 2485 212 2525 usum
231 2471 326 2534 rationis
347 2472 441 2536 habeat,
463 2471 561 2522 naturali
575 2470 654 2528 ordine
670 2473 786 2525 ordinatur
806 2472 832 2522 in

39 2541 103 2594 lleum
117 2558 157 2608 per
174 2543 286 2594 rationem
297 2547 432 2608 parentum,
450 2557 546 2608 quorum
559 2556 618 2597 oure
632 2544 765 2597 naturaliter
778 2545 833 2596 sul-

37 2612 112 2735 griffi}
122 2619 145 2734 it
163 2612 290 2736 sffiunddm
307 2627 384 2664 eornm
407 2613 579 2680 dispositionem
602 2619 655 2665 sunt
675 2614 736 2666 eirca
756 2616 833 2679 ipsum

137 2699 193 2750 gen,
213 2723 218 2734 ·

71 2845 103 2908 (t)
118 2846 155 2894 ste
172 2849 311 2906 explicatum
321 2855 356 2900 est
368 2849 447 2910 sured,
462 2850 491 2905 a,
503 2850 533 2905 2,
549 2861 591 2905 qu.
609 2847 649 2904 ⁰⁹.
664 2854 707 2895 ort·
727 2849 751 2907 4,
765 2847 794 2903 .ᾶᾶ
807 2847 833 2904 32

40 2909 92 2958 ‘illud
107 2911 234 2965 movero„
244 2913 327 2974 xxiv,
340 2911 368 2963 11
380 2929 387 2958 r
402 2913 470 2964 uror
483 2925 522 2961 eor
537 2912 580 2972 pri
591 2911 720 2967 emmor
730 2910 837 2960 odm-
