1942 3284
872 0 905 8 vr-

100 81 164 151 bs
193 113 327 152 nono
359 112 457 158 ouo
487 113 721 153 cnnrsrns
753 116 838 153 κει·
869 116 922 153 nr
953 114 1051 154 noc
1084 114 1290 156 sicam.
1406 117 1493 157 *rar

0 184 143 235 indum
164 187 300 237 fldem
317 186 603 249 catholicam,
628 186 749 251 quod
780 190 904 238 totus
919 188 1128 239 Christus
1148 190 1279 240 sitin
1304 192 1389 242 hoc
1417 209 1497 241 si·-

0 261 143 307 nento.
182 256 427 307 Sciendum
466 260 616 307 tamen
658 258 778 321 quod
812 259 983 323 aliquid
1017 259 1183 311 Christi
1221 264 1292 310 est
1332 262 1377 313 in
1406 265 1477 313 ln„

0 332 180 379 amento
210 328 453 392 dupliciter
481 344 494 377 ε
519 342 610 381 uno
644 331 806 393 modo,¹
839 331 968 394 quasi
1003 344 1060 382 ex
1105 332 1152 380 vi
1189 337 1493 389 sacramenli;

31 401 186 462 modo,
231 413 289 450 ex
321 400 519 450 naturali
550 402 919 452 concomitantia.
958 404 1028 452 Ex
1052 403 1100 452 vi
1125 403 1309 466 quidem
1350 419 1493 454 sari-:i-

0 471 67 534 iti,
91 474 159 522 est
178 472 264 522 sub
292 471 535 536 speciebus
570 474 709 536 hujus
732 474 1042 536 sacramenti,
1065 475 1112 524 id
1153 474 1201 524 in
1220 488 1310 537 quo
1330 476 1494 526 direrh'·

0 544 175 595 vertitur
202 544 457 595 substantia
478 546 612 609 panis
645 544 805 596 etvini
835 546 1162 609 praeexistens,
1186 551 1321 610 prout
1353 549 1497 613 sigm-

0 620 64 665 tur
79 628 159 679 per
174 615 314 665 verba
332 616 488 666 formae
499 653 517 679 ,
537 630 638 680 quae
658 621 761 667 sunt
782 617 987 667 effectiva
1007 617 1054 667 in
1083 619 1170 668 hoc
1195 630 1489 677 sacramento,
1521 653 1525 661 ,

3 690 22 737 t
52 688 166 737 etin
201 686 377 737 caetcris
410 688 771 751 mutationibus;
803 688 946 753 puta,
977 688 1080 739 cilm
1105 688 1270 739 dicitur
1301 704 1315 737 :
1348 708 1373 739 <r
1401 693 1493 741 lli-...-

0 771 158 822 corpus
183 772 360 822 meum3
391 758 466 809 hic
486 764 555 809 est
578 760 764 824 sanguis
802 773 948 811 meus,
969 777 998 808 »
1029 761 1097 810 Ex
1122 760 1316 810 naturali
1347 769 1493 811 antrum

0 829 273 891 :omitantia‚
302 834 371 880 est
396 830 444 879 in
469 832 557 881 hoc
594 835 876 883 sacramento
915 832 1022 882 illud
1052 834 1171 895 quod
1217 833 1397 883 realiter
1427 841 1489 881 rel

0 904 189 963 junctum
226 902 269 953 ei
290 902 340 952 in
362 904 480 966 quod
496 904 712 967 praedicta
737 903 976 955 conversio
996 904 1276 955 terminatur.
1293 904 1344 954 Si
1369 909 1485 957 enim

0 988 47 1022 ua
76 974 163 1024 duo
203 977 309 1024 sunt
327 975 507 1025 realiter
532 976 774 1041 conjuncta
791 1015 803 1037 ,
827 976 1097 1040 ubicumque
1131 980 1200 1027 est
1223 991 1365 1027 unum
1397 993 1493 1029 rra*

0 1061 22 1108 ·,
54 1048 232 1109 oportet
263 1049 309 1096 et
332 1046 451 1096 aliud
490 1060 622 1110 esse;
654 1047 751 1098 sola
774 1045 897 1097 enim
923 1048 1187 1112 operatione
1221 1047 1381 1101 animas
1409 1053 1493 1097 llis·-

0 1122 139 1167 untur
167 1131 271 1181 quae
304 1118 486 1168 realiter
511 1123 617 1169 sunt
636 1120 893 1183 conjuncta.

1 1190 29 1238 d
52 1189 248 1252 primum
276 1203 383 1253 ergo
412 1189 651 1240 dicendum
672 1228 686 1249 ‚
725 1190 848 1255 quod
886 1191 994 1254 quia
1032 1190 1268 1242 conversio
1295 1193 1425 1255 panis
1453 1201 1489 1241 ul

18 1273 111 1310 non
140 1259 407 1309 terminatur
428 1261 484 1310 ad
514 1260 800 1311 divinitatem
830 1262 903 1311 vel
930 1261 1127 1311 animam
1157 1262 1360 1321 Christi,
1390 1277 1493 1313 wu-

0 1344 92 1381 iens
130 1339 202 1382 est
234 1330 355 1395 quod
386 1330 601 1383 divinitas
635 1334 707 1383 vel
740 1332 888 1383 anima
923 1333 1095 1383 Christi
1124 1346 1216 1383 non
1254 1332 1315 1383 sit
1341 1333 1385 1382 in
1413 1337 1497 1381 hur.

0 1406 181 1453 amento
200 1415 259 1451 ex
277 1402 325 1451 vi
353 1403 642 1463 sacramenti,
664 1405 744 1454 sed
767 1418 825 1454 ex
843 1404 952 1454 reali
974 1404 1326 1454 concomitantia
1346 1420 1360 1467 ;
1389 1409 1489 1469 quin

0 1487 25 1522 n
64 1472 279 1523 divinitas
320 1486 483 1536 corpus
521 1478 803 1538 assumptum
850 1488 1084 1539 nunquam
1123 1475 1358 1538 deposuit,
1389 1478 1497 1525 uhi-

0 1559 89 1609 que
117 1550 189 1595 est
222 1558 387 1609 corpus
430 1545 626 1609 Christi,
651 1560 838 1597 necesse
869 1552 940 1597 est
982 1551 1028 1597 et
1069 1547 1172 1610 ejus
1209 1546 1493 1597 divinitatem-

36 1617 93 1667 Et
118 1617 221 1667 ideo
244 1617 292 1665 in
325 1618 412 1667 hoc
442 1622 720 1668 sacramento
749 1630 937 1669 necesse
970 1622 1044 1667 est
1071 1631 1174 1669 esse
1216 1618 1493 1669 divinitalrw

0 1690 65 1738 isti
83 1689 469 1739 concomitantem
491 1691 592 1754 ejus
612 1704 792 1754 corpus·
809 1691 938 1740 Unde
959 1690 1008 1738 in
1029 1690 1236 1753 symbolo
1263 1690 1497 1752 Ephesiam

0 1764 63 1809 tur
86 1776 95 1808 :
126 1778 154 1807 «
180 1759 431 1825 participes
465 1762 689 1811 efficimur
716 1761 917 1825 corporis
945 1765 993 1812 et
1033 1760 1269 1823 sanguinis
1297 1761 1489 1825 Christij

12 1836 61 1881 ut
89 1846 374 1883 communem
408 1846 590 1884 carnem
618 1832 925 1896 percipientes
942 1871 954 1892 ‚
987 1844 1072 1882 nec
1098 1836 1150 1882 ut
1178 1831 1264 1882 viri
1295 1837 1493 1881 sanctiti-

8 1907 52 1953 et
69 1904 218 1955 Verbo
242 1904 475 1967 conjuncti
500 1903 749 1954 secundum
771 1902 1003 1968 dignitatis
1022 1903 1266 1962 unitatem,
1289 1905 1369 1954 sed
1393 1921 1458 1953 rm
1473 1905 1493 1953 Γε

0 1975 237 2025 ficatricem
258 2012 272 2037 ‚
303 1978 351 2025 et
368 1974 512 2038 ipsius
539 1975 676 2025 Verbi
696 1975 927 2039 propriam
949 1975 1180 2025 factam.»
1205 1975 1369 2025 Anima
1388 1977 1493 2025 rei-J·

0 2046 77 2095 iter
108 2051 315 2110 separata
347 2046 433 2096 fuit
457 2046 483 2096 a
501 2059 707 2109 corpore,
725 2050 776 2096 ut
807 2046 944 2110 supra
966 2045 1138 2096 dictum
1168 2050 1238 2096 est
1266 2046 1377 2110 (qu⁴
1417 2053 1493 2101 liu,

18 2117 95 2181 3).
138 2119 197 2167 Et
228 2117 332 2168 ideo
350 2154 366 2180 ‚
396 2118 435 2167 si
470 2118 518 2167 in
549 2117 627 2168 illo
661 2118 810 2168 triduo
839 2118 998 2167 mortis
1025 2117 1187 2167 fuisset
1222 2119 1311 2167 hoc
1355 2132 1417 2166 aas
1437 2137 1492 2165 ru.

0 2193 99 2239 itum
123 2189 399 2239 celebratum
420 2227 437 2253 ,
467 2202 559 2239 non
586 2188 748 2239 fuisset
766 2189 829 2238 ihi
851 2188 1001 2239 anima
1027 2189 1231 2250 Christi,
1254 2202 1339 2237 nec
1365 2205 1413 2237 cx

0 2260 186 2325 amenti,
208 2274 295 2311 nec
322 2274 379 2310 ex
409 2260 518 2311 reali
553 2260 913 2311 concomitantia.
942 2261 1056 2323 Sed,
1093 2260 1201 2323 quia
1236 2277 1262 2306 α
1291 2261 1497 2310 Christus

3 2346 133 2396 rgcns
150 2346 209 2383 ex
229 2333 438 2395 mortuis„
455 2334 553 2397 jam
575 2346 667 2383 non
696 2333 902 2396 moritur,
918 2348 946 2379 »
964 2336 1015 2382 ut
1038 2331 1202 2382 dicitur
1227 2333 1385 2385 Rom..
1413 2333 1485 2381 ll„

0 2416 47 2453 na
74 2403 176 2467 ejus
205 2416 385 2468 semper
410 2408 481 2454 est
502 2401 682 2453 realiter
712 2404 889 2467 corpori
914 2404 1018 2466 ejus
1053 2402 1196 2451 unita.
1232 2403 1287 2451 Et
1314 2400 1417 2452 idco
1449 2405 1493 2449 ir:

16 2481 295 2528 sacramento
322 2490 489 2541 corpus
516 2476 897 2541 quidem‘Christi
930 2481 1000 2527 est
1043 2490 1102 2526 ex
1127 2476 1174 2524 vi
1203 2481 1497 2526 sacramenli.

0 2562 48 2599 na
71 2554 220 2600 autem
242 2549 414 2599 Christi
442 2562 499 2599 ex
527 2549 635 2599 reali
664 2549 1034 2600 concomitantia.

2 2622 26 2671 d
55 2622 306 2671 secundum
346 2621 585 2671 dicendum
603 2658 617 2683 ‚
656 2621 776 2685 quod
814 2635 867 2672 ex
896 2621 943 2670 vi
991 2619 1259 2671 sacramenti
1297 2619 1381 2669 suh
1413 2621 1501 2669 lca-42.

0 2695 182 2743 amento
209 2693 469 2743 continetur
483 2729 501 2755 ,
520 2692 739 2756 quantum
758 2694 815 2743 ad
834 2690 1009 2756 species
1029 2691 1163 2755 panis
1178 2728 1196 2754 ,
1222 2703 1314 2739 non
1348 2689 1493 2739 saltim

0 2779 33 2825 ι,
61 2765 142 2814 sed
169 2767 319 2814 totum
355 2776 521 2828 corpus
543 2764 746 2827 Christi,
785 2763 958 2815 scilicet
990 2775 1121 2822 ossa,
1149 2760 1311 2822 nervi,
1342 2765 1385 2809 es:
1417 2761 1497 2809 alifi

0 2835 181 2887 asmodi.
205 2836 262 2887 Et
288 2836 376 2887 hoc
393 2840 581 2900 apparet
602 2849 659 2889 ex
676 2836 821 2888 forma
845 2835 988 2899 hujus
1014 2832 1317 2896 sacramenti,
1347 2829 1393 2881 in
1413 2845 1497 2893 agua

1709 2493 1717 2521 l

1709 2542 1734 2582 lt

1709 2601 1741 2629 *h-
1827 2621 1829 2630 ,

1713 2640 1778 2721 2*

1718 2734 1745 2754 Ι.
1790 2704 1832 2737 Λ·

1734 2764 1741 2789 l
