1942 3284
228 204 260 240 nx
274 201 433 241 sacntnnuno
448 203 657 242 montanarionts.
793 195 841 241 2³8

37 278 89 329 ideo
108 283 276 331 sacramentum
293 280 450 340 eucharistie,
468 293 514 345 qno
531 282 599 332 humo
617 281 641 331 in
661 277 737 344 seipso
754 279 841 331 confir-

38 355 122 416 matur,
136 352 238 415 pertinet
251 353 279 402 al
294 351 475 414 cor,secnndi1m
486 353 542 402 illud
555 352 651 402 Psalm.
663 351 712 402 Clll
725 368 730 402 :
748 352 840 405 «Panis

38 435 77 472 cor
93 424 196 474 hominis
206 423 339 486 confirmet3
353 441 367 471 u
383 425 422 474 sed
433 427 600 474 sacramentnm
614 423 789 474 confirmationis
803 437 838 475 re-

40 494 137 556 quiritur
155 495 185 546 arl
204 495 295 559 signnm
311 495 451 546 fortitudinis
470 496 500 546 ad
519 495 590 559 alios;
611 499 635 546 et
651 495 701 547 ideo
722 495 843 548 exhibetur

40 564 64 614 in
82 566 168 618 fronte.

71 638 103 686 hd
111 637 208 686 tertium
219 637 346 701 dicendum,
358 638 417 702 quod
428 641 642 690 bocsacrameutunu
652 639 717 690 datur
731 641 758 690 ad
769 639 842 690 libere

43 709 206 769 confitendum,
217 723 264 761 non
277 713 354 760 autern
363 710 391 759 ad
405 710 559 760 confitendum
574 709 716 774 simpliciter,
728 712 781 774 qula
794 713 839 763 boc

44 779 145 829 boetiam
159 780 185 829 in
198 781 320 845 baptismo.
334 783 363 831 Et
383 781 435 832 idco
456 795 502 832 non
518 782 584 833 debet
598 781 646 832 dari
658 781 682 832 in
700 795 754 849 ore,
768 783 843 833 sedin

43 850 186 974 'longinum
201 856 310 916 apparent
324 853 390 917 signa
402 852 533 916 passionum
546 851 629 916 quibus
644 852 715 904 libera
728 853 843 906 confessio

42 935 100 986 impe
117 938 126 972 1
152 939 172 973 r.

333 1031 492 1083 ahhcbttls
507 1033 536 1082 X.

121 1158 208 1202 Utriam
219 1157 259 1202 ille
268 1158 311 1215 qui
318 1158 476 1214 continuentur
486 1157 567 1203 debent
579 1159 654 1204 teneri
663 1158 693 1202 ob
705 1159 761 1204 clio.

74 1285 106 1334 Ad
116 1285 230 1334 decimum
241 1284 274 1334 sic
284 1284 413 1348 proceditur
421 1285 463 1346 (l).
476 1283 571 1335 Videtur
580 1283 640 1348 qubd
654 1284 693 1336 ille
708 1285 747 1348 qui
761 1285 843 1336 contir-

44 1360 116 1406 natur
129 1370 177 1406 non
192 1355 275 1406 debeat
286 1356 315 1405 ab
325 1355 369 1405 alio
384 1354 458 1406 teneri
472 1355 500 1405 ad
509 1355 708 1408 confirmationem.
721 1357 768 1407 Hoc
780 1355 843 1407 enim

45 1431 209 1478 &crumentum
220 1439 267 1476 non
282 1426 355 1477 solbnn
368 1428 459 1490 pueris‚·
474 1429 514 1478 sed
526 1427 593 1478 ctiam
614 1427 697 1478 adultis
711 1428 840 1478 exhibetur.

48 1498 119 1548 hinlti
141 1501 217 1548 autem
232 1511 275 1563 per
289 1499 376 1563 seipsos
395 1503 453 1549 stare
471 1502 576 1564 possunt.
591 1499 650 1564 lingo
672 1498 791 1549 ridiculum
811 1502 846 1550 est

47 1569 104 1632 quod
117 1570 145 1620 ab
159 1571 205 1621 alio
219 1573 348 1621 teneantur.

77 1645 99 1691 t.
116 1642 247 1704 Preterea‚
263 1642 302 1692 ille
315 1641 354 1706 qui
365 1644 414 1708 jam
433 1647 469 1693 est
482 1643 510 1693 de
529 1643 646 1705 Ecclesia,
661 1641 755 1693 liberum
775 1643 847 1694 babet

50 1726 158 1764 accessum
173 1714 201 1764 ad
218 1713 328 1764 Ecclesiae
341 1714 484 1779 principem,
497 1713 535 1778 qui
547 1716 583 1764 est
597 1714 726 1778 episcopus.
742 1713 786 1763 Sed
799 1715 844 1764 boc

51 1789 229 1848 sacamentum,
246 1785 306 1835 sicul
322 1786 407 1836 (lictum
421 1790 457 1836 est
468 1785 528 1850 (art.
542 1784 588 1848 6),
600 1798 647 1834 non
666 1784 785 1834 exhibetur
799 1784 845 1835 nisi

50 1858 167 1929 baptizato,
179 1858 220 1922 qni
232 1859 281 1922 jann
295 1862 331 1908 est
344 1859 468 1908 membrum
479 1857 595 1908 Ecclesiae.
614 1857 707 1908 Videtur
721 1869 774 1920 engo
785 1856 845 1920 qubtl

52 1942 91 1978 non
103 1931 185 1980 debeat
196 1943 238 1994 per
252 1930 322 1980 alium
335 1929 438 1981 exhiberi
452 1930 570 1994 episcopo,
583 1930 609 1979 ad
624 1930 669 1980 boc
679 1931 845 1978 sacramentum

53 2000 213 2064 recipiendum.

81 2075 101 2120 3.
114 2072 245 2133 Praeterea,
263 2073 308 2122 boo
325 2075 491 2122 sacramentnm
505 2073 571 2122 datur
587 2073 615 2122 ad
629 2070 697 2122 robur
713 2069 845 2133 spirituale,

55 2144 106 2204 quod
119 2143 191 2208 magis
205 2143 269 2206 uiget
279 2144 304 2194 in
315 2143 371 2193 uiris
384 2142 452 2207 qubrn
465 2143 489 2192 in
499 2143 643 2206 mulieribus,
653 2139 776 2192 secundino
791 2141 846 2192 illud

57 2212 174 2272 Proceri„
190 2217 232 2266 ult.
250 2231 256 2265 :
277 2215 418 2266 «Mulierem
432 2217 514 2266 iortenn
528 2216 579 2280 quis
591 2214 709 2266 inveniet?
720 2230 733 2260 n
743 2213 803 2277 Ergo
817 2213 846 2263 ad

57 2285 122 2336 ninus
136 2287 218 2338 mulier
231 2300 278 2336 non
288 2288 355 2338 debet
370 2290 447 2338 tenere
460 2287 534 2338 uirum
551 2288 578 2338 ad
594 2284 798 2337 confirmationem.

82 2357 124 2407 Sed
140 2362 219 2408 contra
231 2362 280 2419 est,
290 2358 350 2422 quod
365 2359 513 2409 Innocentius
526 2359 589 2423 Papa
599 2357 667 2418 dicit,
680 2361 704 2406 et
714 2355 811 2406 habetur
823 2355 847 2405 in

60 2425 158 2486 benet,
170 2429 246 2491 XXX,
256 2443 295 2491 qu.
309 2427 400 2477 izoSi
411 2428 461 2491 quis
475 2443 505 2479 ex
519 2427 624 2492 conjugio
638 2426 709 2476 ilium
724 2427 763 2475 nul
777 2424 847 2474 filiam

60 2496 142 2549 albulus
150 2501 178 2550 de
188 2500 323 2550 sacrofonte
332 2500 512 2563 susceperit‚aut
521 2501 548 2549 ad
556 2499 654 2549 cbrisrna
664 2495 771 2559 tennerit,
779 2513 792 2543 n
801 2499 846 2546 etc.

61 2567 122 2631 lugo,
136 2571 193 2621 sicut
205 2570 327 2633 requiritur
340 2569 400 2633 qnod
413 2570 495 2634 aliquis
508 2570 647 2635 baptizatum
669 2571 696 2620 de
710 2581 772 2619 sacro
785 2568 849 2618 fonte

61 2637 125 2703 louet,
138 2642 169 2691 ita
185 2643 253 2692 debet
267 2640 349 2704 aliquis
361 2641 389 2691 ab
403 2641 448 2692 alio
462 2642 537 2694 tenen
547 2643 575 2692 ad
586 2644 752 2692 sacramentum
767 2639 847 2692 confir·

62 2710 157 2762 nationis
166 2712 335 2777 accipiendum.

65 2926 79 2970 s
91 2861 163 2974 (¹)l}e
179 2869 215 2915 bin
231 2868 303 2914 etiam
316 2869 359 2925 lv,
372 2867 449 2917 Sciat,
462 2867 516 2912 dist.
535 2865 560 2924 7,
575 2877 615 2922 qu.
632 2864 657 2924 ³,
673 2871 720 2912 art.
734 2865 758 2925 3,
773 2876 849 2922 quaes·

74 2939 127 2974 nuuc.
156 2963 163 2975 .
