1942 3284
468 121 568 199 aaa*
838 161 955 200 rans
984 161 1070 212 m,
1103 157 1288 209 onaesr.
1322 151 1480 211 Lxxx,
1515 163 1628 201 lin-r.
1664 164 1700 200 1.

528 247 574 291 Ξ.
606 241 831 291 Praeterea
850 278 863 300 ,
893 253 947 289 ea
984 253 1177 303 quorum
1216 254 1356 289 unum
1389 244 1461 291 est
1500 243 1692 304 propter
1730 240 1919 291 alterum

468 315 630 363 debent
667 311 723 361 ab
754 311 955 361 invicem
985 311 1154 371 dividi,
1185 311 1292 373 quia
1318 324 1461 360 unum
1486 312 1544 360 ab
1567 311 1658 361 alio
1678 311 1879 374 speciem
1915 316 1942 361 t]

464 387 552 435 Seii
569 382 910 434 sacramentalis
942 382 1228 433 manducatio
1256 383 1487 433 ordinatur
1514 385 1571 433 ad
1607 383 1913 447 spiritualem,

464 455 524 503 ad
563 454 717 504 finem.
757 454 858 504 Non
877 455 1004 515 ‘ergo
1040 454 1172 504 debet
1212 453 1552 503 sacramentalis
1595 454 1882 504 manducatio
1914 469 1942 504 o

468 525 748 587 spiritualem
779 523 936 574 dividi.

536 598 853 669 33Praeterea,
878 607 936 645 ea
962 608 1154 658 quorum
1177 607 1317 645 unum
1336 597 1491 659 potest
1517 609 1620 647 esse
1647 596 1748 647 sine
1777 596 1942 657 altero,

468 671 635 719 debent
664 672 818 718 contra
856 681 907 718 se
937 668 1098 718 dividi.
1133 668 1219 717 Sed
1245 668 1424 719 videtur
1450 668 1570 732 quod
1599 670 1755 720 nullus
1781 670 1926 733 possit

470 743 633 791 *lucare
678 740 1006 803 spiritualiter,
1043 738 1134 789 nisi
1179 739 1320 789 etiarn
1361 740 1751 791 sacramentaliter
1794 742 1942 791 mandi

472 813 672 875 alioquin
703 812 881 875 antiqui
910 813 1069 861 Patres
1093 813 1179 861 hoc
1206 816 1544 862 sacramentum
1569 811 1867 873 spiritualiter
1888 827 1942 861 m:

472 888 666 935 t'c'tSSent.
684 886 869 934 Frustra
891 883 1031 933 etiam
1055 886 1178 934 esset
1199 884 1539 934 sacramentalis
1558 884 1853 934 manducatio
1869 924 1882 941 ,
1915 885 1942 933 s*

476 971 528 1003 ea
556 956 799 1021 spiritualis
822 969 923 1006 esse
947 959 1121 1020 posset.
1148 956 1247 1005 Non
1273 955 1410 1019 igitur
1433 954 1766 1005 convenienter
1785 954 1942 1017 disting

476 1027 591 1077 eirea
626 1028 714 1076 hoc
750 1030 1089 1077 sacramentum
1140 1028 1305 1092 duplex
1346 1027 1667 1091 manducatio,
1698 1027 1878 1077 scilicet
1921 1042 1942 1077 s

480 1101 686 1151 mentalis
710 1102 759 1149 et
784 1099 1053 1163 spiritualis.

536 1175 623 1223 Sed
646 1176 802 1223 contra
822 1174 920 1232 est,
944 1173 1065 1237 quod
1085 1186 1221 1237 super
1252 1172 1363 1222 illud
1386 1174 1427 1221 I.
1471 1173 1610 1227 Cor„
1647 1173 1741 1234 X1,‘
1772 1188 1800 1219 (ε
1829 1171 1918 1231 Qui

476 1247 609 1295 ducat
633 1249 679 1294 et
706 1242 823 1293 bibit
848 1243 1060 1307 indigne,
1094 1250 1204 1307 etc.‚
1229 1262 1256 1292 η
1285 1245 1396 1295 dicit
1425 1246 1582 1296 Glossa
1611 1260 1625 1294 ε
1659 1262 1686 1293 α
1727 1247 1849 1295 Duos
1888 1246 1942 1294 dis

476 1330 574 1367 esee
604 1317 759 1367 modos
793 1316 1128 1381 manducandi,
1152 1330 1294 1367 unum
1324 1319 1695 1368 sacramentalem
1723 1322 1770 1368 et
1811 1318 1942 1368 alium

479 1388 699 1439 ritualem.
728 1404 755 1435 ›)

544 1462 865 1523 [Coucmsm.
892 1488 957 1499 --
974 1462 1071 1513 Duo
1092 1465 1201 1511 sunt
1226 1462 1529 1512 manducandi
1567 1465 1942 1512 sacramentumr

476 1535 585 1583 alter
605 1534 941 1583 sacramentalis
974 1546 1059 1597 per
1075 1547 1211 1596 quem
1241 1534 1384 1583 solum
1411 1533 1702 1597 participatur
1729 1545 1942 1583 sacrame1

476 1607 589 1656 alter
628 1606 909 1669 spiritualis,
938 1620 1022 1671 per
1067 1620 1201 1671 quem
1246 1604 1491 1669 suscipitur
1535 1605 1724 1655 effectus
1775 1618 1942 1655 sacram

476 1695 563 1743 quo
591 1680 729 1731 homo
757 1680 1052 1743 spiritualiter
1078 1678 1260 1728 Christo
1288 1677 1598 1741 conjungitur.
1626 1678 1644 1739 )

540 1752 809 1815 Respondeo
835 1753 1108 1811 dicendum,
1131 1750 1252 1813 quod
1281 1751 1330 1799 in
1356 1749 1617 1813 sumptione
1645 1749 1787 1813 hujus
1810 1762 1942 1800 sacra*

476 1827 565 1871 *luo
587 1827 694 1873 sunt
724 1824 1072 1883 consideranda,
1094 1822 1275 1872 scilicet
1293 1823 1442 1885 ipsum
1465 1825 1800 1871 sacramentum
1824 1827 1872 1871 et
1894 1820 1942 1871 εὖ

480 1895 647 1956 mam,
686 1895 741 1943 de
776 1907 969 1956 quorum
1010 1898 1199 1957 utroque
1231 1892 1327 1956 jam
1369 1892 1505 1956 supra
1544 1891 1713 1941 dictum
1751 1897 1823 1943 est
1856 1891 1942 1955 (qu

480 1971 564 2012 art.
596 1968 651 2027 3,
683 1970 710 2013 7
754 1969 803 2016 et
827 1966 912 2029 8).
952 1966 1194 2015 Perfectus
1216 1964 1356 2027 igitur
1383 1964 1542 2013 modus
1566 1965 1781 2014 sumendi
1816 1965 1904 2014 hoc
1934 1978 1942 2012 ε

484 2039 713 2098 mentum,
752 2040 823 2087 est
861 2037 1042 2099 quando
1083 2036 1248 2099 aliquis
1287 2036 1350 2084 ita
1379 2036 1466 2084 hoc
1493 2040 1827 2085 sacramentum
1863 2049 1942 2086 sus

480 2107 596 2168 ιμεῠᾱ
617 2108 805 2173 percipit
826 2108 929 2172 ejus
957 2107 1190 2158 effectum.
1214 2106 1448 2169 Contingit
1475 2110 1625 2157 autem
1655 2108 1942 2171 quandoque,

480 2178 612 2243 supra
643 2178 812 2228 dictum
845 2183 913 2229 est
948 2180 1061 2244 (qu.
1095 2183 1172 2239 79,
1203 2181 1288 2227 art.
1322 2182 1344 2227 1
1373 2182 1409 2240 ),
1440 2176 1563 2241 quod
1593 2178 1761 2241 aliquis
1786 2178 1942 2241 imped?

480 2249 767 2313 percipiendo
792 2249 958 2300 effectu
984 2250 1123 2313 hujus
1166 2248 1439 2299 sacramenti
1464 2265 1476 2298 :
1510 2252 1555 2298 et
1582 2248 1689 2298 talis
1717 2249 1917 2313 sumptio

480 2322 743 2371 aeramenti
773 2323 845 2371 est
883 2322 1168 2385 imperfecta.
1201 2320 1327 2370 Sicut
1359 2319 1501 2384 igitur
1525 2320 1781 2384 perfectum
1814 2323 1941 2371 contr

480 2393 726 2455 perfectum
756 2393 1004 2457 dividitur3
1029 2394 1092 2444 ita
1121 2392 1465 2443 sacramentalis
1489 2392 1806 2455 manducatio,
1835 2407 1916 2457 per
1940 2416 1942 2436 ι

480 2464 669 2515 :nimitur
686 2466 830 2515 solnm
851 2469 1183 2515 sacramentum
1204 2464 1303 2515 sine
1321 2466 1490 2516 effectu
1507 2464 1671 2529 ipsiuS,
1690 2464 1906 2515 dividitur
1922 2478 1942 2514 c

476 2537 754 2599 ·-22piritualem
782 2538 1178 2588 manducationem
1195 2577 1206 2597 ,
1243 2551 1327 2601 per
1354 2552 1490 2602 quam
1521 2537 1625 2600 quis
1647 2536 1845 2601 percipit
1867 2536 1942 2587 effe

480 2615 616 2675 liujus
640 2610 909 2660 sacramenti
930 2649 942 2670 ‚
966 2624 1058 2674 quo
1086 2609 1383 2674 spiritualiter
1412 2611 1550 2659 bomo
1574 2610 1754 2660 Christo
1783 2608 1942 2673 conjun

483 2695 556 2743 per
592 2682 725 2731 fidem
756 2683 803 2731 et
831 2682 1120 2732 charitatem.

544 2754 608 2803 Ad
634 2753 829 2817 primum
848 2766 955 2815 ergo
985 2754 1223 2803 dicendum
1239 2792 1251 2813 ‚
1273 2746 1397 2816 quoti
1416 2753 1553 2804 etiam
1581 2752 1703 2803 circa
1733 2753 1942 2819 baptismi

480 2827 568 2875 w‘ulia
611 2825 871 2889 hujusmodi
902 2827 1186 2875 sacramenta
1214 2824 1375 2874 similis
1405 2824 1637 2875 distinctio
1672 2823 1909 2875 adhibetur
1934 2838 1942 2872 :

485 2898 661 2959 {uidam
690 2897 946 2961 suscipiunt
975 2896 1150 2947 tautum
1187 2900 1519 2948 sacramentum
1540 2935 1553 2958 ‚
1581 2896 1769 2960 quidam
1799 2895 1907 2947 vero
1930 2908 1942 2945 ε
