1942 3284
134 191 165 228 ns
177 188 335 228 econamuo
348 189 516 229 wcuaarsarm
531 191 659 230 scammum
675 193 711 230 sn.
777 179 822 230 atr

36 267 146 318 visibiliter
159 267 278 328 subjicitur
291 267 367 318 eensni
377 304 386 330 ,
396 266 470 318 eflicit
479 265 617 318 invisibilem
633 265 741 319 eiiectum
750 280 824 320 sacra·

36 339 110 402 meuti3
125 337 184 388 sicut
202 337 286 388 ablutio
300 351 364 401 aque
376 341 454 388 causat
466 343 490 388 ct
501 340 652 389 characterem
666 339 823 404 baptismalem

36 413 56 458 et
73 410 207 460 ablutionem
220 408 374 473 spiritualem,
390 409 449 459 sicut
466 409 535 473 eupri
552 409 636 460 dictum
654 415 691 480 est
704 415 760 475 (qu.
780 413 824 476 62,

36 484 110 540 artl,
124 482 152 531 ad
163 486 190 541 2,
213 485 237 531 et
249 495 288 544 qu.
310 485 353 542 65,
368 486 411 532 art.
424 485 466 543 l).
482 482 526 532 Sed
539 483 628 546 species
644 483 710 547 panis
725 487 749 535 ct
763 483 823 545 riui,

36 567 77 614 que
87 552 237 616 subjiciuntur
246 553 325 604 sensui
333 554 358 602 in
366 554 410 602 hoc
421 558 570 616 uelamento,
581 567 627 604 nou
637 555 740 604 eltlciunt
750 567 825 618 neque

35 623 102 685 ipsum
115 633 197 686 corpus
211 622 301 674 Christi
312 637 408 684 uerum,
419 624 480 688 quod
494 627 530 674 est
538 639 578 674 ces
591 631 615 676 et
624 632 823 682 sacramentum,

36 708 101 758 neque
114 708 196 758 corpus
212 695 341 760 mysticum,
350 697 412 760 qaod
428 699 463 747 est
472 711 513 746 res
527 698 626 748 tontalm
640 698 665 746 iu
677 698 823 750 eucharistia.

37 767 89 831 Ergo
105 768 194 819 utetur
212 768 273 831 quill
293 769 430 820 eucharistia
446 781 494 821 nou
517 769 548 820 sit
569 775 734 822 sacramentum
758 783 823 823 norm

37 838 94 901 legis.

63 917 83 959 3.
96 913 214 975 preterea,
228 917 370 964 memmenta
380 927 447 965 noue
458 912 516 976 legis
531 913 638 964 habentia
653 915 784 978 materiam,
800 917 824 966 in

38 997 72 1033 usu
84 985 181 1036 materiae
193 985 356 1050 perficiuntuc3
365 987 423 1036 sicut
432 985 558 1050 baptismus
567 985 590 1034 iu
599 986 728 1050 ablutione,
739 991 762 1038 et
770 997 823 1038 eorl-

37 1057 124 1108 irmatio
133 1058 158 1108 in
168 1057 298 1109 chrismatis
309 1059 489 1124 consignatione.
500 1058 525 1107 Si
533 1071 586 1122 ergo
601 1061 736 1111 eucharistia
746 1061 777 1110 sit
789 1073 824 1112 sa-

37 1134 179 1194 cramentum,
190 1129 337 1195 perficeretur
347 1131 371 1180 in
384 1145 429 1181 usu
437 1130 550 1191 materiae,
562 1143 607 1181 non
621 1131 645 1180 iu
655 1133 824 1184 consecratione

38 1201 101 1264 ipsius
122 1203 236 1266 materiee;
250 1204 313 1266 quod
329 1206 392 1266 patet
409 1215 459 1253 esse
477 1201 575 1259 falsum,
592 1203 643 1267 quio
665 1205 736 1253 torma
755 1205 824 1269 hujus

39 1276 162 1326 recrementi
173 1279 226 1326 sunt
237 1275 306 1326 uerba
319 1288 370 1339 qne
382 1275 408 1324 in
419 1275 588 1326 consecratione
597 1277 696 1327 materie
709 1275 825 1340 dicuntur,

40 1352 59 1395 ut
73 1347 130 1398 irlrl
142 1347 230 1412 patebit
245 1349 302 1412 (qu.
324 1351 369 1411 tt,
385 1351 428 1396 art.
446 1351 489 1406 ll.
504 1348 563 1410 Ergo
577 1347 713 1400 eucharistia
726 1356 772 1398 uon
791 1351 826 1398 est

40 1433 202 1473 somatum.

65 1491 104 1542 Sed
116 1498 194 1543 eontra
209 1495 261 1555 ost,
274 1492 336 1556 quod
348 1491 374 1542 in
387 1492 481 1542 colecta
496 1491 577 1542 dicitnr
593 1509 598 1542 :
617 1493 688 1544 «lloc
707 1497 771 1543 tuum
784 1503 825 1544 se-

41 1569 166 1614 cumcntnm
181 1578 229 1616 nun
240 1565 271 1615 sit
283 1565 349 1616 nohis
362 1570 438 1614 reatus
451 1564 480 1614 ad
492 1577 591 1627 paenam.
601 1581 615 1612 u

67 1638 348 1701 (termnum—Preces
357 1638 467 1702 baptismi
475 1641 498 1688 et
512 1637 690 1688 confirmationis
699 1647 828 1690 sacramen·

43 1712 90 1769 um,
104 1711 204 1774 oportuit
220 1711 246 1760 in
260 1709 359 1760 Ecclesia
370 1709 412 1760 llei
426 1722 478 1760 esee
493 1705 635 1760 eucharistie
652 1712 826 1773 sacramentum,

43 1783 135 1842 usquam
148 1782 275 1832 animarum
290 1781 406 1847 spirituale
419 1781 579 1844 alimentum.)

67 1852 198 1918 hespoudeo
209 1853 342 1911 dicendum,
354 1852 414 1917 quod
424 1856 565 1903 sacramenta
578 1851 686 1904 Ecclesiae
695 1853 826 1904 ordinantor

45 1924 249 1976 alsulrenieudnm
263 1925 351 1976 homini
363 1925 388 1975 ir
403 1925 451 1975 vita
465 1925 585 1988 spirituali.
605 1925 656 1975 llita
670 1929 745 1976 autem
759 1925 826 1989 spiri⁴

46 1995 100 2044 tealis
115 1997 168 2048 vitae
187 1997 298 2061 corporali
313 1999 479 2060 conformatur,
494 2009 522 2047 ec
537 1995 597 2060 quoi
616 1995 742 2062 corporalia
757 1995 826 2060 spiri-

46 2067 123 2118 tualium
144 2069 316 2120 similitudinem
337 2073 426 2131 gerunt.
445 2067 590 2118 hluniicsturn
610 2071 645 2119 est
667 2072 742 2118 autem
765 2065 825 2131 quid

48 2139 125 2192 scutati
134 2145 205 2193 vitam
213 2143 351 2208 corporalem
361 2141 482 2206 requiritur
495 2141 618 2205 generatio,
628 2153 670 2206 pec
680 2151 747 2206 quam
759 2142 827 2193 homo

48 2212 103 2262 utam
116 2214 199 2278 accipit
212 2217 236 2264 st
254 2218 412 2278 augmentum,
422 2227 467 2278 quo
480 2215 548 2264 homo
562 2213 691 2277 perducitur
703 2215 731 2264 ad
742 2213 828 2278 perieu-

49 2281 117 2334 l'mem
129 2285 199 2350 nite,
216 2285 249 2335 ita
263 2285 331 2336 etiam
344 2285 465 2347 requiritur
480 2285 623 2347 alimentum,
635 2297 679 2348 quo
693 2285 761 2336 homo
775 2297 829 2337 con·

51 2361 136 2406 maratm
147 2358 173 2407 in
188 2357 246 2408 uita.
265 2358 295 2406 lit
307 2357 374 2420 ideo,
389 2357 449 2406 sieut
463 2359 491 2406 ad
500 2357 570 2406 vitam
579 2355 717 2420 spiritualem
731 2357 832 2421 oportuit

51 2436 89 2475 esse
100 2428 252 2493 baptismum,
267 2428 307 2492 qui
324 2432 361 2479 est
375 2427 497 2492 spiritualis
506 2428 634 2491 generatio,
645 2431 668 2478 et
678 2428 832 2480 confirmatio·

52 2509 104 2558 uem,
119 2516 169 2564 que
180 2505 216 2551 est
229 2500 347 2564 spirituale
361 2504 522 2564 augmentum
538 2500 570 2550 ita
584 2499 683 2564 oportuit
695 2513 744 2550 esse
758 2512 833 2550 sacra-

52 2576 139 2622 neutum
149 2573 304 2634 eucharistie,
318 2575 378 2636 quod
391 2578 426 2625 est
440 2573 556 2637 spirituale
567 2573 709 2622 alimentum.

75 2643 208 2708 hiprimnm
219 2657 274 2706 ergo
287 2645 419 2706 dicendum,
433 2644 494 2708 quod
508 2645 591 2708 duplex
602 2646 636 2694 est
649 2643 758 2707 periectio
771 2659 777 2694 :
790 2657 836 2694 uua

52 2726 91 2774 tue
102 2721 135 2767 est
145 2719 169 2766 in
184 2718 235 2781 ipso
243 2718 345 2779 homine,
358 2718 386 2767 ad
398 2731 466 2781 quam
477 2712 662 2781 perducitur'per
673 2719 835 2779 augmentum

53 2788 71 2832 et
85 2787 133 2838 talis
147 2788 258 2852 perfectio
271 2789 376 2852 competit
394 2787 568 2838 confirmationi.
584 2785 633 2836 hlia
647 2790 721 2835 aulem
734 2790 769 2836 est
783 2798 838 2850 per-

52 2855 117 2920 fectio,
130 2873 199 2923 quam
209 2862 279 2910 homo
290 2861 433 2926 consequitur
441 2873 471 2910 ex
483 2859 632 2923 adjunctione
641 2857 738 2919 alicujus
752 2856 837 2908 ericiu-

53 2929 91 2979 seei
100 2931 213 2985 hominem
226 2933 396 2996 consecrantis,
410 2931 467 2997 puts
481 2945 511 2984 en
525 2929 673 2995 adjunctione
687 2929 731 2980 eibi
748 2932 787 2980 uel

733 3028 759 3076 7.
