1942 3284
94 2614 103 2708 ι

108 152 166 218 “itt
255 162 457 212 surrentinus,
475 161 570 208 ounsr.
586 160 660 212 xrrrr,
674 160 730 199 sur.
747 161 782 201 rr.

117 239 227 304 quaiitnte
240 238 340 291 enminis
349 237 509 302 imponitur.»
523 237 583 301 Ergo
592 236 683 287 uidetur
695 235 758 301 qubd
772 236 927 293 omninduuu

118 310 149 363 su
161 310 188 363 iu
198 309 293 361 arbitrio
307 307 439 361 sacerdotis.

150 382 276 443 Praeterea,
290 381 319 433 ad
339 384 415 430 actum
437 378 534 430 riarium
552 376 675 442 requiritur
695 377 817 431 discretio.
842 378 890 431 Sed
907 380 927 431 n

117 455 183 508 esse
198 453 290 505 omnino
311 453 466 503 inuoluptate
482 450 605 501 sacerdotis
618 449 744 510 dimittere,
757 455 782 503 et
799 450 923 516 imponere

119 524 148 577 de
160 538 228 590 puna
238 528 350 590 quantum
367 523 451 587 veliet,
467 536 514 573 non
526 524 589 573 esset
604 521 636 572 ibi
649 522 779 573 necessaris
798 523 927 589 discretim

120 597 174 661 qnia
192 594 308 659 nunquan
328 595 361 646 ibi
380 592 512 645 indiscretio
524 597 604 659 posset
615 592 727 645 accidere.
749 594 815 659 Ergo
833 608 885 646 non
896 598 928 646 est

120 667 214 720 omnino
231 666 257 718 in
269 667 363 718 arbitrio
382 665 517 717 sacerdotis.

154 738 315 802 (Coresusro.
323 766 356 776 -
363 736 423 787 Cbm
433 738 539 788 sacerdos
548 740 654 801 operetur
665 737 691 787 in
700 750 743 789 usu
752 737 859 789 clarium
870 739 928 791 sicut

120 808 227 861 minister
246 814 269 861 et
287 809 464 859 instrumentum
484 807 525 859 Dei
541 808 651 873 tanqutm
670 808 809 874 principalis
827 810 928 873 agentb,

120 893 167 931 non
185 882 262 944 potest
275 879 363 931 soluere
376 884 401 931 et
415 880 484 943 ligure
499 880 526 929 ιι
540 878 658 930 arbitrium
676 892 759 944 suum,
780 880 827 931 sed
842 880 929 931 tantini

120 951 181 1003 siout
191 951 204 1002 t
214 953 261 1004 Deo
270 951 315 1003 sibi
327 952 484 1017 prescriptum
498 950 561 1015 est.)

151 1024 288 1089 Respondeo
303 1023 438 1085 dicendum,
453 1022 514 1088 qudd
531 1023 639 1075 sacerdus
651 1026 759 1087 operatur
771 1022 799 1072 in
821 1038 871 1075 usn
884 1026 928 1075 cia·

119 1095 194 1159 rium,
207 1096 266 1147 sicut
278 1096 453 1146 instrumentum
463 1099 488 1145 et
501 1094 605 1146 minister
620 1094 675 1146 Dei:
689 1095 780 1145 nullum
797 1100 879 1146 autem
894 1097 927 1146 in·

120 1169 272 1219 strumentum
283 1167 353 1218 habet
370 1165 487 1217 efficacem
498 1170 583 1230 actum,
600 1166 646 1217 nisi
659 1164 786 1217 secuudum
803 1166 870 1231 qnbd
882 1180 927 1219 mo-

121 1241 219 1289 vetura
236 1237 355 1301 principali
375 1242 458 1301 agente
478 1240 524 1289 :et
540 1238 592 1288 ideo
613 1235 668 1287 dicit
689 1234 818 1301 Dionysius
840 1239 867 1289 in
888 1238 928 1289 ine

120 1308 268 1360 Ecclesiort.
278 1308 409 1359 libraret.
420 1308 481 1371 ιιιιι
493 1326 506 1357 ιι
516 1308 671 1359 sacerdotibus
680 1308 794 1357 utendum
805 1313 847 1361 est
860 1310 930 1361 virin-

119 1379 182 1430 tibus
198 1378 354 1439 hierarchicis,
371 1380 485 1443 quumudo
495 1378 603 1429 divinitas
618 1392 658 1430 eos
670 1378 777 1429 mouerit.
793 1395 810 1429 u
828 1382 929 1446 inesju

119 1448 220 1513 signnm,
229 1449 400 1510 detumit,
416 1447 722 1514 antepotestatemclavinm
735 1450 811 1501 Petro
824 1449 928 1503 traditn
963 1492 964 1503 ,

121 1520 148 1572 iit
158 1520 245 1573 mentio
262 1522 290 1572 de
303 1520 440 1572 revelatione
454 1520 582 1573 divinitatis
593 1520 615 1572 ei
630 1518 700 1585 ιιιιι,
714 1524 753 1582 et,
772 1521 863 1578 Ιοαιι..
877 1524 927 1589 Π,
963 1526 964 1539 ’

138 1591 266 1645 remittitur
273 1592 380 1657 potestati
388 1590 529 1643 remissionis
540 1591 655 1656 bpostoiis
665 1593 733 1656 date,
741 1592 849 1657 Spiritus
860 1594 928 1645 nuci

122 1606 223 1729 genum,
244 1678 289 1729 quo
308 1662 349 1714 tilii
365 1662 406 1713 bei
420 1666 526 1727 aguntur.
544 1664 609 1714 Unde
624 1679 637 1710 ιι
652 1662 737 1727 siquis
758 1668 851 1729 preter
866 1666 927 1717 itinn

122 1739 209 1787 mutum
222 1736 324 1787 divinum
336 1735 371 1785 uti
384 1746 425 1785 sua
437 1737 550 1799 potestate
565 1738 724 1798 presumeret,
739 1748 788 1787 uon
801 1750 928 1803 eumenus

122 1809 185 1857 retur
196 1807 339 1872 eiectum»
357 1810 382 1855 ut
392 1803 514 1871 itionpsius
526 1806 591 1857 dicit.
606 1807 635 1856 itt
654 1810 735 1871 preter
749 1808 795 1859 buo
820 1806 836 1859 a
854 1808 927 1861 dirius

123 1878 202 1933 ordine
215 1884 363 1941 averteretur,
377 1882 401 1931 et
417 1878 452 1929 sic
464 1879 555 1943 cuipam
575 1878 710 1930 incurreret.
731 1880 764 1929 ut
781 1880 842 1944 quia
858 1894 927 1946 penne

122 1950 280 2002 satisfactorie
290 1951 420 2013 infligendae
431 1950 550 2002 medicinae
561 1954 627 2012 sunt;
640 1950 700 2001 sicut
711 1950 839 2004 medicinae
848 1955 874 2005 in
885 1960 930 2003 arte

121 2020 289 2085 determinato,
300 2035 346 2073 nun
362 2022 467 2072 omnibus
480 2025 622 2086 competunt,
637 2022 677 2073 sed
692 2021 811 2075 sananda)
827 2031 885 2075 sunt
897 2038 930 2075 se-

123 2091 222 2141 eundum
233 2092 350 2143 arbitrium
361 2092 454 2155 Medici,
465 2105 512 2143 non
521 2092 633 2159 propriam
643 2092 788 2144 uoluntatem
798 2096 930 2161 sequentis,

88 2218 91 2228 ,
122 2161 162 2212 sed
177 2163 297 2213 scientiam
311 2163 441 2228 medicinae3
455 2165 488 2215 ita
497 2178 570 2229 poene
583 2164 742 2216 satisfactorie
758 2164 783 2215 iu
796 2166 930 2219 canonibus

117 2230 277 2286 ‘determinatae
289 2249 333 2286 nun
348 2236 453 2286 omnibus
467 2240 611 2301 competunt,
627 2237 667 2287 sed
686 2236 806 2288 variandae
822 2244 882 2289 sunt
894 2252 930 2289 se·

123 2303 221 2354 eunddm
235 2306 352 2359 arbitrium
363 2307 486 2359 sacerdotis
497 2307 576 2358 divino
589 2306 699 2358 instinctu
710 2308 855 2371 regnintum.
871 2310 930 2360 Sicut

123 2388 178 2441 ergo
196 2378 299 2429 medicus
317 2379 437 2442 aliquando
460 2379 585 2444 prudenter
605 2392 651 2431 uon
675 2379 715 2429 dat
738 2379 886 2433 medicinam
904 2382 930 2431 ita

113 2446 240 2505 *eidmcern
253 2463 304 2515 que
316 2451 344 2500 ad
361 2450 434 2501 morbi
446 2450 587 2501 curationem
605 2450 718 2514 sufficiat,
731 2464 761 2501 ne
774 2456 877 2519 propter
898 2452 931 2503 de

123 2517 233 2571 bilitateru
245 2525 331 2573 nature
341 2522 415 2586 majus
426 2522 553 2586 periculum
566 2520 665 2585 oriatur3
681 2520 714 2572 ιιι
727 2524 840 2575 sacerdus
854 2523 932 2575 ιιιιιι

98 2589 233 2643 'mutuom
248 2596 324 2645 mutus
337 2605 384 2644 non
396 2606 486 2658 semper
499 2597 570 2643 totam
585 2606 690 2657 poeuam,
704 2606 758 2657 que
776 2592 820 2643 uni
837 2600 932 2659 peccato

122 2661 232 2726 debetur,
247 2662 360 2729 injungit
377 2678 407 2715 ne
418 2665 522 2715 infirmus
536 2664 619 2729 uliquis
632 2677 661 2715 er
674 2665 839 2729 magnitudine
859 2678 932 2731 ptem

88 2732 238 2798 desperet,
253 2740 276 2784 et
294 2734 457 2799 inpoenitentia
479 2734 580 2787 totaliter
595 2736 694 2786 recedat

123 2805 188 2856 ad
190 2806 296 2884 primum
308 2818 362 2870 ergo
374 2806 505 2875 dicendum,
520 2806 580 2947 quid
593 2806 745 2935 ιιιιιιιιιιι
724 2805 781 2862 titud
794 2806 871 2861 debet
883 2820 934 2859 esse

110 2851 223 2955 diripe
216 2876 502 2947 mstipctureguiatum
588 2925 590 2933 ,
727 2940 730 2947 Ι
799 2936 802 2943 ,
