1942 3284
137 173 185 222 dio
310 183 371 224 raas
386 185 427 236 nm,
437 156 538 230 *oseae
556 183 645 237 aaran,
660 183 715 224 tna.
730 185 768 224 arr.

139 276 190 327 quaa
211 260 321 324 siguificat
343 261 482 325 Ecclesiam,
496 265 521 311 ut
541 261 637 313 hahetur
654 264 673 312 l.
688 265 769 320 Patr„
790 265 829 314 iti.
849 264 925 316 lticttm

140 339 175 384 est
189 336 264 385 antem
274 332 342 398 supra
356 334 405 398 (qu.
418 339 457 397 68,
469 337 512 384 art.
522 333 556 394 tt),
571 333 631 398 qnod
642 347 679 384 res
690 333 787 399 alicujus
800 335 924 387 sacramenti

139 406 218 456 haberi
227 408 303 469 potest
313 409 366 456 ante
375 406 546 470 perceptionem
566 405 716 467 sacramenti,
731 419 760 457 es
771 407 823 471 ipso
834 413 886 459 roto
895 421 926 456 sa-

140 477 253 536 cramenti
269 477 419 542 percipiendi.
434 479 499 528 diade
517 480 570 528 ante
591 477 758 542 perceptionem
773 479 844 544 hujus
861 493 927 530 sacra-

141 548 227 609 menti,
243 552 318 612 potest
337 550 406 600 homo
419 549 503 600 hahere
521 549 616 599 satutem
632 562 661 600 ex
672 553 725 600 noto
739 551 881 615 percipiendi
894 553 927 600 hoc

141 623 319 683 armamentum,
334 619 394 670 sicut
409 624 433 672 et
446 624 498 670 ante
513 621 650 686 baptismam
664 633 692 672 ex
708 623 895 686 contepescat,
910 627 927 670 nt

142 690 210 755 snpra
219 691 305 741 dictum
315 694 351 742 est
362 691 412 755 (qn.
425 696 472 751 ott,
488 695 532 742 art.
543 691 578 755 a).
588 693 628 742 Est
638 695 713 744 auten
727 695 856 745 differentia
868 707 926 758 quan·

143 763 190 814 tim
204 765 232 814 ad
247 765 293 814 dno
307 779 314 814 ι
328 763 406 813 Primd
419 764 524 827 quidem,
541 764 593 829 quia
612 763 739 828 baptismus
755 770 790 817 est
803 766 927 830 principium

142 835 268 900 spiritualis
281 836 334 886 uita
347 840 370 886 et
379 836 450 900 janna
464 839 671 898 sacramentorum
687 837 824 888 eucharistia
838 837 891 889 rard
901 841 928 885 est

142 909 207 972 qnasi
221 908 385 957 consummatio
393 907 518 972 spiritualis
528 907 591 970 vitm,
601 913 624 958 et
637 907 737 958 omniurn
746 916 928 961 sacramentomn

143 979 204 1041 duis,
216 978 318 1042 utsupra
333 979 463 1030 dictumest
475 979 524 1043 (qu.
535 983 574 1043 65,
587 983 631 1030 art.
643 983 681 1044 3);
694 993 735 1044 pen
751 980 928 1032 sanctificationes
946 989 947 1046 t

143 1052 205 1101 enirn
218 1050 318 1101 omniurn
337 1055 528 1102 sacramentorum
546 1051 572 1101 iit
585 1052 718 1116 preparatio
732 1054 761 1102 ad
775 1053 929 1117 suscipiendam
946 1073 947 1104 n

142 1122 179 1172 uei
201 1123 378 1172 consecrandam
395 1122 566 1173 eucharistiam.
584 1125 612 1172 Et
625 1123 677 1175 ideo
697 1125 815 1189 perceptio
832 1121 927 1189 baptismi
946 1123 947 1126 ’

144 1199 180 1246 est
202 1195 327 1245 necessaria
348 1197 376 1246 ad
395 1196 545 1246 inchoandam
566 1196 705 1260 spiritualem
727 1197 811 1260 ritam3
828 1196 929 1262 perceptio

143 1270 219 1318 auem
238 1267 378 1318 eucharistia
394 1270 430 1318 est
444 1267 571 1318 necessaria
589 1269 617 1318 ad
635 1269 834 1320 mnsnmmandam
856 1270 929 1333 ipsam.

145 1352 188 1389 non
202 1339 231 1388 ad
240 1339 285 1389 hoc
297 1337 357 1402 quod
367 1338 501 1402 simpliciter
513 1339 636 1399 habeatur,
648 1341 687 1390 sed
699 1340 784 1390 sufficit
796 1353 849 1392 eauu
860 1340 929 1390 habere

145 1409 170 1458 in
181 1411 248 1471 uoto,
261 1409 321 1460 sicum
330 1413 354 1459 et
367 1409 420 1459 dnis
432 1409 529 1460 habetur
542 1411 567 1460 iu
582 1411 693 1461 desiderio
706 1414 729 1461 et
743 1410 878 1462 intentione.
893 1409 929 1460 iiia

145 1479 271 1532 differentia
284 1484 328 1542 cst,
342 1481 395 1545 quia
405 1496 445 1545 per
459 1481 598 1544 baptismum
610 1483 726 1534 ordinatur
736 1485 805 1534 homo
820 1483 929 1535 ademta

144 1550 240 1601 riatiam.
258 1552 287 1603 Et
304 1552 370 1614 ideo,
387 1565 417 1602 ex
432 1554 476 1602 hoc
490 1551 541 1616 ipso
555 1552 616 1618 quod
636 1553 701 1618 pueri
714 1553 873 1618 baptizantur,
883 1552 930 1604 ordi·

145 1625 228 1672 nanim
243 1637 284 1687 per
293 1623 419 1674 Ecclesiam
429 1625 457 1674 ad
472 1624 648 1687 emhadstiam3
664 1627 688 1675 et
699 1625 758 1674 sicut
771 1639 799 1675 ex
812 1627 856 1676 tide
866 1624 930 1675 Ecate-

145 1694 185 1746 sie
193 1697 296 1758 creduut,
303 1695 336 1747 sic
344 1710 373 1746 ex
382 1697 508 1748 intentione
518 1695 625 1747 Ecclesia
634 1696 764 1747 desiderant
773 1697 929 1751 eucharistion,

146 1771 178 1831 et,
192 1781 233 1831 pen
249 1781 398 1832 consequens,
416 1766 528 1830 recipiunt
540 1779 587 1817 rem
605 1767 686 1831 ipsius.
702 1769 746 1818 Sed
760 1769 789 1818 ad
807 1769 930 1832 baptismum

146 1851 192 1888 non
209 1840 343 1889 ordinantur
362 1853 404 1903 per
417 1839 478 1888 eliud
492 1841 624 1902 precedens
647 1844 822 1890 sacramentum.
838 1842 866 1890 Et
881 1839 929 1896 ideo,

145 1913 198 1960 ante
214 1911 382 1976 susceptionem
400 1911 524 1974 baptismi,
539 1925 585 1961 non
604 1912 688 1962 habent
707 1913 772 1976 pueri
791 1909 930 1977 aliquomodo

145 1980 284 2044 baptismum
302 1985 325 2031 in
346 1986 413 2043 roto,
428 1983 469 2032 aed
481 1982 524 2033 soii
544 1984 628 2047 adniti;
643 1984 703 2035 nude
722 1999 776 2034 mm
793 1979 948 2038 cocromeatt't

145 2065 191 2103 uon
209 2057 307 2116 possam
327 2053 445 2117 percipere
458 2054 509 2105 sine
530 2057 675 2120 perceptione
694 2057 838 2107 sacramenti.
853 2055 930 2106 ntideo

145 2124 189 2173 hoc
207 2128 372 2175 sacramentum
391 2138 437 2176 non
456 2127 500 2177 tnnc
511 2127 577 2178 modo
594 2131 630 2177 est
652 2128 680 2178 de
696 2128 833 2179 necessitate
849 2123 928 2182 eluto.

145 2194 205 2246 sicut
216 2196 354 2260 baptismus.

177 2267 210 2316 nid
224 2267 322 2331 primunr
336 2281 390 2331 engo
403 2267 537 2332 dicendum,
551 2269 612 2334 qndd
627 2271 687 2321 siout
699 2272 840 2336 ametimos
855 2271 928 2332 (Tnact

145 2339 216 2390 XXVI
230 2341 254 2389 in
265 2341 359 2401 team),
371 2341 441 2404 dicit,
453 2355 571 2408 exponens
580 2343 636 2393 iliud
648 2345 743 2394 verbum
754 2345 827 2393 toan.
839 2343 929 2394 :clinno

145 2410 220 2460 cibum
237 2415 260 2461 et
273 2416 351 2474 potum
365 2414 461 2478 (scilicet
472 2414 547 2464 caruis
561 2418 643 2466 suaet
661 2415 801 2479 sanguinis),
816 2415 928 2466 societdm

145 2482 196 2531 uuit
213 2482 310 2546 intelligi
329 2485 430 2552 copponis
450 2489 472 2535 et
488 2486 637 2536 membrarum
652 2499 759 2548 auorum,
774 2488 833 2551 qnod
848 2489 879 2536 est
892 2485 927 2532 Ec·

146 2553 215 2604 clesia
230 2554 252 2603 in
263 2556 440 2620 praedestinatis,
452 2559 476 2607 et
489 2557 585 2616 vocatis,
594 2561 617 2607 et
628 2557 768 2622 justificatis,
782 2562 805 2608 et
818 2551 928 2622 gradioris

146 2625 233 2675 sanctis
246 2629 270 2675 ct
285 2626 481 2689 auctionatus.»
495 2629 566 2688 Unde,
579 2629 698 2693 sicutipse
710 2628 765 2678 dicit
776 2629 800 2678 in
810 2629 888 2693 Epist.
902 2619 927 2672 od

147 2694 307 2759 Bontsocium
323 2698 357 2760 (tt
369 2713 403 2747 :n
421 2699 482 2749 Nniii
498 2704 533 2750 est
545 2700 689 2764 atiquatenus
706 2699 874 2763 ambigendum,
886 2701 927 2745 tttc

180 2849 212 2910 (1)
227 2853 277 2898 lieo
287 2854 310 2898 iu
320 2853 380 2899 itero
395 2853 483 2900 condire
497 2855 559 2900 dees
569 2853 682 2913 epictatoe
695 2855 836 2912 catapan„
849 2853 884 2910 qui
895 2851 926 2894 dt·

146 2913 231 2960 pitacio
245 2917 313 2974 Papae
331 2918 476 2971 inscribitur;
498 2929 540 2962 uec
554 2918 579 2962 iu
593 2917 668 2976 Epist.
679 2917 745 2977 m,
760 2929 813 2975 qu·
826 2911 925 2965 &diedo
