<?xml version="1.0" encoding="UTF-8"?>
<!DOCTYPE html PUBLIC "-//W3C//DTD XHTML 1.0 Transitional//EN"
    "http://www.w3.org/TR/xhtml1/DTD/xhtml1-transitional.dtd">
<html xmlns="http://www.w3.org/1999/xhtml" xml:lang="en" lang="en">
 <head>
  <title>
</title>
<meta http-equiv="Content-Type" content="text/html;charset=utf-8" />
  <meta name='ocr-system' content='tesseract 3.04.00' />
  <meta name='ocr-capabilities' content='ocr_page ocr_carea ocr_par ocr_line ocrx_word'/>
</head>
<body>
  <div class='ocr_page' id='page_1' title='image "./summatheologica01nicogoog_0677.png"; bbox 0 0 1942 3284; ppageno 0'>
   <div class='ocr_carea' id='block_1_1' title="bbox 206 218 819 274">
    <p class='ocr_par' dir='ltr' id='par_1_1' title="bbox 206 218 819 274">
     <span class='ocr_line' id='line_1_1' title="bbox 206 218 819 274; baseline 0.015 -20"><span class='ocrx_word' id='word_1_1' title='bbox 206 219 236 255; x_wconf 78' lang='lat' dir='ltr'><strong>Dii</strong></span> <span class='ocrx_word' id='word_1_2' title='bbox 251 218 444 257; x_wconf 70' lang='lat' dir='ltr'><strong>substractionis</strong></span> <span class='ocrx_word' id='word_1_3' title='bbox 460 220 644 261; x_wconf 75' lang='lat' dir='ltr'><strong>Possinttln&#39;rtt.</strong></span> <span class='ocrx_word' id='word_1_4' title='bbox 774 227 819 274; x_wconf 77' lang='lat'><strong>671</strong></span> 
     </span>
    </p>
   </div>
   <div class='ocr_carea' id='block_1_2' title="bbox 22 290 821 715">
    <p class='ocr_par' dir='ltr' id='par_1_2' title="bbox 22 290 821 639">
     <span class='ocr_line' id='line_1_2' title="bbox 22 290 821 363; baseline 0.013 -22"><span class='ocrx_word' id='word_1_5' title='bbox 22 295 78 341; x_wconf 91' lang='lat' dir='ltr'><strong>cato</strong></span> <span class='ocrx_word' id='word_1_6' title='bbox 95 290 203 343; x_wconf 80' lang='lat' dir='ltr'><strong>satisfieri</strong></span> <span class='ocrx_word' id='word_1_7' title='bbox 220 297 307 357; x_wconf 87' lang='lat' dir='ltr'><strong>potest,</strong></span> <span class='ocrx_word' id='word_1_8' title='bbox 324 293 407 343; x_wconf 84' lang='lat' dir='ltr'><strong>virtute</strong></span> <span class='ocrx_word' id='word_1_9' title='bbox 427 294 501 344; x_wconf 87' lang='lat' dir='ltr'><strong>meriti</strong></span> <span class='ocrx_word' id='word_1_10' title='bbox 521 295 616 356; x_wconf 76' lang='lat' dir='ltr'>Christi,</span> <span class='ocrx_word' id='word_1_11' title='bbox 637 298 698 361; x_wconf 80' lang='lat' dir='ltr'><strong>quod</strong></span> <span class='ocrx_word' id='word_1_12' title='bbox 714 300 821 363; x_wconf 83' lang='lat' dir='ltr'><strong>quodam</strong></span> 
     </span>
     <span class='ocr_line' id='line_1_3' title="bbox 22 362 820 432; baseline 0.009 -19"><span class='ocrx_word' id='word_1_13' title='bbox 22 364 94 413; x_wconf 85' lang='lat' dir='ltr'><strong>inodo</strong></span> <span class='ocrx_word' id='word_1_14' title='bbox 105 362 219 413; x_wconf 78' lang='lat' dir='ltr'><strong>inlinitum</strong></span> <span class='ocrx_word' id='word_1_15' title='bbox 232 364 295 426; x_wconf 65' lang='lat' dir='ltr'><strong>iniis</strong></span> <span class='ocrx_word' id='word_1_16' title='bbox 305 368 329 415; x_wconf 92' lang='grc' dir='ltr'><strong>ει</strong></span> <span class='ocrx_word' id='word_1_17' title='bbox 341 364 385 414; x_wconf 89' lang='lat' dir='ltr'><strong>boc</strong></span> <span class='ocrx_word' id='word_1_18' title='bbox 402 364 425 413; x_wconf 91' lang='lat' dir='ltr'><strong>in</strong></span> <span class='ocrx_word' id='word_1_19' title='bbox 442 364 501 415; x_wconf 89' lang='lat' dir='ltr'><strong>idem</strong></span> <span class='ocrx_word' id='word_1_20' title='bbox 515 366 574 416; x_wconf 84' lang='lat' dir='ltr'><strong>redit</strong></span> <span class='ocrx_word' id='word_1_21' title='bbox 587 370 646 431; x_wconf 88' lang='lat' dir='ltr'><strong>quod</strong></span> <span class='ocrx_word' id='word_1_22' title='bbox 660 367 724 432; x_wconf 89' lang='lat' dir='ltr'><strong>priirs</strong></span> <span class='ocrx_word' id='word_1_23' title='bbox 736 370 820 421; x_wconf 88' lang='lat' dir='ltr'><strong>dictum</strong></span> 
     </span>
     <span class='ocr_line' id='line_1_4' title="bbox 23 434 817 502; baseline 0.01 -19"><span class='ocrx_word' id='word_1_24' title='bbox 23 438 80 495; x_wconf 89' lang='lat' dir='ltr'><strong>est,</strong></span> <span class='ocrx_word' id='word_1_25' title='bbox 92 434 146 496; x_wconf 84' lang='lat' dir='ltr'><strong>quia</strong></span> <span class='ocrx_word' id='word_1_26' title='bbox 165 434 286 497; x_wconf 82' lang='lat' dir='ltr'><strong>perfidem</strong></span> <span class='ocrx_word' id='word_1_27' title='bbox 299 434 429 496; x_wconf 81' lang='lat' dir='ltr'><strong>mediatoris</strong></span> <span class='ocrx_word' id='word_1_28' title='bbox 447 436 518 497; x_wconf 84' lang='lat' dir='ltr'><strong>gratia</strong></span> <span class='ocrx_word' id='word_1_29' title='bbox 534 436 587 486; x_wconf 87' lang='lat' dir='ltr'><strong>data</strong></span> <span class='ocrx_word' id='word_1_30' title='bbox 607 443 644 488; x_wconf 98' lang='grc' dir='ltr'><strong>εει</strong></span> <span class='ocrx_word' id='word_1_31' title='bbox 659 439 817 502; x_wconf 79' lang='lat' dir='ltr'><strong>credentibus3</strong></span> 
     </span>
     <span class='ocr_line' id='line_1_5' title="bbox 22 504 820 576; baseline 0.011 -22"><span class='ocrx_word' id='word_1_32' title='bbox 22 504 45 554; x_wconf 86' lang='lat' dir='ltr'><strong>si</strong></span> <span class='ocrx_word' id='word_1_33' title='bbox 57 508 136 556; x_wconf 86' lang='lat' dir='ltr'><strong>tamen</strong></span> <span class='ocrx_word' id='word_1_34' title='bbox 156 506 201 556; x_wconf 87' lang='lat' dir='ltr'><strong>ulio</strong></span> <span class='ocrx_word' id='word_1_35' title='bbox 218 507 286 557; x_wconf 86' lang='lat' dir='ltr'><strong>modo</strong></span> <span class='ocrx_word' id='word_1_36' title='bbox 299 506 393 569; x_wconf 73' lang='lat' dir='ltr'><strong>gratian</strong></span> <span class='ocrx_word' id='word_1_37' title='bbox 405 506 485 567; x_wconf 86' lang='lat' dir='ltr'><strong>daret,</strong></span> <span class='ocrx_word' id='word_1_38' title='bbox 504 507 618 559; x_wconf 79' lang='lat' dir='ltr'><strong>subiceret</strong></span> <span class='ocrx_word' id='word_1_39' title='bbox 636 510 763 561; x_wconf 75' lang='lat' dir='ltr'><strong>satisfactio</strong></span> <span class='ocrx_word' id='word_1_40' title='bbox 779 526 820 576; x_wconf 94' lang='lat' dir='ltr'><strong>per</strong></span> 
     </span>
     <span class='ocr_line' id='line_1_6' title="bbox 22 576 279 639; baseline 0.004 -14"><span class='ocrx_word' id='word_1_41' title='bbox 22 577 121 627; x_wconf 88' lang='lat' dir='ltr'><strong>modum</strong></span> <span class='ocrx_word' id='word_1_42' title='bbox 138 576 279 639; x_wconf 76' lang='lat' dir='ltr'><strong>predictum.</strong></span> 
     </span>
    </p>

    <p class='ocr_par' dir='ltr' id='par_1_3' title="bbox 58 646 821 715">
     <span class='ocr_line' id='line_1_7' title="bbox 58 646 821 715; baseline 0.01 -19"><span class='ocrx_word' id='word_1_43' title='bbox 58 648 93 697; x_wconf 79' lang='lat' dir='ltr'><strong>Ad</strong></span> <span class='ocrx_word' id='word_1_44' title='bbox 105 648 228 697; x_wconf 83' lang='lat' dir='ltr'><strong>secundum</strong></span> <span class='ocrx_word' id='word_1_45' title='bbox 247 647 380 709; x_wconf 85' lang='lat' dir='ltr'><strong>dicendum,</strong></span> <span class='ocrx_word' id='word_1_46' title='bbox 395 646 456 709; x_wconf 78' lang='lat' dir='ltr'><strong>quot</strong></span> <span class='ocrx_word' id='word_1_47' title='bbox 469 648 538 698; x_wconf 91' lang='lat' dir='ltr'><strong>bomo</strong></span> <span class='ocrx_word' id='word_1_48' title='bbox 550 649 590 712; x_wconf 87' lang='lat' dir='ltr'><strong>qui</strong></span> <span class='ocrx_word' id='word_1_49' title='bbox 602 651 631 700; x_wconf 86' lang='lat' dir='ltr'><strong>ad</strong></span> <span class='ocrx_word' id='word_1_50' title='bbox 645 649 767 715; x_wconf 78' lang='lat' dir='ltr'><strong>imaginem</strong></span> <span class='ocrx_word' id='word_1_51' title='bbox 780 653 821 704; x_wconf 85' lang='lat' dir='ltr'><strong>liei</strong></span> 
     </span>
    </p>
   </div>
   <div class='ocr_carea' id='block_1_3' title="bbox 18 716 820 2460">
    <p class='ocr_par' dir='ltr' id='par_1_4' title="bbox 18 716 820 1066">
     <span class='ocr_line' id='line_1_8' title="bbox 22 716 820 784; baseline 0.008 -17"><span class='ocrx_word' id='word_1_52' title='bbox 22 717 103 768; x_wconf 85' lang='lat' dir='ltr'><strong>factus</strong></span> <span class='ocrx_word' id='word_1_53' title='bbox 117 721 160 777; x_wconf 88' lang='grc' dir='ltr'><strong>εει,</strong></span> <span class='ocrx_word' id='word_1_54' title='bbox 171 716 255 780; x_wconf 86' lang='lat' dir='ltr'><strong>aliquid</strong></span> <span class='ocrx_word' id='word_1_55' title='bbox 268 718 380 768; x_wconf 77' lang='lat' dir='ltr'><strong>libertatis</strong></span> <span class='ocrx_word' id='word_1_56' title='bbox 392 718 527 782; x_wconf 88' lang='lat' dir='ltr'><strong>participat,</strong></span> <span class='ocrx_word' id='word_1_57' title='bbox 540 719 687 784; x_wconf 85' lang='lat' dir='ltr'><strong>inquantum</strong></span> <span class='ocrx_word' id='word_1_58' title='bbox 700 729 735 773; x_wconf 90' lang='grc' dir='ltr'><strong>εει</strong></span> <span class='ocrx_word' id='word_1_59' title='bbox 746 724 820 775; x_wconf 85' lang='lat' dir='ltr'><strong>domi·</strong></span> 
     </span>
     <span class='ocr_line' id='line_1_9' title="bbox 21 788 819 851; baseline 0.008 -12"><span class='ocrx_word' id='word_1_60' title='bbox 21 803 70 839; x_wconf 92' lang='lat' dir='ltr'><strong>nus</strong></span> <span class='ocrx_word' id='word_1_61' title='bbox 89 800 180 839; x_wconf 91' lang='lat' dir='ltr'><strong>suorum</strong></span> <span class='ocrx_word' id='word_1_62' title='bbox 198 791 349 851; x_wconf 81' lang='lat' dir='ltr'><strong>actuum-per</strong></span> <span class='ocrx_word' id='word_1_63' title='bbox 365 788 459 839; x_wconf 88' lang='lat' dir='ltr'><strong>liberum</strong></span> <span class='ocrx_word' id='word_1_64' title='bbox 476 789 611 840; x_wconf 87' lang='lat' dir='ltr'><strong>arbitrium:</strong></span> <span class='ocrx_word' id='word_1_65' title='bbox 625 796 649 842; x_wconf 87' lang='lat' dir='ltr'><strong>ct</strong></span> <span class='ocrx_word' id='word_1_66' title='bbox 663 793 715 843; x_wconf 85' lang='lat' dir='ltr'><strong>ideo</strong></span> <span class='ocrx_word' id='word_1_67' title='bbox 729 807 758 844; x_wconf 81' lang='lat' dir='ltr'><strong>en</strong></span> <span class='ocrx_word' id='word_1_68' title='bbox 775 796 819 845; x_wconf 90' lang='lat' dir='ltr'><strong>boc</strong></span> 
     </span>
     <span class='ocr_line' id='line_1_10' title="bbox 21 858 819 929; baseline 0.009 -20"><span class='ocrx_word' id='word_1_69' title='bbox 21 861 87 923; x_wconf 87' lang='lat' dir='ltr'><strong>quod</strong></span> <span class='ocrx_word' id='word_1_70' title='bbox 102 872 143 923; x_wconf 89' lang='lat' dir='ltr'><strong>per</strong></span> <span class='ocrx_word' id='word_1_71' title='bbox 154 858 249 909; x_wconf 85' lang='lat' dir='ltr'><strong>liberum</strong></span> <span class='ocrx_word' id='word_1_72' title='bbox 258 859 374 909; x_wconf 90' lang='lat' dir='ltr'><strong>arbitrium</strong></span> <span class='ocrx_word' id='word_1_73' title='bbox 385 859 446 923; x_wconf 81' lang='lat' dir='ltr'><strong>agit,</strong></span> <span class='ocrx_word' id='word_1_74' title='bbox 457 862 504 910; x_wconf 82' lang='lat' dir='ltr'><strong>lieo</strong></span> <span class='ocrx_word' id='word_1_75' title='bbox 517 861 648 913; x_wconf 79' lang='lat' dir='ltr'><strong>satisfacere</strong></span> <span class='ocrx_word' id='word_1_76' title='bbox 659 868 751 929; x_wconf 82' lang='lat' dir='ltr'><strong>potest3</strong></span> <span class='ocrx_word' id='word_1_77' title='bbox 765 866 819 929; x_wconf 87' lang='lat' dir='ltr'><strong>qnia</strong></span> 
     </span>
     <span class='ocr_line' id='line_1_11' title="bbox 20 929 819 995; baseline 0.008 -14"><span class='ocrx_word' id='word_1_78' title='bbox 20 930 131 993; x_wconf 82' lang='lat' dir='ltr'><strong>quamvis</strong></span> <span class='ocrx_word' id='word_1_79' title='bbox 141 930 182 980; x_wconf 87' lang='lat' dir='ltr'><strong>liei</strong></span> <span class='ocrx_word' id='word_1_80' title='bbox 191 929 237 991; x_wconf 89' lang='lat' dir='ltr'><strong>sit,</strong></span> <span class='ocrx_word' id='word_1_81' title='bbox 248 933 314 992; x_wconf 89' lang='lat' dir='ltr'><strong>prout</strong></span> <span class='ocrx_word' id='word_1_82' title='bbox 326 931 340 981; x_wconf 82' lang='lat' dir='ltr'><strong>i</strong></span> <span class='ocrx_word' id='word_1_83' title='bbox 350 932 396 982; x_wconf 83' lang='lat' dir='ltr'><strong>beo</strong></span> <span class='ocrx_word' id='word_1_84' title='bbox 407 936 442 983; x_wconf 89' lang='grc' dir='ltr'><strong>εει</strong></span> <span class='ocrx_word' id='word_1_85' title='bbox 451 931 495 981; x_wconf 89' lang='lat' dir='ltr'><strong>sibi</strong></span> <span class='ocrx_word' id='word_1_86' title='bbox 504 944 651 995; x_wconf 77' lang='lat' dir='ltr'><strong>cencessum,</strong></span> <span class='ocrx_word' id='word_1_87' title='bbox 661 937 738 986; x_wconf 87' lang='lat' dir='ltr'><strong>tamen</strong></span> <span class='ocrx_word' id='word_1_88' title='bbox 748 936 819 987; x_wconf 76' lang='lat' dir='ltr'><strong>libert</strong></span> 
     </span>
     <span class='ocr_line' id='line_1_12' title="bbox 18 1000 819 1066; baseline 0.005 -15"><span class='ocrx_word' id='word_1_89' title='bbox 18 1005 44 1051; x_wconf 85' lang='lat' dir='ltr'><strong>ei</strong></span> <span class='ocrx_word' id='word_1_90' title='bbox 58 1000 168 1051; x_wconf 85' lang='lat' dir='ltr'><strong>traditum</strong></span> <span class='ocrx_word' id='word_1_91' title='bbox 180 1004 229 1064; x_wconf 88' lang='lat' dir='ltr'><strong>est,</strong></span> <span class='ocrx_word' id='word_1_92' title='bbox 245 1005 270 1049; x_wconf 92' lang='lat' dir='ltr'><strong>ut</strong></span> <span class='ocrx_word' id='word_1_93' title='bbox 282 1001 332 1064; x_wconf 85' lang='lat' dir='ltr'><strong>ejus</strong></span> <span class='ocrx_word' id='word_1_94' title='bbox 346 1001 450 1053; x_wconf 85' lang='lat' dir='ltr'><strong>dominus</strong></span> <span class='ocrx_word' id='word_1_95' title='bbox 466 1004 497 1053; x_wconf 89' lang='lat' dir='ltr'><strong>sit</strong></span> <span class='ocrx_word' id='word_1_96' title='bbox 511 1017 517 1051; x_wconf 91' lang='lat'>:</span> <span class='ocrx_word' id='word_1_97' title='bbox 537 1003 599 1066; x_wconf 88' lang='lat' dir='ltr'><strong>qnod</strong></span> <span class='ocrx_word' id='word_1_98' title='bbox 612 1016 678 1053; x_wconf 82' lang='lat' dir='ltr'><strong>servo</strong></span> <span class='ocrx_word' id='word_1_99' title='bbox 692 1017 738 1056; x_wconf 94' lang='lat' dir='ltr'><strong>non</strong></span> <span class='ocrx_word' id='word_1_100' title='bbox 754 1019 819 1057; x_wconf 91' lang='lat' dir='ltr'><strong>com-</strong></span> 
     </span>
    </p>

    <p class='ocr_par' dir='ltr' id='par_1_5' title="bbox 19 1140 819 1839">
     <span class='ocr_line' id='line_1_13' title="bbox 54 1140 819 1206; baseline 0.007 -14"><span class='ocrx_word' id='word_1_101' title='bbox 54 1144 92 1192; x_wconf 79' lang='lat' dir='ltr'><strong>Ad</strong></span> <span class='ocrx_word' id='word_1_102' title='bbox 106 1142 198 1192; x_wconf 87' lang='lat' dir='ltr'><strong>tertium</strong></span> <span class='ocrx_word' id='word_1_103' title='bbox 217 1140 349 1203; x_wconf 82' lang='lat' dir='ltr'><strong>dicendum,</strong></span> <span class='ocrx_word' id='word_1_104' title='bbox 361 1140 420 1205; x_wconf 86' lang='lat' dir='ltr'><strong>qubd</strong></span> <span class='ocrx_word' id='word_1_105' title='bbox 430 1142 488 1192; x_wconf 86' lang='lat' dir='ltr'><strong>ratio</strong></span> <span class='ocrx_word' id='word_1_106' title='bbox 500 1142 541 1193; x_wconf 91' lang='lat' dir='ltr'><strong>illa</strong></span> <span class='ocrx_word' id='word_1_107' title='bbox 555 1142 683 1205; x_wconf 81' lang='lat' dir='ltr'><strong>concludit,</strong></span> <span class='ocrx_word' id='word_1_108' title='bbox 701 1143 761 1206; x_wconf 72' lang='lat' dir='ltr'><strong>subd</strong></span> <span class='ocrx_word' id='word_1_109' title='bbox 771 1145 819 1198; x_wconf 83' lang='lat' dir='ltr'><strong>lton</strong></span> 
     </span>
     <span class='ocr_line' id='line_1_14' title="bbox 20 1212 819 1277; baseline 0.001 -12"><span class='ocrx_word' id='word_1_110' title='bbox 20 1212 165 1277; x_wconf 79' lang='lat' dir='ltr'><strong>aequivuens</strong></span> <span class='ocrx_word' id='word_1_111' title='bbox 185 1212 306 1263; x_wconf 78' lang='lat' dir='ltr'><strong>satisfactio</strong></span> <span class='ocrx_word' id='word_1_112' title='bbox 323 1212 372 1263; x_wconf 86' lang='lat' dir='ltr'><strong>fieri</strong></span> <span class='ocrx_word' id='word_1_113' title='bbox 385 1225 431 1263; x_wconf 93' lang='lat' dir='ltr'><strong>non</strong></span> <span class='ocrx_word' id='word_1_114' title='bbox 445 1212 534 1277; x_wconf 88' lang='lat' dir='ltr'><strong>possit,</strong></span> <span class='ocrx_word' id='word_1_115' title='bbox 548 1226 595 1263; x_wconf 92' lang='lat' dir='ltr'><strong>non</strong></span> <span class='ocrx_word' id='word_1_116' title='bbox 610 1219 685 1263; x_wconf 90' lang='lat' dir='ltr'><strong>autem</strong></span> <span class='ocrx_word' id='word_1_117' title='bbox 700 1213 761 1277; x_wconf 81' lang='lat' dir='ltr'><strong>qubrl</strong></span> <span class='ocrx_word' id='word_1_118' title='bbox 773 1229 819 1266; x_wconf 91' lang='lat' dir='ltr'><strong>non</strong></span> 
     </span>
     <span class='ocr_line' id='line_1_15' title="bbox 19 1282 819 1349; baseline 0.001 -15"><span class='ocrx_word' id='word_1_119' title='bbox 19 1284 99 1349; x_wconf 83' lang='lat' dir='ltr'><strong>possit</strong></span> <span class='ocrx_word' id='word_1_120' title='bbox 119 1282 141 1333; x_wconf 91' lang='lat' dir='ltr'><strong>ei</strong></span> <span class='ocrx_word' id='word_1_121' title='bbox 162 1283 275 1333; x_wconf 87' lang='lat' dir='ltr'><strong>sufficiens</strong></span> <span class='ocrx_word' id='word_1_122' title='bbox 297 1282 360 1346; x_wconf 82' lang='lat' dir='ltr'><strong>fleri;</strong></span> <span class='ocrx_word' id='word_1_123' title='bbox 375 1284 479 1346; x_wconf 83' lang='lat' dir='ltr'><strong>quamuis</strong></span> <span class='ocrx_word' id='word_1_124' title='bbox 496 1284 558 1333; x_wconf 90' lang='lat' dir='ltr'><strong>enim</strong></span> <span class='ocrx_word' id='word_1_125' title='bbox 576 1287 649 1333; x_wconf 87' lang='lat' dir='ltr'><strong>totum</strong></span> <span class='ocrx_word' id='word_1_126' title='bbox 667 1296 734 1335; x_wconf 89' lang='lat' dir='ltr'><strong>suurn</strong></span> <span class='ocrx_word' id='word_1_127' title='bbox 749 1299 819 1348; x_wconf 81' lang='lat' dir='ltr'><strong>posse</strong></span> 
     </span>
     <span class='ocr_line' id='line_1_16' title="bbox 20 1353 819 1417; baseline 0.003 -12"><span class='ocrx_word' id='word_1_128' title='bbox 20 1357 95 1405; x_wconf 87' lang='lat' dir='ltr'><strong>bomo</strong></span> <span class='ocrx_word' id='word_1_129' title='bbox 108 1353 154 1403; x_wconf 85' lang='lat' dir='ltr'><strong>lieo</strong></span> <span class='ocrx_word' id='word_1_130' title='bbox 167 1354 260 1415; x_wconf 71' lang='lat' dir='ltr'><strong>debon,</strong></span> <span class='ocrx_word' id='word_1_131' title='bbox 278 1357 413 1404; x_wconf 74' lang='lat' dir='ltr'><strong>nontamen</strong></span> <span class='ocrx_word' id='word_1_132' title='bbox 431 1354 459 1403; x_wconf 81' lang='lat' dir='ltr'><strong>ab</strong></span> <span class='ocrx_word' id='word_1_133' title='bbox 468 1367 506 1417; x_wconf 74' lang='lat' dir='ltr'><strong>¹eo</strong></span> <span class='ocrx_word' id='word_1_134' title='bbox 526 1353 623 1417; x_wconf 80' lang='lat' dir='ltr'><strong>exigitur</strong></span> <span class='ocrx_word' id='word_1_135' title='bbox 640 1354 669 1405; x_wconf 90' lang='lat' dir='ltr'><strong>ds</strong></span> <span class='ocrx_word' id='word_1_136' title='bbox 682 1355 819 1407; x_wconf 69' lang='lat' dir='ltr'><strong>necessitate</strong></span> 
     </span>
     <span class='ocr_line' id='line_1_17' title="bbox 21 1422 818 1488; baseline 0 -13"><span class='ocrx_word' id='word_1_137' title='bbox 21 1424 124 1488; x_wconf 88' lang='lat' dir='ltr'><strong>salutis,</strong></span> <span class='ocrx_word' id='word_1_138' title='bbox 140 1427 167 1473; x_wconf 91' lang='lat' dir='ltr'><strong>ut</strong></span> <span class='ocrx_word' id='word_1_139' title='bbox 178 1427 250 1474; x_wconf 87' lang='lat' dir='ltr'><strong>totum</strong></span> <span class='ocrx_word' id='word_1_140' title='bbox 262 1424 322 1486; x_wconf 83' lang='lat' dir='ltr'><strong>quod</strong></span> <span class='ocrx_word' id='word_1_141' title='bbox 335 1422 424 1487; x_wconf 91' lang='lat' dir='ltr'><strong>possit,</strong></span> <span class='ocrx_word' id='word_1_142' title='bbox 439 1423 522 1486; x_wconf 85' lang='lat' dir='ltr'><strong>faciat;</strong></span> <span class='ocrx_word' id='word_1_143' title='bbox 534 1426 587 1488; x_wconf 86' lang='lat' dir='ltr'><strong>quia</strong></span> <span class='ocrx_word' id='word_1_144' title='bbox 597 1426 641 1474; x_wconf 90' lang='lat' dir='ltr'><strong>boc</strong></span> <span class='ocrx_word' id='word_1_145' title='bbox 657 1428 693 1475; x_wconf 86' lang='grc' dir='ltr'><strong>εει</strong></span> <span class='ocrx_word' id='word_1_146' title='bbox 701 1425 724 1475; x_wconf 91' lang='lat' dir='ltr'><strong>ei</strong></span> <span class='ocrx_word' id='word_1_147' title='bbox 735 1424 818 1488; x_wconf 85' lang='lat' dir='ltr'><strong>impos·</strong></span> 
     </span>
     <span class='ocr_line' id='line_1_18' title="bbox 19 1493 816 1559; baseline 0 -13"><span class='ocrx_word' id='word_1_148' title='bbox 19 1496 91 1547; x_wconf 87' lang='lat' dir='ltr'><strong>sibile</strong></span> <span class='ocrx_word' id='word_1_149' title='bbox 104 1493 322 1544; x_wconf 82' lang='lat' dir='ltr'><strong>secundbmstutum</strong></span> <span class='ocrx_word' id='word_1_150' title='bbox 334 1494 452 1557; x_wconf 87' lang='lat' dir='ltr'><strong>praesentis</strong></span> <span class='ocrx_word' id='word_1_151' title='bbox 465 1497 534 1556; x_wconf 80' lang='lat' dir='ltr'><strong>rito,</strong></span> <span class='ocrx_word' id='word_1_152' title='bbox 544 1499 570 1544; x_wconf 91' lang='lat' dir='ltr'><strong>ut</strong></span> <span class='ocrx_word' id='word_1_153' title='bbox 581 1498 655 1545; x_wconf 89' lang='lat' dir='ltr'><strong>totum</strong></span> <span class='ocrx_word' id='word_1_154' title='bbox 665 1508 816 1559; x_wconf 81' lang='lat' dir='ltr'><strong>possessum</strong></span> 
     </span>
     <span class='ocr_line' id='line_1_19' title="bbox 21 1562 818 1627; baseline -0.003 -11"><span class='ocrx_word' id='word_1_155' title='bbox 21 1569 47 1616; x_wconf 90' lang='lat' dir='ltr'><strong>in</strong></span> <span class='ocrx_word' id='word_1_156' title='bbox 59 1564 145 1627; x_wconf 81' lang='lat' dir='ltr'><strong>aliquid</strong></span> <span class='ocrx_word' id='word_1_157' title='bbox 156 1577 225 1613; x_wconf 89' lang='lat' dir='ltr'><strong>unum</strong></span> <span class='ocrx_word' id='word_1_158' title='bbox 234 1563 361 1627; x_wconf 80' lang='lat' dir='ltr'><strong>expendat,</strong></span> <span class='ocrx_word' id='word_1_159' title='bbox 372 1562 426 1613; x_wconf 83' lang='lat' dir='ltr'><strong>cium</strong></span> <span class='ocrx_word' id='word_1_160' title='bbox 439 1568 543 1627; x_wconf 89' lang='lat' dir='ltr'><strong>oporteat</strong></span> <span class='ocrx_word' id='word_1_161' title='bbox 553 1576 605 1614; x_wconf 87' lang='lat' dir='ltr'><strong>enm</strong></span> <span class='ocrx_word' id='word_1_162' title='bbox 619 1564 678 1614; x_wconf 84' lang='lat' dir='ltr'><strong>circa</strong></span> <span class='ocrx_word' id='word_1_163' title='bbox 691 1564 818 1615; x_wconf 86' lang='lat' dir='ltr'><strong>multacssc</strong></span> 
     </span>
     <span class='ocr_line' id='line_1_20' title="bbox 21 1632 816 1698; baseline -0.004 -10"><span class='ocrx_word' id='word_1_164' title='bbox 21 1636 159 1697; x_wconf 84' lang='lat' dir='ltr'><strong>sollicitom3</strong></span> <span class='ocrx_word' id='word_1_165' title='bbox 177 1636 218 1685; x_wconf 83' lang='lat' dir='ltr'><strong>ssd</strong></span> <span class='ocrx_word' id='word_1_166' title='bbox 234 1638 270 1685; x_wconf 87' lang='grc' dir='ltr'><strong>εει</strong></span> <span class='ocrx_word' id='word_1_167' title='bbox 287 1634 389 1698; x_wconf 73' lang='lat' dir='ltr'><strong>quedam</strong></span> <span class='ocrx_word' id='word_1_168' title='bbox 403 1646 510 1684; x_wconf 89' lang='lat' dir='ltr'><strong>mensura</strong></span> <span class='ocrx_word' id='word_1_169' title='bbox 527 1634 615 1684; x_wconf 89' lang='lat' dir='ltr'><strong>bomini</strong></span> <span class='ocrx_word' id='word_1_170' title='bbox 634 1632 748 1694; x_wconf 84' lang='lat' dir='ltr'><strong>adbibita,</strong></span> <span class='ocrx_word' id='word_1_171' title='bbox 766 1648 816 1698; x_wconf 80' lang='lat' dir='ltr'><strong>quae</strong></span> 
     </span>
     <span class='ocr_line' id='line_1_21' title="bbox 21 1702 817 1767; baseline -0.004 -10"><span class='ocrx_word' id='word_1_172' title='bbox 21 1709 52 1757; x_wconf 82' lang='lat' dir='ltr'><strong>ab</strong></span> <span class='ocrx_word' id='word_1_173' title='bbox 69 1719 98 1757; x_wconf 93' lang='lat' dir='ltr'><strong>eo</strong></span> <span class='ocrx_word' id='word_1_174' title='bbox 111 1705 240 1767; x_wconf 78' lang='lat' dir='ltr'><strong>requiritur,</strong></span> <span class='ocrx_word' id='word_1_175' title='bbox 253 1704 339 1755; x_wconf 89' lang='lat' dir='ltr'><strong>scilicet</strong></span> <span class='ocrx_word' id='word_1_176' title='bbox 356 1702 458 1767; x_wconf 86' lang='lat' dir='ltr'><strong>impletio</strong></span> <span class='ocrx_word' id='word_1_177' title='bbox 475 1705 630 1755; x_wconf 80' lang='lat' dir='ltr'><strong>mandatorum</strong></span> <span class='ocrx_word' id='word_1_178' title='bbox 644 1703 702 1764; x_wconf 80' lang='lat' dir='ltr'><strong>lici3</strong></span> <span class='ocrx_word' id='word_1_179' title='bbox 715 1708 739 1754; x_wconf 87' lang='lat' dir='ltr'><strong>et</strong></span> <span class='ocrx_word' id='word_1_180' title='bbox 748 1718 817 1767; x_wconf 92' lang='lat' dir='ltr'><strong>snper</strong></span> 
     </span>
     <span class='ocr_line' id='line_1_22' title="bbox 21 1773 533 1839; baseline -0.008 -12"><span class='ocrx_word' id='word_1_181' title='bbox 21 1790 50 1829; x_wconf 88' lang='lat' dir='ltr'><strong>ea</strong></span> <span class='ocrx_word' id='word_1_182' title='bbox 63 1780 140 1839; x_wconf 87' lang='lat' dir='ltr'><strong>potest</strong></span> <span class='ocrx_word' id='word_1_183' title='bbox 151 1775 235 1838; x_wconf 86' lang='lat' dir='ltr'><strong>aliquid</strong></span> <span class='ocrx_word' id='word_1_184' title='bbox 246 1787 351 1837; x_wconf 74' lang='lat' dir='ltr'><strong>erogare,</strong></span> <span class='ocrx_word' id='word_1_185' title='bbox 362 1778 387 1823; x_wconf 92' lang='lat' dir='ltr'><strong>ut</strong></span> <span class='ocrx_word' id='word_1_186' title='bbox 399 1773 533 1825; x_wconf 87' lang='lat' dir='ltr'><strong>satisfaciat.</strong></span> 
     </span>
    </p>

    <p class='ocr_par' dir='ltr' id='par_1_6' title="bbox 20 1843 818 2120">
     <span class='ocr_line' id='line_1_23' title="bbox 56 1843 818 1909; baseline -0.007 -13"><span class='ocrx_word' id='word_1_187' title='bbox 56 1848 91 1896; x_wconf 80' lang='lat' dir='ltr'><strong>Ad</strong></span> <span class='ocrx_word' id='word_1_188' title='bbox 111 1849 213 1909; x_wconf 81' lang='lat' dir='ltr'><strong>quartum</strong></span> <span class='ocrx_word' id='word_1_189' title='bbox 232 1844 370 1905; x_wconf 84' lang='lat' dir='ltr'><strong>dicendum,</strong></span> <span class='ocrx_word' id='word_1_190' title='bbox 389 1843 569 1909; x_wconf 63' lang='lat' dir='ltr'><strong>quintilianus</strong></span> <span class='ocrx_word' id='word_1_191' title='bbox 590 1845 658 1893; x_wconf 91' lang='lat' dir='ltr'><strong>bomo</strong></span> <span class='ocrx_word' id='word_1_192' title='bbox 679 1855 724 1894; x_wconf 91' lang='lat' dir='ltr'><strong>non</strong></span> <span class='ocrx_word' id='word_1_193' title='bbox 744 1843 818 1908; x_wconf 90' lang='lat' dir='ltr'><strong>possit</strong></span> 
     </span>
     <span class='ocr_line' id='line_1_24' title="bbox 20 1914 817 1980; baseline -0.004 -12"><span class='ocrx_word' id='word_1_194' title='bbox 20 1922 116 1980; x_wconf 89' lang='lat' dir='ltr'><strong>tempus</strong></span> <span class='ocrx_word' id='word_1_195' title='bbox 128 1916 267 1979; x_wconf 76' lang='lat' dir='ltr'><strong>preteritum</strong></span> <span class='ocrx_word' id='word_1_196' title='bbox 280 1927 423 1976; x_wconf 76' lang='lat' dir='ltr'><strong>recuperare,</strong></span> <span class='ocrx_word' id='word_1_197' title='bbox 432 1918 508 1978; x_wconf 88' lang='lat' dir='ltr'><strong>potest</strong></span> <span class='ocrx_word' id='word_1_198' title='bbox 520 1917 596 1964; x_wconf 72' lang='lat' dir='ltr'><strong>nmen</strong></span> <span class='ocrx_word' id='word_1_199' title='bbox 609 1914 635 1963; x_wconf 92' lang='lat' dir='ltr'><strong>in</strong></span> <span class='ocrx_word' id='word_1_200' title='bbox 646 1914 722 1963; x_wconf 91' lang='lat' dir='ltr'><strong>futuro</strong></span> <span class='ocrx_word' id='word_1_201' title='bbox 731 1926 817 1965; x_wconf 88' lang='lat' dir='ltr'><strong>recom-</strong></span> 
     </span>
     <span class='ocr_line' id='line_1_25' title="bbox 21 1982 817 2053; baseline -0.003 -17"><span class='ocrx_word' id='word_1_202' title='bbox 21 1998 122 2053; x_wconf 84' lang='lat' dir='ltr'><strong>pensare</strong></span> <span class='ocrx_word' id='word_1_203' title='bbox 139 1986 194 2035; x_wconf 89' lang='lat' dir='ltr'><strong>illud</strong></span> <span class='ocrx_word' id='word_1_204' title='bbox 211 1986 270 2049; x_wconf 88' lang='lat' dir='ltr'><strong>quod</strong></span> <span class='ocrx_word' id='word_1_205' title='bbox 283 1985 308 2035; x_wconf 89' lang='lat' dir='ltr'><strong>iu</strong></span> <span class='ocrx_word' id='word_1_206' title='bbox 326 1985 439 2049; x_wconf 76' lang='lat' dir='ltr'><strong>preterito</strong></span> <span class='ocrx_word' id='word_1_207' title='bbox 451 1984 535 2035; x_wconf 88' lang='lat' dir='ltr'><strong>fecisse</strong></span> <span class='ocrx_word' id='word_1_208' title='bbox 555 1983 688 2045; x_wconf 85' lang='lat' dir='ltr'><strong>debuisset;</strong></span> <span class='ocrx_word' id='word_1_209' title='bbox 702 1982 817 2047; x_wconf 86' lang='lat' dir='ltr'><strong>quianon</strong></span> 
     </span>
     <span class='ocr_line' id='line_1_26' title="bbox 21 2054 816 2120; baseline -0.006 -11"><span class='ocrx_word' id='word_1_210' title='bbox 21 2057 105 2109; x_wconf 88' lang='lat' dir='ltr'><strong>debuit</strong></span> <span class='ocrx_word' id='word_1_211' title='bbox 123 2056 211 2120; x_wconf 82' lang='lat' dir='ltr'><strong>(debito</strong></span> <span class='ocrx_word' id='word_1_212' title='bbox 229 2055 354 2119; x_wconf 76' lang='lat' dir='ltr'><strong>precepti)</strong></span> <span class='ocrx_word' id='word_1_213' title='bbox 369 2058 440 2105; x_wconf 91' lang='lat' dir='ltr'><strong>totum</strong></span> <span class='ocrx_word' id='word_1_214' title='bbox 455 2056 515 2116; x_wconf 86' lang='lat' dir='ltr'><strong>quod</strong></span> <span class='ocrx_word' id='word_1_215' title='bbox 528 2055 616 2117; x_wconf 82' lang='lat' dir='ltr'><strong>potuit,</strong></span> <span class='ocrx_word' id='word_1_216' title='bbox 630 2057 655 2104; x_wconf 89' lang='lat' dir='ltr'><strong>ut</strong></span> <span class='ocrx_word' id='word_1_217' title='bbox 667 2054 752 2104; x_wconf 88' lang='lat' dir='ltr'><strong>dictum</strong></span> <span class='ocrx_word' id='word_1_218' title='bbox 771 2058 816 2106; x_wconf 87' lang='grc' dir='ltr'><strong>εει.</strong></span> 
     </span>
    </p>

    <p class='ocr_par' dir='ltr' id='par_1_7' title="bbox 21 2123 819 2460">
     <span class='ocr_line' id='line_1_27' title="bbox 55 2123 819 2191; baseline -0.004 -13"><span class='ocrx_word' id='word_1_219' title='bbox 55 2130 90 2178; x_wconf 82' lang='lat' dir='ltr'><strong>sd</strong></span> <span class='ocrx_word' id='word_1_220' title='bbox 104 2128 207 2191; x_wconf 87' lang='lat' dir='ltr'><strong>quintum</strong></span> <span class='ocrx_word' id='word_1_221' title='bbox 217 2126 345 2187; x_wconf 72' lang='lat' dir='ltr'><strong>dicendum,</strong></span> <span class='ocrx_word' id='word_1_222' title='bbox 354 2125 414 2188; x_wconf 79' lang='lat' dir='ltr'><strong>quod</strong></span> <span class='ocrx_word' id='word_1_223' title='bbox 422 2124 531 2187; x_wconf 81' lang='lat' dir='ltr'><strong>originale</strong></span> <span class='ocrx_word' id='word_1_224' title='bbox 544 2128 678 2188; x_wconf 88' lang='lat' dir='ltr'><strong>peccatum,</strong></span> <span class='ocrx_word' id='word_1_225' title='bbox 688 2125 733 2174; x_wconf 87' lang='lat' dir='ltr'><strong>etsi</strong></span> <span class='ocrx_word' id='word_1_226' title='bbox 743 2123 819 2175; x_wconf 83' lang='lat' dir='ltr'><strong>minis</strong></span> 
     </span>
     <span class='ocr_line' id='line_1_28' title="bbox 21 2194 818 2259; baseline -0.003 -11"><span class='ocrx_word' id='word_1_227' title='bbox 21 2199 109 2249; x_wconf 87' lang='lat' dir='ltr'><strong>lrabeat</strong></span> <span class='ocrx_word' id='word_1_228' title='bbox 121 2197 149 2247; x_wconf 78' lang='lat' dir='ltr'><strong>ile</strong></span> <span class='ocrx_word' id='word_1_229' title='bbox 165 2197 251 2247; x_wconf 87' lang='lat' dir='ltr'><strong>ratione</strong></span> <span class='ocrx_word' id='word_1_230' title='bbox 264 2195 367 2259; x_wconf 87' lang='lat' dir='ltr'><strong>peccati,</strong></span> <span class='ocrx_word' id='word_1_231' title='bbox 382 2194 450 2258; x_wconf 82' lang='lat' dir='ltr'><strong>quim</strong></span> <span class='ocrx_word' id='word_1_232' title='bbox 462 2196 562 2258; x_wconf 88' lang='lat' dir='ltr'><strong>actuale,</strong></span> <span class='ocrx_word' id='word_1_233' title='bbox 581 2199 709 2245; x_wconf 89' lang='lat' dir='ltr'><strong>esttamen</strong></span> <span class='ocrx_word' id='word_1_234' title='bbox 727 2195 818 2258; x_wconf 78' lang='lat' dir='ltr'><strong>gravius</strong></span> 
     </span>
     <span class='ocr_line' id='line_1_29' title="bbox 24 2263 819 2330; baseline -0.003 -13"><span class='ocrx_word' id='word_1_235' title='bbox 24 2268 127 2330; x_wconf 87' lang='lat' dir='ltr'><strong>malurn,</strong></span> <span class='ocrx_word' id='word_1_236' title='bbox 141 2266 194 2330; x_wconf 87' lang='lat' dir='ltr'><strong>quia</strong></span> <span class='ocrx_word' id='word_1_237' title='bbox 213 2269 249 2316; x_wconf 89' lang='lat' dir='ltr'><strong>est</strong></span> <span class='ocrx_word' id='word_1_238' title='bbox 267 2265 341 2328; x_wconf 91' lang='lat' dir='ltr'><strong>ipsius</strong></span> <span class='ocrx_word' id='word_1_239' title='bbox 358 2265 462 2314; x_wconf 74' lang='lat' dir='ltr'><strong>bumanse</strong></span> <span class='ocrx_word' id='word_1_240' title='bbox 481 2269 568 2315; x_wconf 74' lang='lat' dir='ltr'><strong>nature</strong></span> <span class='ocrx_word' id='word_1_241' title='bbox 590 2263 683 2315; x_wconf 87' lang='lat' dir='ltr'><strong>iniectio</strong></span> <span class='ocrx_word' id='word_1_242' title='bbox 700 2279 707 2312; x_wconf 89' lang='lat'>:</span> <span class='ocrx_word' id='word_1_243' title='bbox 726 2268 751 2315; x_wconf 89' lang='grc' dir='ltr'><strong>ει</strong></span> <span class='ocrx_word' id='word_1_244' title='bbox 767 2265 819 2315; x_wconf 87' lang='lat' dir='ltr'><strong>ideo</strong></span> 
     </span>
     <span class='ocr_line' id='line_1_30' title="bbox 23 2334 818 2401; baseline -0.003 -13"><span class='ocrx_word' id='word_1_245' title='bbox 23 2352 67 2401; x_wconf 91' lang='lat' dir='ltr'><strong>per</strong></span> <span class='ocrx_word' id='word_1_246' title='bbox 84 2338 153 2387; x_wconf 90' lang='lat' dir='ltr'><strong>unius</strong></span> <span class='ocrx_word' id='word_1_247' title='bbox 175 2335 273 2387; x_wconf 89' lang='lat' dir='ltr'><strong>bominis</strong></span> <span class='ocrx_word' id='word_1_248' title='bbox 293 2335 345 2399; x_wconf 87' lang='lat' dir='ltr'><strong>puri</strong></span> <span class='ocrx_word' id='word_1_249' title='bbox 364 2334 543 2385; x_wconf 82' lang='lat' dir='ltr'><strong>satisfactionem</strong></span> <span class='ocrx_word' id='word_1_250' title='bbox 564 2334 652 2399; x_wconf 82' lang='lat' dir='ltr'><strong>expiari</strong></span> <span class='ocrx_word' id='word_1_251' title='bbox 671 2347 718 2386; x_wconf 92' lang='lat' dir='ltr'><strong>non</strong></span> <span class='ocrx_word' id='word_1_252' title='bbox 734 2336 818 2400; x_wconf 90' lang='lat' dir='ltr'><strong>potuit,</strong></span> 
     </span>
     <span class='ocr_line' id='line_1_31' title="bbox 23 2408 195 2460; baseline -0.023 0"><span class='ocrx_word' id='word_1_253' title='bbox 23 2411 85 2460; x_wconf 90' lang='lat' dir='ltr'><strong>sicut</strong></span> <span class='ocrx_word' id='word_1_254' title='bbox 99 2408 195 2457; x_wconf 87' lang='lat' dir='ltr'><strong>actuale.</strong></span> 
     </span>
    </p>
   </div>
   <div class='ocr_carea' id='block_1_4' title="bbox 25 2510 815 2692">
    <p class='ocr_par' dir='ltr' id='par_1_8' title="bbox 25 2510 815 2692">
     <span class='ocr_line' id='line_1_32' title="bbox 316 2510 521 2563; baseline -0.015 -1"><span class='ocrx_word' id='word_1_255' title='bbox 316 2510 475 2563; x_wconf 73' lang='lat' dir='ltr'>ARTICULUS</span> <span class='ocrx_word' id='word_1_256' title='bbox 492 2510 521 2560; x_wconf 89' lang='lat' dir='ltr'><strong>ll.</strong></span> 
     </span>
     <span class='ocr_line' id='line_1_33' title="bbox 25 2632 815 2692; baseline -0.01 -8"><span class='ocrx_word' id='word_1_257' title='bbox 25 2638 112 2684; x_wconf 73' lang='lat' dir='ltr'><strong>Utrum</strong></span> <span class='ocrx_word' id='word_1_258' title='bbox 127 2646 222 2692; x_wconf 76' lang='lat' dir='ltr'><strong>porram</strong></span> <span class='ocrx_word' id='word_1_259' title='bbox 237 2634 422 2691; x_wconf 76' lang='lat' dir='ltr'><strong>satisfactorium</strong></span> <span class='ocrx_word' id='word_1_260' title='bbox 432 2633 505 2690; x_wconf 85' lang='lat' dir='ltr'><strong>possit</strong></span> <span class='ocrx_word' id='word_1_261' title='bbox 517 2645 581 2677; x_wconf 77' lang='lat' dir='ltr'><strong>unus</strong></span> <span class='ocrx_word' id='word_1_262' title='bbox 594 2644 639 2689; x_wconf 87' lang='lat' dir='ltr'><strong>pro</strong></span> <span class='ocrx_word' id='word_1_263' title='bbox 655 2632 704 2678; x_wconf 80' lang='lat' dir='ltr'><strong>olio</strong></span> <span class='ocrx_word' id='word_1_264' title='bbox 716 2633 815 2689; x_wconf 68' lang='lat' dir='ltr'><strong>explere.</strong></span> 
     </span>
    </p>
   </div>
   <div class='ocr_carea' id='block_1_5' title="bbox 24 2755 816 2965">
    <p class='ocr_par' dir='ltr' id='par_1_9' title="bbox 24 2755 816 2965">
     <span class='ocr_line' id='line_1_34' title="bbox 51 2755 816 2821; baseline -0.01 -8"><span class='ocrx_word' id='word_1_265' title='bbox 51 2763 88 2813; x_wconf 73' lang='lat' dir='ltr'><strong>bd</strong></span> <span class='ocrx_word' id='word_1_266' title='bbox 102 2758 228 2811; x_wconf 86' lang='lat' dir='ltr'><strong>secundnm</strong></span> <span class='ocrx_word' id='word_1_267' title='bbox 243 2760 277 2808; x_wconf 87' lang='lat' dir='ltr'><strong>sic</strong></span> <span class='ocrx_word' id='word_1_268' title='bbox 285 2760 421 2821; x_wconf 86' lang='lat' dir='ltr'><strong>proceditur.</strong></span> <span class='ocrx_word' id='word_1_269' title='bbox 433 2757 527 2807; x_wconf 85' lang='lat' dir='ltr'><strong>Videtur</strong></span> <span class='ocrx_word' id='word_1_270' title='bbox 537 2756 597 2819; x_wconf 78' lang='lat' dir='ltr'><strong>quod</strong></span> <span class='ocrx_word' id='word_1_271' title='bbox 608 2769 698 2820; x_wconf 80' lang='lat' dir='ltr'><strong>ponam</strong></span> <span class='ocrx_word' id='word_1_272' title='bbox 713 2755 816 2807; x_wconf 87' lang='lat' dir='ltr'><strong>satisfac·</strong></span> 
     </span>
     <span class='ocr_line' id='line_1_35' title="bbox 24 2825 816 2893; baseline -0.01 -10"><span class='ocrx_word' id='word_1_273' title='bbox 24 2833 103 2884; x_wconf 80' lang='lat' dir='ltr'><strong>lorium</strong></span> <span class='ocrx_word' id='word_1_274' title='bbox 113 2842 160 2880; x_wconf 90' lang='lat' dir='ltr'><strong>non</strong></span> <span class='ocrx_word' id='word_1_275' title='bbox 167 2828 241 2893; x_wconf 82' lang='lat' dir='ltr'><strong>possit</strong></span> <span class='ocrx_word' id='word_1_276' title='bbox 248 2844 308 2879; x_wconf 88' lang='lat' dir='ltr'><strong>nnus</strong></span> <span class='ocrx_word' id='word_1_277' title='bbox 319 2844 359 2893; x_wconf 95' lang='lat' dir='ltr'><strong>pro</strong></span> <span class='ocrx_word' id='word_1_278' title='bbox 368 2829 412 2878; x_wconf 90' lang='lat' dir='ltr'><strong>alio</strong></span> <span class='ocrx_word' id='word_1_279' title='bbox 423 2829 523 2891; x_wconf 85' lang='lat' dir='ltr'><strong>explere.</strong></span> <span class='ocrx_word' id='word_1_280' title='bbox 533 2827 591 2886; x_wconf 80' lang='lat' dir='ltr'><strong>Quia</strong></span> <span class='ocrx_word' id='word_1_281' title='bbox 600 2829 628 2877; x_wconf 84' lang='lat' dir='ltr'><strong>ad</strong></span> <span class='ocrx_word' id='word_1_282' title='bbox 637 2825 816 2876; x_wconf 76' lang='lat' dir='ltr'><strong>satisfactionem</strong></span> 
     </span>
     <span class='ocr_line' id='line_1_36' title="bbox 25 2900 760 2965; baseline -0.014 -9"><span class='ocrx_word' id='word_1_283' title='bbox 25 2905 131 2955; x_wconf 85' lang='lat' dir='ltr'><strong>meritum</strong></span> <span class='ocrx_word' id='word_1_284' title='bbox 150 2901 269 2965; x_wconf 87' lang='lat' dir='ltr'><strong>requiritur</strong></span> <span class='ocrx_word' id='word_1_285' title='bbox 285 2917 290 2949; x_wconf 91' lang='lat'>:</span> <span class='ocrx_word' id='word_1_286' title='bbox 305 2901 344 2951; x_wconf 85' lang='lat' dir='ltr'><strong>sed</strong></span> <span class='ocrx_word' id='word_1_287' title='bbox 360 2914 418 2949; x_wconf 86' lang='lat' dir='ltr'><strong>unns</strong></span> <span class='ocrx_word' id='word_1_288' title='bbox 431 2913 473 2963; x_wconf 93' lang='lat' dir='ltr'><strong>pro</strong></span> <span class='ocrx_word' id='word_1_289' title='bbox 485 2900 557 2949; x_wconf 83' lang='lat' dir='ltr'><strong>altero</strong></span> <span class='ocrx_word' id='word_1_290' title='bbox 569 2910 615 2948; x_wconf 93' lang='lat' dir='ltr'><strong>non</strong></span> <span class='ocrx_word' id='word_1_291' title='bbox 629 2901 704 2961; x_wconf 90' lang='lat' dir='ltr'><strong>potest</strong></span> <span class='ocrx_word' id='word_1_292' title='bbox 720 2910 760 2946; x_wconf 78' lang='lat' dir='ltr'><strong>me</strong></span> 
     </span>
    </p>
   </div>
   <div class='ocr_carea' id='block_1_6' title="bbox 0 0 977 3284">
    <p class='ocr_par' dir='ltr' id='par_1_10' title="bbox 0 0 977 3284">
     <span class='ocr_line' id='line_1_37' title="bbox 0 0 977 3284; baseline 0 0"><span class='ocrx_word' id='word_1_293' title='bbox 0 0 977 3284; x_wconf 95' lang='lat' dir='ltr'><strong> </strong></span> 
     </span>
    </p>
   </div>
  </div>
 </body>
</html>
