1942 3284
184 185 216 222 m
232 182 432 223 rrancmrnorr
446 184 497 222 corr
508 180 729 225 exconmrcmrs.
805 171 855 224 mr

344 339 511 391 numenius
526 340 566 391 111.

79 446 176 492 Utritm
197 445 346 502 participare
356 458 411 489 cum
424 446 625 491 excommunicato
634 446 661 490 ior
671 446 763 491 cambus
777 457 826 491 reon

192 509 321 563 concessis,
332 509 465 565 temperati
479 512 600 563 peccorum
613 508 721 553 mortale.

77 616 120 667 Ad
142 615 236 665 tertium
256 615 290 665 sic
308 614 446 679 proceditur.
460 614 557 666 Videtur
568 615 629 679 quod
649 614 786 680 participare
806 626 859 665 cum

34 686 253 739 excommunicato
264 686 289 736 in
298 686 390 736 casibus
400 699 448 736 non
455 686 586 750 concessis,
598 700 689 751 semper
699 688 729 737 sit
738 690 856 751 peccatum

35 758 162 811 mortale.
175 757 232 816 Quia
249 758 370 808 ltememis
390 757 494 821 quedam
510 758 646 822 respondet,
660 760 720 823 quod
738 761 858 823 «propter

38 834 143 882 metum
152 830 232 880 mortis
241 842 288 879 non
298 830 365 881 debet
375 828 459 893 aliquis
473 830 667 881 excommunicato
678 830 856 893 communicare,

40 902 109 968 qnia
132 901 215 965 aliquis
233 902 301 952 debet
319 901 385 967 prius
406 900 481 952 subire
505 905 615 963 mortem,
634 902 701 965 quim
732 902 857 953 mortaliter

40 977 147 1039 peccet.
161 990 177 1022 »
185 973 230 1023 Sel
246 974 297 1023 hmo
310 973 367 1023 ratio
379 972 442 1022 nulla
451 976 527 1035 esset,
539 972 585 1023 nisi
598 973 735 1037 participare
751 988 803 1023 cunr
815 986 856 1023 ex·

44 1042 224 1097 communicato
239 1057 329 1108 semper
342 1047 404 1095 essct
415 1048 534 1108 peccatum
549 1044 651 1096 mortale.
665 1046 740 1108 Ergo,
752 1047 799 1095 eto.

83 1120 111 1166 2.
124 1116 236 1166 Praeterea
245 1154 252 1178 ,
262 1114 337 1166 lacere
348 1120 427 1167 eontra
444 1120 584 1181 preceptum
595 1115 711 1179 Ecclesiae,
727 1118 762 1165 cst
775 1128 856 1177 pecca·

45 1192 106 1240 tum
115 1188 221 1237 mortale.
232 1187 277 1237 Sel
285 1187 384 1237 Ecclesia
394 1187 499 1251 precipit
510 1186 568 1251 quid
577 1186 772 1239 excommunicato
780 1184 858 1236 nullus

46 1257 219 1310 communicet.
233 1258 293 1322 Ergo
307 1257 443 1323 pmticipare
456 1272 509 1308 cum
525 1258 738 1322 excommunicato,
751 1259 787 1307 est
804 1268 858 1319 peo-

51 1333 138 1381 carun
148 1330 250 1381 monete.

86 1404 114 1451 3.
134 1402 260 1462 Praeterea,
275 1401 351 1451 nullus
361 1403 451 1451 arcetur
465 1400 636 1465 iperceptione
649 1397 799 1449 Eucharistiae
816 1408 858 1463 pro

50 1475 153 1539 peccato
166 1471 258 1524 veniali.
270 1472 315 1522 Sed
326 1472 364 1521 ille
380 1472 419 1535 qui
433 1472 555 1536 participat
569 1469 765 1521 excommunicato
780 1469 804 1518 iu
819 1480 858 1519 ca·

51 1544 124 1596 sibim
137 1555 184 1594 uon
198 1542 323 1607 concessis,
338 1543 449 1594 arceturt
462 1544 610 1608 perceptione
627 1540 788 1601 Eucharistiae,
806 1540 860 1603 quia

50 1614 155 1667 incurrit
171 1614 280 1665 minorem
299 1614 566 1665 excommunicationem.
583 1614 640 1675 Ergo
659 1611 798 1675 participans
818 1624 860 1662 ex-

53 1686 225 1740 communicato
234 1686 259 1736 in
269 1685 361 1737 casibus
378 1698 425 1735 non
439 1684 563 1747 concessis,
574 1686 654 1748 peccat
667 1682 800 1733 mortaliter.

91 1762 118 1809 t.
135 1758 264 1820 Praeterea,
279 1758 357 1807 nullus
373 1758 439 1807 debet
458 1754 650 1806 excommunicari
669 1752 751 1817 majori
766 1765 859 1803 ercom-

55 1828 230 1890 musitatione,
246 1830 292 1880 nisi
305 1843 345 1894 pro
355 1831 449 1892 peccato
462 1827 560 1879 mortali.
575 1827 619 1877 Sed
635 1825 718 1889 aliquis
734 1822 860 1875 secundum

54 1905 112 1968 jura
124 1904 198 1965 potest
207 1900 400 1952 excommunicari
413 1899 497 1963 maiori
510 1896 751 1959 excommunicatione,
766 1898 860 1960 propter

55 1976 105 2025 hoc
114 1971 179 2036 quid
192 1972 385 2024 excommunicato
397 1970 528 2036 participat.
544 1972 604 2034 Ergo
619 1967 755 2035 participare
769 1978 860 2018 excom·

57 2042 174 2096 municato
186 2048 222 2094 est
235 2048 353 2107 peccatum
366 2044 470 2094 mortale.

93 2118 139 2169 Sel
150 2120 244 2178 contra,
260 2117 376 2182 apeomto
391 2116 483 2167 mortali
497 2116 573 2167 nullus
584 2117 660 2179 potest
674 2112 800 2175 absolvere,
813 2111 861 2162 nisi

61 2203 133 2256 super
144 2202 196 2240 eum
205 2189 288 2239 hamat
295 2187 485 2251 jurisdictionem.
496 2187 540 2237 Sel
554 2186 649 2251 quilibet
663 2185 770 2234 sacerdos
783 2184 861 2247 potest

60 2260 177 2314 absolvere
191 2259 204 2309 i
216 2258 389 2324 participatione
401 2271 453 2308 cum
467 2254 678 2309 excommunicatis.
689 2255 749 2319 Ergo
764 2266 811 2305 uon
825 2254 861 2303 est

61 2338 179 2402 peccatum
191 2330 293 2383 mortale.

95 2406 221 2468 Praeterea,
236 2418 278 2468 pro
294 2416 403 2453 mensura
420 2400 509 2466 peccati
530 2400 598 2451 lebet
617 2412 668 2451 esse
685 2412 759 2463 poenac
781 2396 863 2447 molus
958 2414 959 2417 ¹

67 2478 115 2543 (nt
124 2474 233 2538 colligitur
241 2489 270 2525 ex
282 2475 365 2533 Dect„
377 2472 464 2535 XXV).
475 2471 520 2521 Sed
529 2484 570 2535 pro
582 2468 756 2535 participatione
769 2476 862 2545 excom-

64 2544 233 2608 municationis,
247 2543 371 2595 secundum
384 2554 529 2593 communem
543 2540 745 2600 consuetudinem,
761 2548 808 2587 non
819 2548 864 2583 nn·

64 2618 229 2685 poniturpoena
243 2616 319 2666 debita
331 2614 420 2666 mortali
431 2615 540 2678 peceato,
549 2612 589 2663 sert
602 2610 675 2675 magis
684 2609 759 2659 debita
768 2604 863 2657 veniali.
958 2666 959 2669 Ἴ

66 2693 127 2754 Ergo
138 2701 184 2738 non
194 2691 229 2738 cst
239 2690 357 2752 peccatum
372 2686 475 2737 mortale.

101 2761 258 2823 (concursio.
269 2784 301 2795 -
311 2757 409 2809 Tantum
423 2754 561 2821 participans
572 2748 768 2805 eroornmunicato
782 2748 807 2798 in
817 2745 868 2797 cri-

68 2834 138 2897 mine,
146 2830 218 2882 rolin
231 2827 324 2893 munis,
335 2830 372 2881 uel
381 2829 407 2879 in
417 2826 528 2879 Ecclesia
539 2827 703 2889 contemptum,
712 2821 793 2885 peccat
807 2830 867 2869 mor·
958 2842 959 2857 .

70 2905 152 2958 taliter.
163 2901 174 2966 )
