1942 3284
146 204 178 241 ur
192 202 231 241 urs
247 202 289 247 our
302 186 407 241 rossum
421 202 640 255 amoenorum,
656 202 710 243 nnc.
781 193 835 243 'lit‘

322 384 481 436 numeneus
498 386 538 435 lll.

40 517 119 562 Utrum
135 514 352 559 excommunicatus
370 516 548 587 potemptatus
562 517 637 573 poerit
650 516 727 563 altum
740 528 833 561 mom·

365 590 497 623 cranmere.

65 709 98 759 ld
117 707 211 760 tertium
231 706 265 758 sic
278 706 416 772 proceditur.
432 706 526 757 Videtur
543 706 604 771 qudd
622 708 832 760 excommunicatus

36 782 71 832 rel
83 793 210 844 suspensus
222 778 294 843 possit
310 778 379 828 alium
393 778 598 831 excommunicare.
613 780 654 831 llle
666 780 728 831 enim
741 780 782 845 qui
794 785 832 833 est

35 851 243 903 excommunicatus
263 851 301 901 vel
316 864 456 915 suspensus,
471 864 545 915 neque
559 851 661 917 ordinem
677 866 751 917 neque
763 853 835 918 juris·

37 922 158 974 dictimem
166 921 259 984 amittit,
266 920 318 985 quia
327 934 401 985 neque
408 922 609 973 reordinaturclrm
617 924 751 987 absolvitur,
758 936 831 989 neque

37 1006 88 1043 cura
101 997 184 1045 iterum
197 992 219 1043 ei
232 991 391 1043 committitur.
405 991 448 1043 Sed
462 992 666 1044 excommunicatio
680 1007 727 1045 nou
736 994 832 1058 requirit

38 1064 81 1114 uisi
92 1064 197 1115 ordinem
210 1063 248 1115 vel
266 1062 454 1127 jurisdictionem.
466 1065 525 1127 Ergo
540 1064 610 1114 etlam
625 1064 834 1117 excommunicatus

38 1136 73 1187 rel
86 1149 213 1207 suspensus
227 1136 421 1187 excommunicare
438 1139 522 1200 potest.

65 1204 99 1259 2⁵
110 1209 243 1268 Praeterea,
256 1206 332 1270 majus
350 1210 386 1257 est
409 1207 521 1259 conticere
537 1220 620 1272 corpus
643 1206 742 1271 Christi,
764 1206 833 1272 quim

38 1279 240 1330 excommunicare.
256 1278 301 1328 Sed
320 1278 379 1329 tales
397 1279 508 1330 conficere
521 1281 635 1343 possunt,
649 1283 675 1329 ut
694 1278 780 1330 dietum
799 1283 836 1331 est

39 1350 90 1415 (lll.
101 1355 174 1416 part,
189 1364 228 1412 qu.
240 1354 280 1413 82,
294 1352 337 1400 art.
350 1349 383 1414 t).
398 1352 458 1415 Ergo
469 1354 493 1401 et
511 1351 717 1403 excommunicare.

65 1423 110 1473 Sed
130 1426 233 1473 eontra:
253 1422 337 1485 ligatus
355 1422 503 1487 corporaliter
516 1436 563 1473 uon
577 1425 651 1487 potest
667 1422 735 1473 alium
755 1422 835 1486 ligare.

38 1494 79 1543 Sed
98 1492 218 1544 uinculum
241 1492 357 1557 spirituale
380 1497 416 1544 est
439 1494 520 1544 lortius
539 1493 607 1555 quim
630 1494 756 1559 corporale.
777 1496 836 1559 Ergo

38 1562 246 1615 excommunicatus
260 1577 306 1615 non
320 1566 395 1628 polest
410 1564 481 1614 alium
495 1564 709 1627 excommunicare,
724 1564 775 1615 oum
794 1578 839 1616 ex-

38 1636 203 1687 communicare
217 1636 248 1686 sit
258 1636 376 1685 uinculum
385 1634 512 1699 spirituale.

75 1708 241 1769 (Conmusro.
251 1734 283 1744 —
294 1706 354 1757 Cium
364 1706 576 1757 excommunicatus
589 1704 771 1757 dcommunione
784 1706 840 1759 iide-

38 1776 91 1827 lium
106 1782 241 1842 separetur,
258 1781 282 1829 et
294 1792 338 1827 usu
356 1775 527 1841 jurisdictionis
543 1776 660 1839 privetur,
674 1780 698 1828 et
712 1790 839 1841 suspensus

40 1847 221 1913 ljurisdictione
232 1862 279 1900 uon
293 1849 366 1913 possit
379 1861 407 1899 ea
419 1861 471 1913 que
491 1846 657 1913 jurisdictionis
668 1851 722 1899 sunt
736 1846 835 1912 exequi,

39 1924 116 1971 neuter
131 1920 329 1973 excommunicare
342 1920 445 1986 potest.)

69 1992 206 2055 despondeo
223 1991 352 2053 dicendum,
361 1991 422 2057 qudd
438 2006 494 2042 usus
509 1989 676 2056 jurisdictionis
689 1994 724 2041 est
737 1991 762 2041 iu
776 2004 840 2042 eom·

40 2062 158 2124 paratione
168 2062 197 2113 ad
210 2063 281 2113 alium
290 2063 421 2127 homiuem,
434 2063 517 2115 etideo
532 2060 585 2113 cum
599 2061 674 2113 omnis
684 2062 841 2113 excommuni-

40 2136 103 2183 catus
121 2133 135 2183 d
154 2134 313 2184 communione
331 2134 432 2185 fidelium
451 2137 585 2199 separetur,
597 2133 696 2201 quilibet
709 2146 842 2185 excommu-

41 2203 127 2255 nicatus
145 2218 190 2254 usu
204 2204 370 2269 jurisdictionis
388 2206 500 2270 privatur.
517 2206 546 2255 Et
565 2204 619 2269 quia
637 2204 840 2257 excommunicatio

41 2350 135 2412 potest;
158 2353 181 2399 et
197 2349 277 2399 eadem
299 2348 357 2399 ratio
377 2354 414 2399 est
427 2350 456 2400 de
473 2361 584 2413 suspenso
598 2348 612 2397 l
628 2346 796 2412 jurisdictione.
817 2348 843 2399 si

43 2419 102 2469 enim
114 2421 144 2470 sit
156 2433 282 2484 suspensus
295 2421 324 2470 ab
333 2421 411 2471 ordine
422 2420 522 2483 tantum,
536 2424 590 2471 lunc
604 2432 650 2470 non
667 2424 743 2484 potest
755 2433 782 2471 ea
791 2432 843 2483 qum

42 2494 95 2539 sunl
110 2490 206 2554 ordinis,
218 2492 259 2541 sed
269 2494 345 2555 potest
354 2504 382 2541 ea
395 2506 446 2555 qua
457 2494 511 2543 suut
518 2490 698 2555 jurisdictionis3
709 2495 733 2540 et
741 2488 755 2541 le
763 2492 842 2539 sonim

45 2560 107 2611 sisit
118 2575 242 2627 suspensus
254 2562 268 2612 d
278 2562 451 2627 jurisdictione,
464 2568 489 2614 et
503 2576 549 2613 non
560 2562 588 2612 ab
599 2561 694 2625 ordine,
707 2574 753 2611 non
766 2562 844 2625 polest

43 2642 138 2697 eaquae
153 2637 206 2683 suut
216 2632 398 2697 iurisdictionis,
413 2636 453 2685 sed
467 2638 542 2699 potest
562 2646 589 2685 ea
605 2646 657 2697 que
674 2636 728 2683 suut
739 2631 842 2695 ordinis3

42 2702 63 2752 si
80 2707 157 2754 autem
169 2704 197 2753 alr
211 2708 323 2767 utmque,
338 2707 394 2756 tunc
406 2710 514 2756 neutrum
525 2708 607 2767 potest.

73 2777 107 2825 ad
122 2776 221 2839 primum
231 2789 284 2837 ergo
295 2776 432 2841 dicendum,
443 2777 504 2841 quod
517 2777 622 2840 quamuis
634 2774 844 2826 excommunicatus

42 2846 79 2966 {⁰¹
92 2861 221 2911 suspensus
231 2860 277 2897 non
289 2847 379 2899 amittat
385 2848 578 2914 jurisdictionem,
590 2848 672 2899 amittit
682 2850 760 2899 tamen
768 2844 846 2911 juris-

58 2917 151 2969 iclionis
167 2931 244 2967 usum.
