1942 3284
149 191 236 237 corrue
253 191 371 230 summm
386 193 477 230 omnus
492 192 604 233 unm
617 191 715 233 memo.
785 183 832 233 oto

58 266 369 334 (Concessio-Furinae
383 270 407 320 et
424 267 568 330 amentibus,
584 272 662 332 utpote
673 269 757 332 quibua
767 269 829 322 desit

18 338 160 393 devotionis
177 337 281 402 affectus,
298 338 430 390 nullatenus
440 339 485 390 hoc
502 342 668 391 sacramentnm
680 339 780 392 conferri
791 341 832 392 rta-

16 415 84 473 bet,
96 410 143 465 uisi
155 410 228 462 lucida
238 410 358 462 intervalia
368 411 483 473 habeant,
494 411 577 474 quibm
590 415 757 465 sacamentum
766 425 832 466 reco-

56 483 169 546 oscant.)

17 500 202 620 gnRespousteo
218 554 350 620 dicendum,
360 554 421 620 quon
440 555 469 606 ab
486 555 593 606 effectum
609 557 680 620 buius
696 558 834 607 sacramenti

17 627 206 695 percipiendum
224 626 348 691 piurimirrn
361 628 424 680 vaiet
437 627 531 678 devotio
543 626 700 692 suscipientis,
711 630 735 679 et
751 641 832 692 peno·

18 700 83 754 nale
97 699 206 750 meritum
215 698 393 762 conferentium,
403 703 427 750 et
438 699 544 763 generate
556 699 628 750 totins
635 698 760 762 Ecclesiam
771 698 834 763 quot

18 775 96 838 patet
109 784 139 822 ex
154 772 199 822 boc
215 769 277 834 qubd
289 772 432 835 posmodum
446 770 612 836 deprecationis
627 770 700 820 forma
711 772 782 836 nujus
791 784 831 822 sa·

19 841 145 894 crementi
158 841 377 895 contemnentium
387 841 432 894 iltis
445 843 486 906 qui
496 854 544 892 nou
555 846 653 906 possunt
660 853 832 906 recognoscere,

20 919 50 966 et
60 927 119 966 cum
127 912 247 964 devotione
260 914 434 978 susciperohoe
446 915 614 967 sacramentnm
622 949 630 975 ‚
639 912 744 964 darinon
754 913 831 974 debet,

21 989 50 1040 et
66 983 185 1050 precipue
199 984 291 1036 furiosis
307 987 330 1035 et
346 983 491 1048 amentibus,
506 983 547 1048 qui
555 985 650 1048 possent
662 983 834 1034 irreverentiam

21 1059 174 1108 sacramento
194 1069 235 1120 per
250 1053 349 1120 aliquam
367 1055 535 1107 immunditiam
549 1056 625 1106 iacere
640 1071 646 1105 :
662 1054 707 1106 nisi
722 1055 835 1106 moerent

22 1127 109 1179 lucida
122 1127 255 1188 intervalla,
272 1126 297 1177 in
311 1127 393 1191 quibus
408 1131 575 1180 sacramentnm
588 1127 792 1191 recognoscerent3
806 1129 832 1177 et

22 1199 64 1250 sic
80 1197 117 1248 eia
126 1198 224 1250 contami
236 1199 262 1248 iu
270 1202 330 1249 statu
342 1199 381 1250 illo
394 1203 483 1263 posset.

62 1270 101 1321 Ad
112 1270 212 1334 primum
223 1283 277 1334 ergo
288 1271 409 1322 dicendum
414 1307 423 1334 ‚
431 1272 491 1336 quod
499 1272 605 1336 promus
612 1269 744 1338 inpericuio
754 1268 835 1322 norbo

23 1343 93 1394 tales
109 1341 244 1407 quandoque
259 1341 320 1405 sint,
334 1346 411 1394 tamen
425 1344 552 1396 remedium
563 1357 606 1408 per
616 1343 759 1396 devotionem
775 1354 834 1406 pro-

24 1413 109 1484 priam
123 1425 170 1464 nou
179 1417 254 1478 potest
264 1413 299 1466 eis
312 1413 432 1480 applicari.
443 1417 472 1466 Et
483 1417 591 1468 ideonum
601 1415 712 1468 bebeteis
725 1414 833 1466 muterri.

63 1483 103 1535 Ab
113 1484 239 1534 secundum
249 1486 378 1549 dicendum,
386 1486 447 1550 qnod
455 1487 581 1552 baptismus
590 1501 635 1539 nou
643 1486 738 1550 requirit
749 1490 837 1538 notun

25 1554 101 1608 liberi
117 1555 216 1619 arbitrii,
227 1557 281 1620 quia
298 1559 363 1608 datur
373 1562 450 1610 conba
464 1559 573 1624 originale
588 1559 761 1624 principaliter,
775 1558 837 1622 quod

25 1641 81 1680 non
93 1631 184 1677 curatur
196 1628 220 1678 in
233 1629 299 1680 nobis
311 1643 342 1682 er
352 1634 431 1682 nostro
445 1631 517 1682 libero
531 1630 633 1682 arbitrio.
647 1631 692 1681 Sed
705 1630 731 1681 iu
745 1631 789 1680 boc
799 1643 836 1680 sa·

27 1702 152 1751 eramento
166 1699 288 1764 requiritur
303 1705 379 1752 motus
391 1700 457 1754 liberi
472 1703 575 1767 arbitrii;
589 1705 613 1754 et
623 1703 674 1754 ideo
688 1715 736 1753 nou
750 1705 787 1752 est
800 1701 837 1753 si·

27 1771 100 1822 mile.
118 1769 147 1820 nt
162 1774 286 1836 preterea,
303 1771 429 1837 baptismus
444 1779 481 1825 est
495 1778 661 1825 sacramentum
674 1771 836 1836 necessitatis,

27 1854 83 1894 uon
97 1845 176 1894 subm
188 1847 291 1896 extreme
298 1845 384 1896 ennio.

328 2023 491 2076 ARTICULUS
507 2024 546 2074 lV.
624 2013 628 2020 ¹

148 2147 233 2192 Utrbm
244 2147 287 2192 boc
295 2151 472 2194 sacramentum
481 2149 565 2194 debeat
573 2147 629 2193 duri
636 2148 727 2205 poecis.

68 2274 105 2324 bd
120 2277 225 2336 qnantum
236 2274 269 2324 sic
283 2274 419 2337 proceditur.
431 2274 528 2326 Videtur
543 2273 606 2337 quod
616 2274 660 2324 boe
672 2275 839 2325 sacramentum
890 2319 897 2333 ‚

33 2345 122 2397 debeat
135 2345 183 2395 dari
198 2345 284 2410 pneris.
301 2345 358 2404 Quia
370 2345 458 2397 eisdem
471 2345 640 2397 infirmitatibus
654 2347 789 2410 mundoque
804 2345 839 2395 ta·

33 2417 122 2468 borant
132 2417 198 2480 pueri
214 2420 237 2468 et
251 2417 330 2468 adulti.
345 2418 388 2468 sed
403 2417 478 2469 eidem
492 2419 570 2470 morbo
582 2418 651 2469 nabet
663 2416 768 2473 adbiberi
777 2415 840 2466 idem

33 2487 174 2539 remedium.
189 2489 249 2550 Ergo
269 2487 329 2538 sieut
342 2488 437 2552 adultis,
452 2489 484 2540 ita
498 2495 522 2542 et
536 2489 612 2555 pneris
625 2488 694 2540 debet
707 2489 752 2539 boc
765 2496 841 2538 saera·

34 2561 144 2628 mentum
159 2557 216 2610 dari.

71 2631 96 2678 2.
107 2631 231 2692 Praeterea,
241 2632 286 2682 hoc
294 2636 459 2682 sacramentnm
469 2632 534 2683 datm
542 2631 570 2682 ad
580 2631 721 2696 purgandum
731 2629 841 2694 reliquias

35 2699 132 2768 peccati
146 2700 182 2763 (ut
193 2701 261 2766 suprb
271 2702 356 2754 dietum
367 2703 411 2766 est)
420 2706 468 2752 tam
478 2702 595 2766 empuriis
602 2703 672 2767 quim
681 2700 787 2752 actualis.
795 2701 842 2753 Sed

36 2776 64 2827 in
77 2771 156 2839 pneris
171 2778 224 2824 snut
236 2774 339 2840 reliquie
353 2775 470 2840 originalis
483 2775 581 2840 peccam
595 2776 655 2839 Ergo
668 2774 703 2825 eis
715 2773 783 2825 debet
794 2775 840 2825 hoc

38 2848 212 2900 sacramentum
227 2845 284 2898 dari.

71 2915 120 2966 Sed
133 2918 211 2967 contra
222 2921 264 2979 esi,
279 2916 342 2983 qnbd
355 2917 413 2970 uuiti
425 2918 493 2974 debet
505 2917 555 2971 dari
566 2919 611 2970 boe
623 2918 798 2981 numentum,
805 2915 843 2968 oni
