1942 3284
248 219 280 256 uu
293 216 372 256 crues
389 214 603 256 sumusnronun.
798 205 828 256 te

324 402 488 453 ARTIGULUS
503 403 531 454 X.

57 525 125 570 derum
138 527 233 573 intentio
251 531 318 572 reeta
334 528 440 572 ministri
455 528 595 635 retquirotnr
610 527 641 574 ud
658 530 825 586 perfectionem

351 603 476 635 socrum
488 603 505 636 r.

77 716 103 766 id
109 717 214 768 decimum
232 715 264 768 sie
274 715 403 781 pruoeditur
418 717 460 779 (1).
472 715 566 766 Videtur
576 715 638 780 qndd
651 716 749 769 intentio
762 721 825 770 reeta

52 786 127 840 minimi
140 790 264 853 requiratur
276 788 304 838 ad
317 787 479 852 perfectionem
492 788 637 838 sacrementi.
645 789 745 841 Intentio
758 789 821 841 enim

49 858 124 911 mutui
140 862 207 912 debet
230 857 370 910 conformari
389 859 513 910 intentioni
527 859 649 923 Euclesin,
666 863 691 911 ut
710 871 740 912 en
757 861 825 914 dictis

48 934 158 997 petettrrt.
174 933 216 997 8).
230 932 275 983 Sed
291 931 389 982 intentio
401 930 510 982 Eeeiesiee
524 943 614 996 semper
627 933 662 982 est
676 936 743 982 rectu.
766 933 825 995 nugo

47 1001 67 1051 de
82 1005 210 1056 necessitate
220 1003 249 1054 nd
263 1001 401 1053 sacrementi
418 1002 583 1066 perfectionem
596 1003 717 1068 requiritur
729 1003 824 1056 intentio

47 1078 92 1124 reda
107 1075 212 1127 ministri.

69 1149 343 1212 s.1²rereren,perversr
362 1145 459 1197 intentio
471 1146 571 1198 deterior
584 1159 635 1198 esee
654 1145 744 1197 uidetur
757 1146 826 1212 quim

47 1216 122 1272 intentio
132 1221 220 1286 joeosu
235 1219 281 1270 Sed
293 1218 391 1269 intentio
400 1219 479 1284 jooosu
493 1220 552 1270 tellit
566 1221 746 1284 recrementum
759 1219 824 1283 pun,

46 1288 61 1336 si
73 1292 144 1356 aliquis
156 1306 202 1343 nou
212 1291 283 1352 serit,
294 1291 335 1341 sed
350 1291 403 1342 ludu
416 1291 515 1355 aliquem
528 1291 662 1356 baptizaret.
678 1291 738 1354 Ergo
752 1291 825 1342 multo

46 1364 98 1424 mgis
112 1377 221 1428 peruersa
239 1362 336 1414 intentio
351 1363 425 1414 nuiert
434 1368 614 1427 recrementum
629 1362 702 1428 pute,
714 1360 734 1413 si
745 1361 826 1428 uliquis

47 1432 123 1496 eliqueu
134 1435 277 1501 baptizaret,
292 1438 319 1484 ut
328 1433 473 1498 postmodium
485 1435 607 1486 occideret.

73 1509 90 1554 t.
104 1509 228 1569 Praeterea,
242 1519 349 1571 perversu
360 1504 457 1557 intentio
470 1505 525 1557 inuit
540 1509 614 1556 toturn
628 1519 686 1570 opus
705 1505 823 1572 sitiosmq

51 1578 146 1629 murdim
163 1579 220 1628 iilud
238 1580 311 1638 ine,
325 1577 356 1628 x1
372 1592 379 1626 ε
395 1577 444 1628 «Si
461 1578 541 1630 oculus
557 1581 611 1627 tuns
624 1577 693 1628 tuerit
710 1589 823 1643 nequem,

51 1647 105 1696 otuu
114 1663 190 1714 orpus
205 1652 273 1699 tuum
284 1649 429 1698 tenebrosum
443 1649 518 1700 erit.»
530 1649 576 1700 Sed
585 1651 724 1699 monuments
740 1647 826 1700 Christi

47 1730 83 1767 nou
92 1727 178 1784 premnt
197 1720 316 1786 inquinari
327 1735 368 1785 per
383 1722 455 1772 mulne
471 1721 593 1784 homines,
608 1719 666 1770 sient
686 1721 824 1784 Augustinus

44 1786 89 1838 died
98 1794 188 1844 Contra
203 1793 364 1844 Petiliunem
378 1791 436 1857 (lib.
450 1792 488 1854 11,
501 1804 552 1857 cap.
567 1794 610 1856 17,
624 1795 651 1842 ut
666 1791 714 1856 jem
727 1803 795 1856 snpra
805 1794 823 1854 ).

46 1860 92 1925 Ergo
97 1865 182 1916 videtur
192 1865 256 1930 qudd
269 1865 291 1915 si
304 1862 448 1928 sitperversa
460 1865 557 1916 intentio
568 1864 677 1927 mimstn,
691 1877 737 1915 nou
749 1863 779 1915 sit
791 1865 824 1915 ibi

47 1945 108 1987 terum
117 1941 293 1988 srmnmeutum.

69 2005 105 2057 Sed
114 2013 186 2060 eontra
205 2012 256 2070 est,
267 2008 327 2072 qudd
339 2020 448 2072 perversu
460 2007 557 2060 intentio
568 2007 667 2073 pertinet
677 2007 706 2058 nd
715 2007 826 2059 malitium

44 2075 134 2130 ministri.
145 2081 190 2131 Sed
210 2079 299 2130 malitie
318 2079 415 2130 ministri
436 2093 483 2131 nou
500 2080 559 2132 tollit
577 2083 750 2130 sacramentnm.
764 2079 824 2144 Ergo

45 2159 79 2197 uee
88 2164 189 2213 perversa
202 2151 311 2201 intentio.

70 2222 362 2280 (commosin-intentio
376 2221 475 2273 ministri
489 2235 594 2286 perversa
608 2225 632 2274 et
645 2222 705 2273 mnis
721 2227 826 2288 respectu
873 2215 878 2229 '

46 2296 161 2347 suadenti
170 2335 178 2358 ‚
186 2295 248 2346 milit
260 2294 379 2345 ueritatem
389 2295 536 2359 esemmeuti3
550 2308 596 2346 nou
607 2299 685 2345 sutem
695 2293 715 2346 si
727 2295 757 2346 sit
767 2297 826 2349 meis

45 2361 125 2418 intentio
134 2370 240 2434 respectu
251 2366 342 2418 iliorum
355 2378 406 2430 ques
417 2371 543 2430 sequnntur
557 2367 743 2429 sacramentum.)
831 2429 834 2436 Δ

68 2437 194 2502 despondeo
205 2439 341 2500 dicendum,
352 2437 412 2501 qudd
420 2438 517 2490 intentio
530 2437 629 2489 ministri
638 2440 715 2503 potest
724 2439 824 2503 perverti

45 2505 147 2569 dupiidter
159 2525 167 2558 ε
179 2523 228 2561 uno
238 2509 306 2560 modo
322 2513 429 2574 respectu
441 2510 515 2574 ipsius
525 2509 674 2573 ornamenti3
688 2507 756 2574 putd,
772 2511 824 2561 cirne

45 2577 115 2642 iliquis
130 2596 175 2633 uon
188 2582 290 2634 intendit
302 2586 466 2634 sacramentum
477 2583 595 2645 conferre,
609 2583 649 2632 sed
660 2582 769 2633 derisorie
783 2583 825 2634 nli·

47 2651 89 2711 itit
106 2666 177 2718 erere.
197 2656 227 2707 Et
242 2655 296 2706 tulis
312 2657 449 2720 perversius
465 2655 525 2708 toltit
537 2655 657 2708 ueritatem
671 2656 823 2718 monumenti,
877 2701 881 2710 .

74 2821 101 2884 (1)
114 2827 145 2873 Ite
158 2828 194 2876 his
203 2827 356 2886 etiemiuird‚
366 2839 405 2885 qu.
419 2827 460 2886 71,
472 2833 517 2876 ert.
533 2827 561 2886 1,
575 2827 641 2883 ed23
654 2831 679 2873 et
687 2827 730 2886 IV,
749 2825 827 2876 Soet..

49 2883 124 2946 M,
134 2903 172 2947 qu.
180 2890 205 2950 1,
215 2897 260 2938 art.
270 2889 295 2951 1,
308 2892 442 2950 quinetiuno.
451 2891 479 2946 23
497 2896 521 2936 et
532 2889 586 2936 dist.
597 2889 638 2950 11,
649 2901 689 2946 qu.
700 2889 725 2948 2,
740 2892 785 2935 ert.
797 2886 821 2945 1,

50 2952 204 3017 quemme,
219 2955 249 3003 ed
260 2953 289 3011 ¹3
304 2960 329 3002 et
341 2955 395 3003 dist.
407 2953 449 3016 1⁰,
462 2967 503 3014 qu.
514 2953 539 3015 1,
551 2959 594 3000 ert.
605 2952 629 3014 3,
644 2949 705 2996 adt.
