<?xml version="1.0" encoding="UTF-8"?>
<!DOCTYPE html PUBLIC "-//W3C//DTD XHTML 1.0 Transitional//EN"
    "http://www.w3.org/TR/xhtml1/DTD/xhtml1-transitional.dtd">
<html xmlns="http://www.w3.org/1999/xhtml" xml:lang="en" lang="en">
 <head>
  <title>
</title>
<meta http-equiv="Content-Type" content="text/html;charset=utf-8" />
  <meta name='ocr-system' content='tesseract 3.04.00' />
  <meta name='ocr-capabilities' content='ocr_page ocr_carea ocr_par ocr_line ocrx_word'/>
</head>
<body>
  <div class='ocr_page' id='page_1' title='image "./summatheologica01nicogoog_0874.png"; bbox 0 0 1942 3284; ppageno 0'>
   <div class='ocr_carea' id='block_1_1' title="bbox 124 166 801 238">
    <p class='ocr_par' dir='ltr' id='par_1_1' title="bbox 124 166 801 238">
     <span class='ocr_line' id='line_1_1' title="bbox 124 166 801 238; baseline 0 -12"><span class='ocrx_word' id='word_1_1' title='bbox 124 166 169 226; x_wconf 69' lang='lat' dir='ltr'><strong>iii</strong></span> <span class='ocrx_word' id='word_1_2' title='bbox 255 181 455 236; x_wconf 70' lang='lat' dir='ltr'><strong>supremum,</strong></span> <span class='ocrx_word' id='word_1_3' title='bbox 472 185 566 231; x_wconf 64' lang='lat' dir='ltr'><strong>ovasse</strong></span> <span class='ocrx_word' id='word_1_4' title='bbox 581 174 678 238; x_wconf 75' lang='lat' dir='ltr'><strong>miri,</strong></span> <span class='ocrx_word' id='word_1_5' title='bbox 692 175 751 224; x_wconf 68' lang='lat' dir='ltr'><strong>aar.</strong></span> <span class='ocrx_word' id='word_1_6' title='bbox 776 191 801 227; x_wconf 82' lang='lat' dir='ltr'><strong>r.</strong></span> 
     </span>
    </p>
   </div>
   <div class='ocr_carea' id='block_1_2' title="bbox 124 261 965 2976">
    <p class='ocr_par' dir='ltr' id='par_1_2' title="bbox 124 261 927 614">
     <span class='ocr_line' id='line_1_2' title="bbox 152 261 922 330; baseline 0.001 -16"><span class='ocrx_word' id='word_1_7' title='bbox 152 261 179 314; x_wconf 69' lang='lat'><strong>¹2.</strong></span> <span class='ocrx_word' id='word_1_8' title='bbox 193 263 323 327; x_wconf 70' lang='lat' dir='ltr'><strong>Pratum,</strong></span> <span class='ocrx_word' id='word_1_9' title='bbox 335 263 445 316; x_wconf 82' lang='lat' dir='ltr'>Dominus</span> <span class='ocrx_word' id='word_1_10' title='bbox 463 262 526 313; x_wconf 87' lang='lat' dir='ltr'><strong>dedit</strong></span> <span class='ocrx_word' id='word_1_11' title='bbox 538 262 657 326; x_wconf 76' lang='lat' dir='ltr'><strong>discipulis</strong></span> <span class='ocrx_word' id='word_1_12' title='bbox 667 264 836 315; x_wconf 81' lang='lat' dir='ltr'><strong>sacerdotalem</strong></span> <span class='ocrx_word' id='word_1_13' title='bbox 850 268 922 330; x_wconf 73' lang='lat' dir='ltr'><strong>potes</strong></span> 
     </span>
     <span class='ocr_line' id='line_1_3' title="bbox 124 333 923 401; baseline -0.005 -12"><span class='ocrx_word' id='word_1_14' title='bbox 124 341 194 389; x_wconf 89' lang='lat' dir='ltr'><strong>tatem</strong></span> <span class='ocrx_word' id='word_1_15' title='bbox 213 337 303 400; x_wconf 88' lang='lat' dir='ltr'><strong>quando</strong></span> <span class='ocrx_word' id='word_1_16' title='bbox 322 335 400 387; x_wconf 83' lang='lat' dir='ltr'><strong>dixit:</strong></span> <span class='ocrx_word' id='word_1_17' title='bbox 418 351 432 382; x_wconf 83' lang='lat' dir='ltr'><strong>a</strong></span> <span class='ocrx_word' id='word_1_18' title='bbox 444 334 547 400; x_wconf 73' lang='lat' dir='ltr'><strong>Accipite</strong></span> <span class='ocrx_word' id='word_1_19' title='bbox 565 333 675 399; x_wconf 75' lang='lat' dir='ltr'><strong>Spiritum</strong></span> <span class='ocrx_word' id='word_1_20' title='bbox 688 339 813 397; x_wconf 83' lang='lat' dir='ltr'><strong>sanctum,</strong></span> <span class='ocrx_word' id='word_1_21' title='bbox 835 349 923 401; x_wconf 74' lang='lat' dir='ltr'><strong>quarm</strong></span> 
     </span>
     <span class='ocr_line' id='line_1_4' title="bbox 125 406 925 472; baseline -0.003 -12"><span class='ocrx_word' id='word_1_22' title='bbox 125 407 258 460; x_wconf 73' lang='lat' dir='ltr'><strong>remiseritis</strong></span> <span class='ocrx_word' id='word_1_23' title='bbox 275 411 382 472; x_wconf 86' lang='lat' dir='ltr'><strong>peccata,</strong></span> <span class='ocrx_word' id='word_1_24' title='bbox 401 409 446 456; x_wconf 90' lang='lat' dir='ltr'><strong>etc.</strong></span> <span class='ocrx_word' id='word_1_25' title='bbox 464 407 577 461; x_wconf 74' lang='lat' dir='ltr'><strong>urnac..</strong></span> <span class='ocrx_word' id='word_1_26' title='bbox 595 407 648 457; x_wconf 86' lang='lat' dir='ltr'><strong>llll.</strong></span> <span class='ocrx_word' id='word_1_27' title='bbox 659 406 707 456; x_wconf 81' lang='lat' dir='ltr'><strong>Sed</strong></span> <span class='ocrx_word' id='word_1_28' title='bbox 721 407 824 471; x_wconf 78' lang='lat' dir='ltr'><strong>Spiritus</strong></span> <span class='ocrx_word' id='word_1_29' title='bbox 840 413 925 463; x_wconf 73' lang='lat' dir='ltr'><strong>surmus</strong></span> 
     </span>
     <span class='ocr_line' id='line_1_5' title="bbox 126 477 927 544; baseline -0.004 -13"><span class='ocrx_word' id='word_1_30' title='bbox 126 479 193 531; x_wconf 78' lang='lat' dir='ltr'><strong>ditur</strong></span> <span class='ocrx_word' id='word_1_31' title='bbox 204 487 246 544; x_wconf 81' lang='lat' dir='ltr'><strong>per</strong></span> <span class='ocrx_word' id='word_1_32' title='bbox 258 477 339 528; x_wconf 86' lang='lat' dir='ltr'><strong>munis</strong></span> <span class='ocrx_word' id='word_1_33' title='bbox 348 477 527 542; x_wconf 79' lang='lat' dir='ltr'><strong>impositionem.</strong></span> <span class='ocrx_word' id='word_1_34' title='bbox 542 477 602 540; x_wconf 82' lang='lat' dir='ltr'><strong>Ergo</strong></span> <span class='ocrx_word' id='word_1_35' title='bbox 613 481 638 528; x_wconf 92' lang='lat' dir='ltr'><strong>ct</strong></span> <span class='ocrx_word' id='word_1_36' title='bbox 654 477 680 528; x_wconf 93' lang='lat' dir='ltr'><strong>in</strong></span> <span class='ocrx_word' id='word_1_37' title='bbox 693 477 747 542; x_wconf 89' lang='lat' dir='ltr'><strong>ipsa</strong></span> <span class='ocrx_word' id='word_1_38' title='bbox 761 479 848 530; x_wconf 80' lang='lat' dir='ltr'><strong>manis</strong></span> <span class='ocrx_word' id='word_1_39' title='bbox 860 479 927 544; x_wconf 81' lang='lat' dir='ltr'><strong>impo</strong></span> 
     </span>
     <span class='ocr_line' id='line_1_6' title="bbox 127 545 605 614; baseline -0.006 -15"><span class='ocrx_word' id='word_1_40' title='bbox 127 549 210 600; x_wconf 82' lang='lat' dir='ltr'><strong>sitiode</strong></span> <span class='ocrx_word' id='word_1_41' title='bbox 228 547 365 614; x_wconf 71' lang='lat' dir='ltr'><strong>imprimitur</strong></span> <span class='ocrx_word' id='word_1_42' title='bbox 382 549 499 598; x_wconf 82' lang='lat' dir='ltr'><strong>character</strong></span> <span class='ocrx_word' id='word_1_43' title='bbox 510 545 605 598; x_wconf 85' lang='lat' dir='ltr'><strong>ordinis.</strong></span> 
     </span>
    </p>

    <p class='ocr_par' dir='ltr' id='par_1_3' title="bbox 128 616 931 828">
     <span class='ocr_line' id='line_1_7' title="bbox 157 616 930 683; baseline 0.003 -13"><span class='ocrx_word' id='word_1_44' title='bbox 157 616 183 672; x_wconf 64' lang='lat' dir='ltr'><strong>t.</strong></span> <span class='ocrx_word' id='word_1_45' title='bbox 197 621 324 683; x_wconf 72' lang='lat' dir='ltr'><strong>Pteleum,</strong></span> <span class='ocrx_word' id='word_1_46' title='bbox 340 619 399 670; x_wconf 89' lang='lat' dir='ltr'><strong>sicut</strong></span> <span class='ocrx_word' id='word_1_47' title='bbox 410 629 574 670; x_wconf 84' lang='lat' dir='ltr'><strong>consecrantur</strong></span> <span class='ocrx_word' id='word_1_48' title='bbox 586 618 701 683; x_wconf 81' lang='lat' dir='ltr'><strong>ministri,</strong></span> <span class='ocrx_word' id='word_1_49' title='bbox 714 619 748 669; x_wconf 84' lang='lat' dir='ltr'><strong>iia</strong></span> <span class='ocrx_word' id='word_1_50' title='bbox 762 623 786 671; x_wconf 86' lang='lat' dir='ltr'><strong>et</strong></span> <span class='ocrx_word' id='word_1_51' title='bbox 801 630 884 672; x_wconf 76' lang='lat' dir='ltr'><strong>uestes</strong></span> <span class='ocrx_word' id='word_1_52' title='bbox 893 621 930 671; x_wconf 83' lang='lat' dir='ltr'><strong>rui·</strong></span> 
     </span>
     <span class='ocr_line' id='line_1_8' title="bbox 128 689 931 756; baseline 0 -14"><span class='ocrx_word' id='word_1_53' title='bbox 128 692 259 744; x_wconf 81' lang='lat' dir='ltr'><strong>metrorum.</strong></span> <span class='ocrx_word' id='word_1_54' title='bbox 274 691 320 742; x_wconf 88' lang='lat' dir='ltr'><strong>Sed</strong></span> <span class='ocrx_word' id='word_1_55' title='bbox 335 693 412 742; x_wconf 83' lang='lat' dir='ltr'><strong>uestes</strong></span> <span class='ocrx_word' id='word_1_56' title='bbox 432 691 480 741; x_wconf 85' lang='lat' dir='ltr'><strong>sola</strong></span> <span class='ocrx_word' id='word_1_57' title='bbox 496 689 625 741; x_wconf 86' lang='lat' dir='ltr'><strong>benedictio</strong></span> <span class='ocrx_word' id='word_1_58' title='bbox 646 695 779 740; x_wconf 84' lang='lat' dir='ltr'><strong>consecrat.</strong></span> <span class='ocrx_word' id='word_1_59' title='bbox 792 690 859 756; x_wconf 78' lang='lat' dir='ltr'><strong>Ergo</strong></span> <span class='ocrx_word' id='word_1_60' title='bbox 875 693 931 744; x_wconf 87' lang='lat' dir='ltr'><strong>etin</strong></span> 
     </span>
     <span class='ocr_line' id='line_1_9' title="bbox 129 762 889 828; baseline 0.001 -15"><span class='ocrx_word' id='word_1_61' title='bbox 129 763 179 828; x_wconf 90' lang='lat' dir='ltr'><strong>ipsa</strong></span> <span class='ocrx_word' id='word_1_62' title='bbox 195 762 355 814; x_wconf 79' lang='lat' dir='ltr'><strong>benedictione</strong></span> <span class='ocrx_word' id='word_1_63' title='bbox 368 762 469 827; x_wconf 82' lang='lat' dir='ltr'><strong>episcopi</strong></span> <span class='ocrx_word' id='word_1_64' title='bbox 483 762 623 812; x_wconf 86' lang='lat' dir='ltr'><strong>consecratio</strong></span> <span class='ocrx_word' id='word_1_65' title='bbox 637 762 767 813; x_wconf 86' lang='lat' dir='ltr'><strong>sacerdotis</strong></span> <span class='ocrx_word' id='word_1_66' title='bbox 779 763 889 814; x_wconf 80' lang='lat' dir='ltr'><strong>efficitur.</strong></span> 
     </span>
    </p>

    <p class='ocr_par' dir='ltr' id='par_1_4' title="bbox 130 833 933 1114">
     <span class='ocr_line' id='line_1_10' title="bbox 160 833 933 898; baseline 0.003 -14"><span class='ocrx_word' id='word_1_67' title='bbox 160 833 184 884; x_wconf 78' lang='lat' dir='ltr'><strong>l.</strong></span> <span class='ocrx_word' id='word_1_68' title='bbox 198 833 323 898; x_wconf 66' lang='lat' dir='ltr'><strong>praterea,</strong></span> <span class='ocrx_word' id='word_1_69' title='bbox 337 834 398 886; x_wconf 88' lang='lat' dir='ltr'><strong>sicut</strong></span> <span class='ocrx_word' id='word_1_70' title='bbox 410 834 523 885; x_wconf 87' lang='lat' dir='ltr'><strong>sacerdoti</strong></span> <span class='ocrx_word' id='word_1_71' title='bbox 537 833 680 895; x_wconf 85' lang='lat' dir='ltr'><strong>datnrcalis,</strong></span> <span class='ocrx_word' id='word_1_72' title='bbox 691 833 724 884; x_wconf 93' lang='lat' dir='ltr'><strong>ita</strong></span> <span class='ocrx_word' id='word_1_73' title='bbox 737 838 763 885; x_wconf 87' lang='lat' dir='ltr'><strong>et</strong></span> <span class='ocrx_word' id='word_1_74' title='bbox 774 836 851 886; x_wconf 83' lang='lat' dir='ltr'><strong>vestis</strong></span> <span class='ocrx_word' id='word_1_75' title='bbox 862 848 933 886; x_wconf 67' lang='lat' dir='ltr'><strong>mcer-</strong></span> 
     </span>
     <span class='ocr_line' id='line_1_11' title="bbox 132 905 931 972; baseline 0.001 -14"><span class='ocrx_word' id='word_1_76' title='bbox 132 907 222 958; x_wconf 90' lang='lat' dir='ltr'><strong>dotalis.</strong></span> <span class='ocrx_word' id='word_1_77' title='bbox 236 907 261 958; x_wconf 84' lang='lat' dir='ltr'><strong>Si</strong></span> <span class='ocrx_word' id='word_1_78' title='bbox 270 920 325 972; x_wconf 80' lang='lat' dir='ltr'><strong>ergo</strong></span> <span class='ocrx_word' id='word_1_79' title='bbox 333 907 358 957; x_wconf 90' lang='lat' dir='ltr'><strong>in</strong></span> <span class='ocrx_word' id='word_1_80' title='bbox 367 907 459 957; x_wconf 90' lang='lat' dir='ltr'><strong>datione</strong></span> <span class='ocrx_word' id='word_1_81' title='bbox 468 905 546 956; x_wconf 88' lang='lat' dir='ltr'><strong>calicis</strong></span> <span class='ocrx_word' id='word_1_82' title='bbox 560 905 701 970; x_wconf 87' lang='lat' dir='ltr'><strong>imprimitur</strong></span> <span class='ocrx_word' id='word_1_83' title='bbox 709 907 848 966; x_wconf 83' lang='lat' dir='ltr'><strong>character,</strong></span> <span class='ocrx_word' id='word_1_84' title='bbox 861 909 931 959; x_wconf 75' lang='lat' dir='ltr'><strong>radan</strong></span> 
     </span>
     <span class='ocr_line' id='line_1_12' title="bbox 130 977 933 1040; baseline 0.001 -12"><span class='ocrx_word' id='word_1_85' title='bbox 130 979 217 1028; x_wconf 85' lang='lat' dir='ltr'><strong>ratione</strong></span> <span class='ocrx_word' id='word_1_86' title='bbox 236 981 260 1029; x_wconf 88' lang='lat' dir='ltr'><strong>et</strong></span> <span class='ocrx_word' id='word_1_87' title='bbox 279 979 305 1028; x_wconf 93' lang='lat' dir='ltr'><strong>in</strong></span> <span class='ocrx_word' id='word_1_88' title='bbox 323 978 415 1029; x_wconf 90' lang='lat' dir='ltr'><strong>datione</strong></span> <span class='ocrx_word' id='word_1_89' title='bbox 427 977 525 1040; x_wconf 84' lang='lat' dir='ltr'><strong>casulac3</strong></span> <span class='ocrx_word' id='word_1_90' title='bbox 541 982 565 1027; x_wconf 88' lang='lat' dir='ltr'><strong>et</strong></span> <span class='ocrx_word' id='word_1_91' title='bbox 582 977 616 1026; x_wconf 90' lang='lat' dir='ltr'><strong>sic</strong></span> <span class='ocrx_word' id='word_1_92' title='bbox 634 977 744 1028; x_wconf 78' lang='lat' dir='ltr'><strong>sacerdos</strong></span> <span class='ocrx_word' id='word_1_93' title='bbox 763 978 864 1029; x_wconf 88' lang='lat' dir='ltr'><strong>haheret</strong></span> <span class='ocrx_word' id='word_1_94' title='bbox 882 979 933 1029; x_wconf 79' lang='lat' dir='ltr'><strong>dnm</strong></span> 
     </span>
     <span class='ocr_line' id='line_1_13' title="bbox 130 1035 509 1114; baseline -0.005 -14"><span class='ocrx_word' id='word_1_95' title='bbox 130 1035 285 1111; x_wconf 73' lang='lat' dir='ltr'><strong>characteres,</strong></span> <span class='ocrx_word' id='word_1_96' title='bbox 300 1051 359 1114; x_wconf 88' lang='lat' dir='ltr'><strong>quod</strong></span> <span class='ocrx_word' id='word_1_97' title='bbox 372 1050 455 1099; x_wconf 87' lang='lat' dir='ltr'><strong>laisum</strong></span> <span class='ocrx_word' id='word_1_98' title='bbox 465 1051 509 1099; x_wconf 88' lang='lat' dir='ltr'><strong>est.</strong></span> 
     </span>
    </p>

    <p class='ocr_par' dir='ltr' id='par_1_5' title="bbox 132 1117 965 1602">
     <span class='ocr_line' id='line_1_14' title="bbox 158 1117 931 1184; baseline 0 -12"><span class='ocrx_word' id='word_1_99' title='bbox 158 1127 187 1172; x_wconf 81' lang='lat' dir='ltr'><strong>lt.</strong></span> <span class='ocrx_word' id='word_1_100' title='bbox 201 1122 325 1182; x_wconf 79' lang='lat' dir='ltr'><strong>Praeterea,</strong></span> <span class='ocrx_word' id='word_1_101' title='bbox 339 1121 394 1171; x_wconf 89' lang='lat' dir='ltr'><strong>ordo</strong></span> <span class='ocrx_word' id='word_1_102' title='bbox 407 1119 497 1170; x_wconf 87' lang='lat' dir='ltr'><strong>diaconi</strong></span> <span class='ocrx_word' id='word_1_103' title='bbox 508 1117 645 1169; x_wconf 80' lang='lat' dir='ltr'><strong>conformior</strong></span> <span class='ocrx_word' id='word_1_104' title='bbox 662 1123 700 1169; x_wconf 86' lang='lat' dir='ltr'><strong>est</strong></span> <span class='ocrx_word' id='word_1_105' title='bbox 713 1121 792 1171; x_wconf 87' lang='lat' dir='ltr'><strong>ordini</strong></span> <span class='ocrx_word' id='word_1_106' title='bbox 804 1121 931 1184; x_wconf 71' lang='lat' dir='ltr'><strong>mcerlolis,</strong></span> 
     </span>
     <span class='ocr_line' id='line_1_15' title="bbox 133 1189 965 1258; baseline 0.001 -14"><span class='ocrx_word' id='word_1_107' title='bbox 133 1193 202 1258; x_wconf 73' lang='lat' dir='ltr'><strong>quim</strong></span> <span class='ocrx_word' id='word_1_108' title='bbox 217 1194 271 1245; x_wconf 85' lang='lat' dir='ltr'><strong>ordo</strong></span> <span class='ocrx_word' id='word_1_109' title='bbox 284 1191 424 1256; x_wconf 79' lang='lat' dir='ltr'><strong>subdiaconi.</strong></span> <span class='ocrx_word' id='word_1_110' title='bbox 444 1192 489 1242; x_wconf 86' lang='lat' dir='ltr'><strong>Sed</strong></span> <span class='ocrx_word' id='word_1_111' title='bbox 502 1189 524 1241; x_wconf 93' lang='lat' dir='ltr'><strong>si</strong></span> <span class='ocrx_word' id='word_1_112' title='bbox 537 1190 654 1240; x_wconf 78' lang='lat' dir='ltr'><strong>character</strong></span> <span class='ocrx_word' id='word_1_113' title='bbox 673 1191 852 1255; x_wconf 82' lang='lat' dir='ltr'><strong>imprimeretur</strong></span> <span class='ocrx_word' id='word_1_114' title='bbox 867 1207 933 1244; x_wconf 72' lang='lat' dir='ltr'><strong>sams</strong></span> <span class='ocrx_word' id='word_1_115' title='bbox 963 1199 965 1254; x_wconf 81' lang='lat' dir='ltr'><strong>l</strong></span> 
     </span>
     <span class='ocr_line' id='line_1_16' title="bbox 134 1260 965 1328; baseline 0.001 -12"><span class='ocrx_word' id='word_1_116' title='bbox 134 1265 181 1316; x_wconf 85' lang='lat' dir='ltr'><strong>doti</strong></span> <span class='ocrx_word' id='word_1_117' title='bbox 193 1265 218 1314; x_wconf 93' lang='lat' dir='ltr'><strong>in</strong></span> <span class='ocrx_word' id='word_1_118' title='bbox 229 1266 280 1328; x_wconf 90' lang='lat' dir='ltr'><strong>ipsa</strong></span> <span class='ocrx_word' id='word_1_119' title='bbox 295 1263 372 1313; x_wconf 87' lang='lat' dir='ltr'><strong>calicis</strong></span> <span class='ocrx_word' id='word_1_120' title='bbox 386 1261 544 1326; x_wconf 80' lang='lat' dir='ltr'><strong>porrectione,</strong></span> <span class='ocrx_word' id='word_1_121' title='bbox 557 1260 712 1313; x_wconf 85' lang='lat' dir='ltr'><strong>subdiaconus</strong></span> <span class='ocrx_word' id='word_1_122' title='bbox 725 1268 789 1314; x_wconf 88' lang='lat' dir='ltr'><strong>essct</strong></span> <span class='ocrx_word' id='word_1_123' title='bbox 803 1266 935 1317; x_wconf 74' lang='lat' dir='ltr'><strong>cuntorum</strong></span> <span class='ocrx_word' id='word_1_124' title='bbox 963 1290 965 1307; x_wconf 83' lang='lat'><em>·</em></span> 
     </span>
     <span class='ocr_line' id='line_1_17' title="bbox 134 1333 934 1399; baseline -0.001 -12"><span class='ocrx_word' id='word_1_125' title='bbox 134 1335 246 1387; x_wconf 88' lang='lat' dir='ltr'><strong>sacerdoti</strong></span> <span class='ocrx_word' id='word_1_126' title='bbox 265 1335 332 1399; x_wconf 80' lang='lat' dir='ltr'><strong>quam</strong></span> <span class='ocrx_word' id='word_1_127' title='bbox 346 1333 468 1394; x_wconf 87' lang='lat' dir='ltr'><strong>diaconus,</strong></span> <span class='ocrx_word' id='word_1_128' title='bbox 480 1335 534 1397; x_wconf 85' lang='lat' dir='ltr'><strong>quia</strong></span> <span class='ocrx_word' id='word_1_129' title='bbox 548 1333 706 1385; x_wconf 84' lang='lat' dir='ltr'><strong>subdiaconus</strong></span> <span class='ocrx_word' id='word_1_130' title='bbox 724 1337 886 1388; x_wconf 79' lang='lat' dir='ltr'><strong>charaetcrem</strong></span> <span class='ocrx_word' id='word_1_131' title='bbox 903 1349 934 1386; x_wconf 75' lang='lat' dir='ltr'><strong>re</strong></span> 
     </span>
     <span class='ocr_line' id='line_1_18' title="bbox 133 1404 936 1472; baseline 0.004 -16"><span class='ocrx_word' id='word_1_132' title='bbox 133 1405 189 1470; x_wconf 84' lang='lat' dir='ltr'><strong>cipit</strong></span> <span class='ocrx_word' id='word_1_133' title='bbox 206 1407 231 1455; x_wconf 92' lang='lat' dir='ltr'><strong>in</strong></span> <span class='ocrx_word' id='word_1_134' title='bbox 244 1406 296 1470; x_wconf 90' lang='lat' dir='ltr'><strong>ipsa</strong></span> <span class='ocrx_word' id='word_1_135' title='bbox 314 1404 393 1456; x_wconf 89' lang='lat' dir='ltr'><strong>calicis</strong></span> <span class='ocrx_word' id='word_1_136' title='bbox 405 1405 564 1469; x_wconf 86' lang='lat' dir='ltr'><strong>porrectione,</strong></span> <span class='ocrx_word' id='word_1_137' title='bbox 579 1416 627 1454; x_wconf 90' lang='lat' dir='ltr'><strong>nou</strong></span> <span class='ocrx_word' id='word_1_138' title='bbox 647 1409 727 1456; x_wconf 88' lang='lat' dir='ltr'><strong>autem</strong></span> <span class='ocrx_word' id='word_1_139' title='bbox 740 1407 867 1459; x_wconf 81' lang='lat' dir='ltr'><strong>diaconus.</strong></span> <span class='ocrx_word' id='word_1_140' title='bbox 884 1411 936 1472; x_wconf 69' lang='lat' dir='ltr'><strong>logo</strong></span> 
     </span>
     <span class='ocr_line' id='line_1_19' title="bbox 133 1475 934 1546; baseline 0.004 -18"><span class='ocrx_word' id='word_1_141' title='bbox 133 1477 251 1529; x_wconf 80' lang='lat' dir='ltr'><strong>character</strong></span> <span class='ocrx_word' id='word_1_142' title='bbox 265 1475 410 1530; x_wconf 86' lang='lat' dir='ltr'><strong>sacerdotalis</strong></span> <span class='ocrx_word' id='word_1_143' title='bbox 427 1488 473 1529; x_wconf 91' lang='lat' dir='ltr'><strong>uon</strong></span> <span class='ocrx_word' id='word_1_144' title='bbox 486 1477 627 1542; x_wconf 86' lang='lat' dir='ltr'><strong>imprimitur</strong></span> <span class='ocrx_word' id='word_1_145' title='bbox 644 1476 670 1526; x_wconf 87' lang='lat' dir='ltr'><strong>iu</strong></span> <span class='ocrx_word' id='word_1_146' title='bbox 686 1477 741 1542; x_wconf 88' lang='lat' dir='ltr'><strong>ipsu</strong></span> <span class='ocrx_word' id='word_1_147' title='bbox 755 1479 837 1531; x_wconf 73' lang='lat' dir='ltr'><strong>calicis</strong></span> <span class='ocrx_word' id='word_1_148' title='bbox 850 1492 934 1546; x_wconf 79' lang='lat' dir='ltr'><strong>porrac-</strong></span> 
     </span>
     <span class='ocr_line' id='line_1_20' title="bbox 132 1549 203 1602; baseline 0 0"><span class='ocrx_word' id='word_1_149' title='bbox 132 1549 203 1602; x_wconf 79' lang='lat' dir='ltr'><strong>hone.</strong></span> 
     </span>
    </p>

    <p class='ocr_par' dir='ltr' id='par_1_6' title="bbox 135 1619 965 2162">
     <span class='ocr_line' id='line_1_21' title="bbox 168 1619 934 1686; baseline 0 -14"><span class='ocrx_word' id='word_1_150' title='bbox 168 1627 191 1673; x_wconf 82' lang='grc'><strong>6.</strong></span> <span class='ocrx_word' id='word_1_151' title='bbox 202 1623 328 1684; x_wconf 80' lang='lat' dir='ltr'><strong>Preterea,</strong></span> <span class='ocrx_word' id='word_1_152' title='bbox 340 1619 480 1685; x_wconf 71' lang='lat' dir='ltr'><strong>acolytorum</strong></span> <span class='ocrx_word' id='word_1_153' title='bbox 495 1621 549 1670; x_wconf 91' lang='lat' dir='ltr'><strong>ordo</strong></span> <span class='ocrx_word' id='word_1_154' title='bbox 559 1619 633 1683; x_wconf 79' lang='lat' dir='ltr'><strong>magis</strong></span> <span class='ocrx_word' id='word_1_155' title='bbox 644 1621 818 1686; x_wconf 66' lang='lat' dir='ltr'><strong>appropinquat</strong></span> <span class='ocrx_word' id='word_1_156' title='bbox 829 1625 860 1674; x_wconf 87' lang='lat' dir='ltr'><strong>ad</strong></span> <span class='ocrx_word' id='word_1_157' title='bbox 868 1627 934 1674; x_wconf 58' lang='lat' dir='ltr'><strong>mum</strong></span> 
     </span>
     <span class='ocr_line' id='line_1_22' title="bbox 135 1691 934 1760; baseline 0.003 -16"><span class='ocrx_word' id='word_1_158' title='bbox 135 1694 259 1746; x_wconf 88' lang='lat' dir='ltr'><strong>sacerdotis</strong></span> <span class='ocrx_word' id='word_1_159' title='bbox 276 1707 316 1758; x_wconf 92' lang='lat' dir='ltr'><strong>per</strong></span> <span class='ocrx_word' id='word_1_160' title='bbox 330 1693 376 1743; x_wconf 87' lang='lat' dir='ltr'><strong>hoc</strong></span> <span class='ocrx_word' id='word_1_161' title='bbox 391 1692 455 1756; x_wconf 88' lang='lat' dir='ltr'><strong>·quhd</strong></span> <span class='ocrx_word' id='word_1_162' title='bbox 470 1691 539 1742; x_wconf 81' lang='lat' dir='ltr'><strong>hahet</strong></span> <span class='ocrx_word' id='word_1_163' title='bbox 552 1695 629 1742; x_wconf 89' lang='lat' dir='ltr'><strong>aetum</strong></span> <span class='ocrx_word' id='word_1_164' title='bbox 639 1705 710 1756; x_wconf 88' lang='lat' dir='ltr'><strong>super</strong></span> <span class='ocrx_word' id='word_1_165' title='bbox 723 1695 862 1760; x_wconf 84' lang='lat' dir='ltr'><strong>urceolum,</strong></span> <span class='ocrx_word' id='word_1_166' title='bbox 875 1695 934 1760; x_wconf 68' lang='lat' dir='ltr'><strong>quum</strong></span> 
     </span>
     <span class='ocr_line' id='line_1_23' title="bbox 135 1761 933 1830; baseline 0 -15"><span class='ocrx_word' id='word_1_167' title='bbox 135 1767 177 1830; x_wconf 80' lang='lat' dir='ltr'><strong>per</strong></span> <span class='ocrx_word' id='word_1_168' title='bbox 187 1765 301 1830; x_wconf 75' lang='lat' dir='ltr'><strong>hcc‘qudd</strong></span> <span class='ocrx_word' id='word_1_169' title='bbox 310 1765 380 1814; x_wconf 83' lang='lat' dir='ltr'><strong>hahet</strong></span> <span class='ocrx_word' id='word_1_170' title='bbox 392 1767 466 1814; x_wconf 90' lang='lat' dir='ltr'><strong>actum</strong></span> <span class='ocrx_word' id='word_1_171' title='bbox 480 1776 549 1826; x_wconf 84' lang='lat' dir='ltr'><strong>suuper</strong></span> <span class='ocrx_word' id='word_1_172' title='bbox 564 1761 735 1814; x_wconf 82' lang='lat' dir='ltr'><strong>caudelabrum.</strong></span> <span class='ocrx_word' id='word_1_173' title='bbox 748 1765 794 1816; x_wconf 79' lang='lat' dir='ltr'><strong>Sed</strong></span> <span class='ocrx_word' id='word_1_174' title='bbox 809 1767 885 1830; x_wconf 79' lang='lat' dir='ltr'><strong>magis</strong></span> <span class='ocrx_word' id='word_1_175' title='bbox 897 1768 933 1816; x_wconf 74' lang='lat' dir='ltr'><strong>in·</strong></span> 
     </span>
     <span class='ocr_line' id='line_1_24' title="bbox 136 1833 933 1901; baseline 0.004 -14"><span class='ocrx_word' id='word_1_176' title='bbox 136 1837 244 1901; x_wconf 80' lang='lat' dir='ltr'><strong>primitur</strong></span> <span class='ocrx_word' id='word_1_177' title='bbox 260 1838 375 1887; x_wconf 80' lang='lat' dir='ltr'><strong>character</strong></span> <span class='ocrx_word' id='word_1_178' title='bbox 389 1833 415 1884; x_wconf 92' lang='lat' dir='ltr'><strong>in</strong></span> <span class='ocrx_word' id='word_1_179' title='bbox 429 1834 525 1900; x_wconf 66' lang='lat' dir='ltr'><strong>accipin</strong></span> <span class='ocrx_word' id='word_1_180' title='bbox 534 1835 624 1898; x_wconf 89' lang='lat' dir='ltr'><strong>quaudo</strong></span> <span class='ocrx_word' id='word_1_181' title='bbox 635 1834 753 1899; x_wconf 89' lang='lat' dir='ltr'><strong>accipiunt</strong></span> <span class='ocrx_word' id='word_1_182' title='bbox 766 1839 933 1899; x_wconf 80' lang='lat' dir='ltr'><strong>casdehlruu,</strong></span> 
     </span>
     <span class='ocr_line' id='line_1_25' title="bbox 138 1905 936 1974; baseline 0.001 -15"><span class='ocrx_word' id='word_1_183' title='bbox 138 1907 206 1972; x_wconf 72' lang='lat' dir='ltr'><strong>dudm</strong></span> <span class='ocrx_word' id='word_1_184' title='bbox 221 1909 311 1974; x_wconf 84' lang='lat' dir='ltr'><strong>quando</strong></span> <span class='ocrx_word' id='word_1_185' title='bbox 326 1905 443 1971; x_wconf 90' lang='lat' dir='ltr'><strong>accipiunt</strong></span> <span class='ocrx_word' id='word_1_186' title='bbox 455 1907 588 1969; x_wconf 87' lang='lat' dir='ltr'><strong>urceolum,</strong></span> <span class='ocrx_word' id='word_1_187' title='bbox 602 1906 656 1968; x_wconf 84' lang='lat' dir='ltr'><strong>quia</strong></span> <span class='ocrx_word' id='word_1_188' title='bbox 668 1909 754 1956; x_wconf 85' lang='lat' dir='ltr'><strong>nomeu</strong></span> <span class='ocrx_word' id='word_1_189' title='bbox 767 1909 869 1974; x_wconf 73' lang='lat' dir='ltr'><strong>acolyti</strong></span> <span class='ocrx_word' id='word_1_190' title='bbox 881 1911 936 1959; x_wconf 64' lang='lat' dir='ltr'><strong>crum</strong></span> 
     </span>
     <span class='ocr_line' id='line_1_26' title="bbox 137 1977 964 2046; baseline 0.001 -16"><span class='ocrx_word' id='word_1_191' title='bbox 137 1981 309 2042; x_wconf 69' lang='lat' dir='ltr'><strong>portationem</strong></span> <span class='ocrx_word' id='word_1_192' title='bbox 335 1977 455 2041; x_wconf 81' lang='lat' dir='ltr'><strong>significat.</strong></span> <span class='ocrx_word' id='word_1_193' title='bbox 473 1979 533 2040; x_wconf 79' lang='lat' dir='ltr'><strong>Ergo</strong></span> <span class='ocrx_word' id='word_1_194' title='bbox 555 1977 579 2026; x_wconf 89' lang='lat' dir='ltr'><strong>iu</strong></span> <span class='ocrx_word' id='word_1_195' title='bbox 598 1977 717 2027; x_wconf 83' lang='lat' dir='ltr'><strong>sacerdota</strong></span> <span class='ocrx_word' id='word_1_196' title='bbox 736 1989 786 2029; x_wconf 87' lang='lat' dir='ltr'><strong>uon</strong></span> <span class='ocrx_word' id='word_1_197' title='bbox 803 1979 937 2046; x_wconf 68' lang='lat' dir='ltr'><strong>imprimi</strong></span> <span class='ocrx_word' id='word_1_198' title='bbox 963 2030 964 2033; x_wconf 72' lang='grc'>,</span> 
     </span>
     <span class='ocr_line' id='line_1_27' title="bbox 138 2040 965 2162; baseline -0.007 -60"><span class='ocrx_word' id='word_1_199' title='bbox 138 2053 254 2104; x_wconf 84' lang='lat' dir='ltr'><strong>character</strong></span> <span class='ocrx_word' id='word_1_200' title='bbox 268 2049 356 2114; x_wconf 85' lang='lat' dir='ltr'><strong>quando</strong></span> <span class='ocrx_word' id='word_1_201' title='bbox 369 2048 462 2099; x_wconf 89' lang='lat' dir='ltr'><strong>calicem</strong></span> <span class='ocrx_word' id='word_1_202' title='bbox 475 2049 566 2113; x_wconf 88' lang='lat' dir='ltr'><strong>accipit.</strong></span> <span class='ocrx_word' id='word_1_203' title='bbox 963 2040 965 2162; x_wconf 49' lang='lat' dir='ltr'>y</span> 
     </span>
    </p>

    <p class='ocr_par' dir='ltr' id='par_1_7' title="bbox 137 2119 938 2331">
     <span class='ocr_line' id='line_1_28' title="bbox 169 2119 938 2185; baseline 0.003 -12"><span class='ocrx_word' id='word_1_204' title='bbox 169 2123 213 2173; x_wconf 77' lang='lat' dir='ltr'><strong>Sed</strong></span> <span class='ocrx_word' id='word_1_205' title='bbox 226 2128 319 2174; x_wconf 85' lang='lat' dir='ltr'><strong>contra:</strong></span> <span class='ocrx_word' id='word_1_206' title='bbox 334 2120 470 2185; x_wconf 78' lang='lat' dir='ltr'><strong>Principalis</strong></span> <span class='ocrx_word' id='word_1_207' title='bbox 484 2123 548 2170; x_wconf 88' lang='lat' dir='ltr'><strong>actus</strong></span> <span class='ocrx_word' id='word_1_208' title='bbox 563 2119 650 2171; x_wconf 85' lang='lat' dir='ltr'><strong>ordinis</strong></span> <span class='ocrx_word' id='word_1_209' title='bbox 663 2122 792 2172; x_wconf 81' lang='lat' dir='ltr'><strong>sacerdotis</strong></span> <span class='ocrx_word' id='word_1_210' title='bbox 811 2129 852 2174; x_wconf 87' lang='lat' dir='ltr'><strong>est</strong></span> <span class='ocrx_word' id='word_1_211' title='bbox 863 2135 938 2175; x_wconf 72' lang='lat' dir='ltr'><strong>muse</strong></span> 
     </span>
     <span class='ocr_line' id='line_1_29' title="bbox 139 2191 938 2257; baseline 0.001 -12"><span class='ocrx_word' id='word_1_212' title='bbox 139 2205 201 2245; x_wconf 86' lang='lat' dir='ltr'><strong>crare</strong></span> <span class='ocrx_word' id='word_1_213' title='bbox 212 2206 294 2257; x_wconf 87' lang='lat' dir='ltr'><strong>corpus</strong></span> <span class='ocrx_word' id='word_1_214' title='bbox 307 2192 397 2245; x_wconf 87' lang='lat' dir='ltr'><strong>Christi.</strong></span> <span class='ocrx_word' id='word_1_215' title='bbox 413 2193 458 2243; x_wconf 85' lang='lat' dir='ltr'><strong>Sed</strong></span> <span class='ocrx_word' id='word_1_216' title='bbox 474 2191 559 2243; x_wconf 89' lang='lat' dir='ltr'><strong>adhoc</strong></span> <span class='ocrx_word' id='word_1_217' title='bbox 573 2193 639 2242; x_wconf 89' lang='lat' dir='ltr'><strong>datur</strong></span> <span class='ocrx_word' id='word_1_218' title='bbox 650 2191 686 2241; x_wconf 84' lang='lat' dir='ltr'><strong>illi</strong></span> <span class='ocrx_word' id='word_1_219' title='bbox 698 2197 807 2256; x_wconf 88' lang='lat' dir='ltr'><strong>potestas</strong></span> <span class='ocrx_word' id='word_1_220' title='bbox 823 2195 851 2244; x_wconf 91' lang='lat' dir='ltr'><strong>iu</strong></span> <span class='ocrx_word' id='word_1_221' title='bbox 866 2195 938 2246; x_wconf 72' lang='lat' dir='ltr'><strong>ratim</strong></span> 
     </span>
     <span class='ocr_line' id='line_1_30' title="bbox 137 2261 721 2331; baseline -0.005 -15"><span class='ocrx_word' id='word_1_222' title='bbox 137 2263 288 2331; x_wconf 85' lang='lat' dir='ltr'><strong>porrectione.</strong></span> <span class='ocrx_word' id='word_1_223' title='bbox 305 2267 363 2328; x_wconf 82' lang='lat' dir='ltr'><strong>Ergo</strong></span> <span class='ocrx_word' id='word_1_224' title='bbox 376 2267 431 2314; x_wconf 90' lang='lat' dir='ltr'><strong>tunc</strong></span> <span class='ocrx_word' id='word_1_225' title='bbox 444 2261 582 2327; x_wconf 88' lang='lat' dir='ltr'><strong>imprimitur</strong></span> <span class='ocrx_word' id='word_1_226' title='bbox 593 2265 721 2314; x_wconf 87' lang='lat' dir='ltr'><strong>character.</strong></span> 
     </span>
    </p>

    <p class='ocr_par' dir='ltr' id='par_1_8' title="bbox 136 2333 965 2540">
     <span class='ocr_line' id='line_1_31' title="bbox 170 2333 938 2402; baseline 0.005 -17"><span class='ocrx_word' id='word_1_227' title='bbox 170 2334 438 2402; x_wconf 77' lang='lat' dir='ltr'><strong>(Concessum-Cium</strong></span> <span class='ocrx_word' id='word_1_228' title='bbox 449 2333 583 2398; x_wconf 87' lang='lat' dir='ltr'><strong>principalis</strong></span> <span class='ocrx_word' id='word_1_229' title='bbox 599 2339 663 2384; x_wconf 89' lang='lat' dir='ltr'><strong>actus</strong></span> <span class='ocrx_word' id='word_1_230' title='bbox 677 2336 805 2387; x_wconf 88' lang='lat' dir='ltr'><strong>sacerdotis</strong></span> <span class='ocrx_word' id='word_1_231' title='bbox 821 2336 938 2402; x_wconf 66' lang='lat' dir='ltr'><strong>siscorps</strong></span> 
     </span>
     <span class='ocr_line' id='line_1_32' title="bbox 138 2404 965 2499; baseline 0.004 -41"><span class='ocrx_word' id='word_1_232' title='bbox 138 2412 161 2460; x_wconf 92' lang='lat' dir='ltr'><strong>et</strong></span> <span class='ocrx_word' id='word_1_233' title='bbox 175 2404 307 2466; x_wconf 73' lang='lat' dir='ltr'><strong>sanguinem</strong></span> <span class='ocrx_word' id='word_1_234' title='bbox 325 2405 412 2456; x_wconf 81' lang='lat' dir='ltr'><strong>christi</strong></span> <span class='ocrx_word' id='word_1_235' title='bbox 428 2417 570 2470; x_wconf 87' lang='lat' dir='ltr'><strong>consecrare,</strong></span> <span class='ocrx_word' id='word_1_236' title='bbox 583 2409 648 2457; x_wconf 75' lang='lat' dir='ltr'><strong>recle</strong></span> <span class='ocrx_word' id='word_1_237' title='bbox 660 2406 684 2455; x_wconf 93' lang='lat' dir='ltr'><strong>in</strong></span> <span class='ocrx_word' id='word_1_238' title='bbox 692 2407 745 2470; x_wconf 88' lang='lat' dir='ltr'><strong>ipsa</strong></span> <span class='ocrx_word' id='word_1_239' title='bbox 756 2407 843 2460; x_wconf 82' lang='lat' dir='ltr'><strong>calicis</strong></span> <span class='ocrx_word' id='word_1_240' title='bbox 853 2410 938 2460; x_wconf 76' lang='lat' dir='ltr'><strong>delicat</strong></span> <span class='ocrx_word' id='word_1_241' title='bbox 963 2442 965 2499; x_wconf 71' lang='lat' dir='ltr'><strong>i</strong></span> 
     </span>
     <span class='ocr_line' id='line_1_33' title="bbox 136 2475 939 2540; baseline -0.001 -12"><span class='ocrx_word' id='word_1_242' title='bbox 136 2478 179 2528; x_wconf 87' lang='lat' dir='ltr'><strong>sub</strong></span> <span class='ocrx_word' id='word_1_243' title='bbox 194 2479 256 2526; x_wconf 85' lang='lat' dir='ltr'><strong>certa</strong></span> <span class='ocrx_word' id='word_1_244' title='bbox 267 2475 387 2526; x_wconf 83' lang='lat' dir='ltr'><strong>verborum</strong></span> <span class='ocrx_word' id='word_1_245' title='bbox 402 2477 474 2528; x_wconf 82' lang='lat' dir='ltr'><strong>forma</strong></span> <span class='ocrx_word' id='word_1_246' title='bbox 484 2475 623 2540; x_wconf 79' lang='lat' dir='ltr'><strong>imprimitur</strong></span> <span class='ocrx_word' id='word_1_247' title='bbox 636 2479 785 2529; x_wconf 87' lang='lat' dir='ltr'><strong>sacerdotalis</strong></span> <span class='ocrx_word' id='word_1_248' title='bbox 797 2481 939 2531; x_wconf 80' lang='lat' dir='ltr'><strong>character.l</strong></span> 
     </span>
    </p>

    <p class='ocr_par' dir='ltr' id='par_1_9' title="bbox 133 2536 965 2976">
     <span class='ocr_line' id='line_1_34' title="bbox 165 2536 965 2615; baseline 0.004 -18"><span class='ocrx_word' id='word_1_249' title='bbox 165 2547 302 2611; x_wconf 86' lang='lat' dir='ltr'><strong>Respondeo</strong></span> <span class='ocrx_word' id='word_1_250' title='bbox 315 2547 445 2612; x_wconf 87' lang='lat' dir='ltr'><strong>dicendum,</strong></span> <span class='ocrx_word' id='word_1_251' title='bbox 458 2547 599 2610; x_wconf 69' lang='lat' dir='ltr'><strong>sudomirus</strong></span> <span class='ocrx_word' id='word_1_252' title='bbox 609 2549 696 2600; x_wconf 89' lang='lat' dir='ltr'><strong>dictum</strong></span> <span class='ocrx_word' id='word_1_253' title='bbox 707 2553 751 2610; x_wconf 87' lang='lat' dir='ltr'><strong>est,</strong></span> <span class='ocrx_word' id='word_1_254' title='bbox 766 2554 810 2601; x_wconf 85' lang='lat' dir='ltr'><strong>art</strong></span> <span class='ocrx_word' id='word_1_255' title='bbox 820 2555 837 2600; x_wconf 76' lang='lat' dir='ltr'><strong>t</strong></span> <span class='ocrx_word' id='word_1_256' title='bbox 847 2553 870 2615; x_wconf 86' lang='lat'><strong>),</strong></span> <span class='ocrx_word' id='word_1_257' title='bbox 880 2552 940 2615; x_wconf 77' lang='lat' dir='ltr'><strong>ejus</strong></span> <span class='ocrx_word' id='word_1_258' title='bbox 963 2536 965 2585; x_wconf 63' lang='grc' dir='ltr'><em>ἶ</em></span> 
     </span>
     <span class='ocr_line' id='line_1_35' title="bbox 134 2594 965 2688; baseline 0.006 -17"><span class='ocrx_word' id='word_1_259' title='bbox 134 2615 186 2671; x_wconf 80' lang='lat' dir='ltr'><strong>d&#39;ein</strong></span> <span class='ocrx_word' id='word_1_260' title='bbox 197 2621 234 2670; x_wconf 89' lang='lat' dir='ltr'><strong>est</strong></span> <span class='ocrx_word' id='word_1_261' title='bbox 252 2619 349 2670; x_wconf 84' lang='lat' dir='ltr'><strong>sormam</strong></span> <span class='ocrx_word' id='word_1_262' title='bbox 366 2619 464 2684; x_wconf 85' lang='lat' dir='ltr'><strong>aliquam</strong></span> <span class='ocrx_word' id='word_1_263' title='bbox 478 2619 603 2684; x_wconf 85' lang='lat' dir='ltr'><strong>inducere,</strong></span> <span class='ocrx_word' id='word_1_264' title='bbox 616 2624 640 2670; x_wconf 88' lang='lat' dir='ltr'><strong>et</strong></span> <span class='ocrx_word' id='word_1_265' title='bbox 657 2621 821 2673; x_wconf 82' lang='lat' dir='ltr'><strong>materiamde</strong></span> <span class='ocrx_word' id='word_1_266' title='bbox 837 2625 939 2688; x_wconf 75' lang='lat' dir='ltr'><strong>prorius</strong></span> <span class='ocrx_word' id='word_1_267' title='bbox 963 2594 965 2676; x_wconf 67' lang='lat' dir='ltr'><strong>i</strong></span> 
     </span>
     <span class='ocr_line' id='line_1_36' title="bbox 133 2691 938 2812; baseline 0.006 -71"><span class='ocrx_word' id='word_1_268' title='bbox 133 2695 260 2812; x_wconf 60' lang='lat' dir='ltr'><strong>grmparare</strong></span> <span class='ocrx_word' id='word_1_269' title='bbox 272 2691 299 2741; x_wconf 94' lang='lat' dir='ltr'><strong>ad</strong></span> <span class='ocrx_word' id='word_1_270' title='bbox 314 2691 419 2741; x_wconf 82' lang='lat' dir='ltr'><strong>tonnam.</strong></span> <span class='ocrx_word' id='word_1_271' title='bbox 433 2691 498 2741; x_wconf 88' lang='lat' dir='ltr'><strong>llnde</strong></span> <span class='ocrx_word' id='word_1_272' title='bbox 514 2691 636 2756; x_wconf 86' lang='lat' dir='ltr'><strong>episeopus</strong></span> <span class='ocrx_word' id='word_1_273' title='bbox 652 2691 678 2741; x_wconf 92' lang='lat' dir='ltr'><strong>in</strong></span> <span class='ocrx_word' id='word_1_274' title='bbox 692 2692 816 2744; x_wconf 83' lang='lat' dir='ltr'><strong>collatione</strong></span> <span class='ocrx_word' id='word_1_275' title='bbox 831 2695 938 2746; x_wconf 75' lang='lat' dir='ltr'><strong>mainus</strong></span> 
     </span>
     <span class='ocr_line' id='line_1_37' title="bbox 149 2761 939 2832; baseline 0.008 -19"><span class='ocrx_word' id='word_1_276' title='bbox 149 2768 179 2813; x_wconf 88' lang='lat' dir='ltr'><strong>no</strong></span> <span class='ocrx_word' id='word_1_277' title='bbox 191 2762 270 2813; x_wconf 88' lang='lat' dir='ltr'><strong>iacit:</strong></span> <span class='ocrx_word' id='word_1_278' title='bbox 287 2767 400 2828; x_wconf 79' lang='lat' dir='ltr'><strong>preparat</strong></span> <span class='ocrx_word' id='word_1_279' title='bbox 417 2761 479 2814; x_wconf 87' lang='lat' dir='ltr'><strong>euim</strong></span> <span class='ocrx_word' id='word_1_280' title='bbox 500 2764 638 2816; x_wconf 72' lang='lat' dir='ltr'><strong>ordinandos</strong></span> <span class='ocrx_word' id='word_1_281' title='bbox 658 2765 688 2815; x_wconf 87' lang='lat' dir='ltr'><strong>ad</strong></span> <span class='ocrx_word' id='word_1_282' title='bbox 703 2765 793 2816; x_wconf 87' lang='lat' dir='ltr'><strong>ordinis</strong></span> <span class='ocrx_word' id='word_1_283' title='bbox 810 2767 939 2832; x_wconf 57' lang='lat' dir='ltr'><strong>suem·</strong></span> 
     </span>
     <span class='ocr_line' id='line_1_38' title="bbox 133 2834 938 2902; baseline 0.009 -20"><span class='ocrx_word' id='word_1_284' title='bbox 133 2834 203 2895; x_wconf 78' lang='lat' dir='ltr'><strong>dem,</strong></span> <span class='ocrx_word' id='word_1_285' title='bbox 218 2837 241 2886; x_wconf 89' lang='lat' dir='ltr'><strong>et</strong></span> <span class='ocrx_word' id='word_1_286' title='bbox 254 2834 337 2886; x_wconf 85' lang='lat' dir='ltr'><strong>ordinis</strong></span> <span class='ocrx_word' id='word_1_287' title='bbox 355 2837 491 2898; x_wconf 84' lang='lat' dir='ltr'><strong>potestatem</strong></span> <span class='ocrx_word' id='word_1_288' title='bbox 505 2835 583 2886; x_wconf 88' lang='lat' dir='ltr'><strong>tradit.</strong></span> <span class='ocrx_word' id='word_1_289' title='bbox 598 2837 716 2902; x_wconf 80' lang='lat' dir='ltr'><strong>Praeparat</strong></span> <span class='ocrx_word' id='word_1_290' title='bbox 737 2837 852 2902; x_wconf 70' lang='lat' dir='ltr'><strong>quidm,</strong></span> <span class='ocrx_word' id='word_1_291' title='bbox 868 2844 895 2889; x_wconf 85' lang='lat' dir='ltr'><strong>et</strong></span> <span class='ocrx_word' id='word_1_292' title='bbox 907 2840 938 2888; x_wconf 81' lang='lat' dir='ltr'><strong>in</strong></span> 
     </span>
     <span class='ocr_line' id='line_1_39' title="bbox 134 2905 938 2976; baseline 0.012 -23"><span class='ocrx_word' id='word_1_293' title='bbox 134 2905 244 2957; x_wconf 86' lang='lat' dir='ltr'><strong>struendo</strong></span> <span class='ocrx_word' id='word_1_294' title='bbox 254 2919 294 2957; x_wconf 89' lang='lat' dir='ltr'><strong>ecs</strong></span> <span class='ocrx_word' id='word_1_295' title='bbox 305 2906 333 2956; x_wconf 86' lang='lat' dir='ltr'><strong>de</strong></span> <span class='ocrx_word' id='word_1_296' title='bbox 344 2905 436 2970; x_wconf 86' lang='lat' dir='ltr'><strong>proprie</strong></span> <span class='ocrx_word' id='word_1_297' title='bbox 448 2905 540 2971; x_wconf 82' lang='lat' dir='ltr'><strong>officio,</strong></span> <span class='ocrx_word' id='word_1_298' title='bbox 554 2912 578 2959; x_wconf 89' lang='lat' dir='ltr'><strong>et</strong></span> <span class='ocrx_word' id='word_1_299' title='bbox 586 2907 672 2972; x_wconf 76' lang='lat' dir='ltr'><strong>ahquid</strong></span> <span class='ocrx_word' id='word_1_300' title='bbox 683 2908 744 2959; x_wconf 84' lang='lat' dir='ltr'><strong>eirca</strong></span> <span class='ocrx_word' id='word_1_301' title='bbox 756 2921 798 2961; x_wconf 85' lang='lat' dir='ltr'><strong>cos</strong></span> <span class='ocrx_word' id='word_1_302' title='bbox 808 2910 938 2976; x_wconf 77' lang='lat' dir='ltr'><strong>operando,</strong></span> 
     </span>
    </p>
   </div>
   <div class='ocr_carea' id='block_1_3' title="bbox 963 1511 965 1551">
    <p class='ocr_par' dir='ltr' id='par_1_10' title="bbox 963 1511 965 1551">
     <span class='ocr_line' id='line_1_40' title="bbox 963 1511 965 1520; baseline 0 0"><span class='ocrx_word' id='word_1_303' title='bbox 963 1511 965 1520; x_wconf 89' lang='grc' dir='ltr'>ι</span> 
     </span>
     <span class='ocr_line' id='line_1_41' title="bbox 963 1526 965 1537; baseline 0 0"><span class='ocrx_word' id='word_1_304' title='bbox 963 1526 965 1537; x_wconf 79' lang='lat' dir='ltr'><strong>t</strong></span> 
     </span>
     <span class='ocr_line' id='line_1_42' title="bbox 963 1544 965 1551; baseline 0 0"><span class='ocrx_word' id='word_1_305' title='bbox 963 1544 965 1551; x_wconf 61' lang='lat' dir='ltr'><strong>s</strong></span> 
     </span>
    </p>
   </div>
   <div class='ocr_carea' id='block_1_4' title="bbox 0 0 988 3284">
    <p class='ocr_par' dir='ltr' id='par_1_11' title="bbox 0 0 988 3284">
     <span class='ocr_line' id='line_1_43' title="bbox 0 0 988 3284; baseline 0 0"><span class='ocrx_word' id='word_1_306' title='bbox 0 0 988 3284; x_wconf 95' lang='lat' dir='ltr'><strong> </strong></span> 
     </span>
    </p>
   </div>
  </div>
 </body>
</html>
