1942 3284
101 147 146 197 1⁵0
278 158 337 203 rara
353 159 396 206 ur,
409 158 502 202 puusu.
524 157 608 210 aputu,
623 158 678 196 auu.
695 159 729 204 pv.

100 236 123 282 et
141 234 257 301 proposito
270 233 406 297 persistendi
419 232 444 290 iu
457 235 559 298 peceato,
581 235 611 290 Et
626 234 660 294 eie
680 232 846 298 proruebas
863 249 911 288 ueu

101 309 138 359 est
152 306 319 367 sacramentum
332 305 438 369 baptismi
448 305 613 369 conserendum
625 321 631 356 z
643 305 719 358 Primo
728 307 842 372 quidem,
857 309 913 372 quia

76 426 79 432 ,
102 388 143 438 per
155 375 291 440 baptismum
301 375 406 436 homiues
415 377 506 428 Christo
515 377 694 444 incorporantur,
709 379 840 432 seeundum
851 381 911 432 iliud

101 447 199 504 Galat,
210 449 241 498 111
256 463 261 496 :
275 467 288 496 «
303 449 443 512 Quicumque
452 450 477 499 iu
492 450 581 500 Christo
592 449 701 514 baptizati
708 451 772 513 ostia,
783 451 908 504 Christum

100 518 214 578 induistis.
237 522 377 580 »Quamdiu
395 525 471 575 autern
492 521 573 586 aliquis
594 523 662 574 habet
685 524 830 578 uoluptatem
856 538 913 588 pee-

100 592 177 653 eaudi,
187 607 233 645 uon
246 597 383 656 potestesse
397 594 488 649 cbristo
503 593 647 656 coujunctos,
663 594 789 646 seouudirm
802 595 868 646 iliud
880 597 912 646 11.

102 664 170 724 Coo,
183 665 230 714 Vl:
246 666 322 726 «Quae
336 664 482 730 participatio
494 665 589 730 justitie
603 679 653 716 eum
664 666 801 729 iniquitate?
818 683 835 714 o
847 668 915 718 Ureu

100 737 124 784 et
140 736 279 800 Augustinus
299 736 353 786 dicit
373 736 398 786 iu
414 737 454 789 iib.
476 737 512 786 De
534 738 688 791 eoeoitenoa
704 738 770 802 (cap.
785 739 832 802 d),
850 739 914 803 qudd

103 823 117 853 α
130 806 204 857 nuilus
214 821 261 857 suae
272 807 395 858 voluntatis
407 808 491 858 arbiter
503 808 639 861 constitutus
648 813 724 873 potest
735 821 820 864 uotam
834 811 912 862 vitaur

100 877 222 942 inchoare,
235 879 281 930 uisi
296 893 348 930 euru
364 880 449 933 veteos
467 879 521 932 vira
542 880 661 944 paeniteat.
676 897 690 928 u
709 881 833 944 Seeuudb,
863 883 916 946 quia

101 949 126 1000 iu
135 951 240 1015 operibus
249 952 333 1011 Christi
343 956 366 1002 et
375 952 484 1005 Ecclesiae
495 952 552 1002 nihii
566 953 634 1010 debet
648 951 696 1002 fieri
710 952 913 1004 frustrabimur

103 1025 177 1072 autem
188 1023 294 1086 estquod
306 1036 353 1081 nou
363 1024 473 1088 pertingit
482 1025 508 1075 ad
523 1025 593 1075 fiuent
604 1024 631 1077 ad
643 1037 710 1086 quieto
720 1027 755 1076 est
769 1025 912 1078 ordinatum.

102 1093 268 1145 Nullusauteur
284 1095 372 1146 babens
382 1095 523 1151 voluntatem
536 1095 648 1160 pooeaudi
658 1095 726 1146 simul
738 1099 813 1160 potest
829 1097 845 1148 a
861 1109 916 1160 pee-

103 1169 153 1216 eato
166 1167 285 1227 mundari,
299 1168 328 1216 ad
341 1168 402 1230 quod
422 1167 538 1218 ordinatur
555 1166 697 1231 baptismus3
714 1166 767 1230 quia
780 1168 825 1218 boe
851 1168 915 1218 esset
959 1173 960 1185 ¹

103 1249 189 1299 ponere
203 1239 378 1289 contradictoria
397 1252 447 1290 essa
467 1239 544 1292 simui.
561 1238 653 1299 Tertid,
674 1239 727 1302 quia
741 1238 766 1288 io
780 1252 915 1290 sacramen·

103 1307 186 1359 talibus
199 1309 270 1374 siguis
282 1323 328 1359 uon
337 1309 405 1361 debet
418 1323 467 1360 esse
477 1309 553 1372 aliqua
565 1311 661 1364 falsitas.
672 1311 713 1360 Est
723 1313 800 1366 auteur
812 1310 912 1375 siguum
959 1313 960 1335 ¹

103 1378 199 1443 falsum,
211 1381 292 1431 cuires
304 1381 433 1444 significata
447 1395 495 1432 non
511 1382 641 1446 respondet.
651 1383 686 1442 Er
696 1383 740 1432 boe
753 1386 831 1433 autern
847 1381 910 1447 qudd

103 1450 185 1514 aliquis
199 1452 320 1509 iuuandum
336 1466 361 1503 se
374 1453 461 1517 praebet
474 1466 514 1514 per
527 1453 681 1516 baptismum,
693 1451 837 1516 significatur
852 1451 915 1518 qudd
959 1462 960 1474 ¹

105 1536 130 1573 se
150 1522 256 1586 disponat
274 1524 302 1573 ad
313 1523 444 1574 interiorem
458 1523 610 1588 ablutionem
623 1525 682 1588 quod
694 1537 740 1575 uon
755 1523 873 1588 contingit
884 1525 912 1576 de

105 1607 133 1644 eo
149 1595 189 1658 qui
204 1595 272 1646 habet
286 1595 429 1660 propositum
447 1595 584 1660 persistendi
597 1596 622 1646 in
640 1600 742 1660 peccato.
757 1596 822 1652 Uude
835 1595 911 1651 maui-

105 1667 188 1718 testum
205 1672 241 1718 est
258 1667 319 1732 qudd
336 1668 419 1727 uibus
433 1670 599 1723 sacramentum
617 1667 725 1731 baptismi
745 1681 792 1720 uon
806 1673 844 1720 est
856 1682 913 1720 rou·
959 1655 960 1681 ¹

106 1739 233 1791 terendum.

137 1811 170 1862 Ad
183 1811 281 1874 primum
295 1823 348 1874 ergo
362 1810 482 1875 dicendum
493 1847 502 1874 ,
514 1809 576 1874 qudd
589 1809 646 1860 illud
660 1810 754 1861 uerbum
769 1813 804 1860 est
823 1811 911 1864 intelli·

107 1883 206 1944 geudum
220 1884 248 1935 de
261 1882 417 1947 peecatoribus
437 1882 477 1947 qui
494 1883 579 1932 habeut
595 1882 737 1934 voluntatem
757 1884 885 1937 recedendi
900 1882 912 1934 i

107 1960 208 2018 peceato.

139 2027 171 2076 ed
186 2025 311 2084 secuudum
324 2024 445 2075 dicendum
458 2061 464 2084 ‚
477 2023 538 2088 qudd
555 2025 680 2091 spiritualis
694 2025 812 2090 medicus,
825 2025 912 2080 seilicet

107 2098 228 2159 cbristus,
243 2101 348 2162 operatur
367 2095 496 2160 dupliciter.
512 2097 562 2148 Uno
585 2097 652 2148 modo
669 2096 765 2150 interius
777 2131 784 2156 ,
797 2111 840 2161 per
853 2099 916 2162 seip-

109 2184 171 2233 sum3
184 2174 207 2220 et
226 2170 259 2220 sie
275 2172 388 2233 preparat
400 2168 540 2224 uoluntatem
552 2167 670 2230 bominis,
684 2173 709 2218 ut
721 2168 804 2218 burrum
819 2169 878 2222 velit
891 2174 913 2222 st

109 2243 193 2293 malum
215 2241 286 2305 odiat,
304 2241 353 2290 olio
374 2241 440 2303 modo
464 2243 572 2305 oporatur
593 2253 634 2306 par
656 2239 787 2302 ministros,
811 2241 914 2294 arteriis

109 2314 236 2364 adhibendo
257 2317 449 2374 oeramentum
470 2312 504 2361 sio
523 2315 629 2376 operatur
650 2311 790 2375 perficiendo
812 2313 914 2364 exterius

108 2384 131 2436 id
150 2386 210 2450 quod
224 2389 260 2436 est
279 2383 376 2434 interibo
394 2384 534 2440 inchoatum.
554 2384 581 2432 Et
600 2383 653 2434 ideo
669 2387 837 2435 sacramentum
857 2385 914 2449 bap·

110 2457 172 2510 tisuu
186 2471 232 2508 uou
246 2460 281 2508 est
298 2456 465 2517 exhibendum,
481 2453 526 2506 uisi
540 2455 561 2506 ei
575 2453 599 2504 iu
614 2467 658 2518 quo
680 2454 797 2506 interioris
811 2469 913 2509 conue-

112 2529 182 2579 siouis
204 2528 294 2591 aliquod
317 2527 406 2590 siguum
428 2531 537 2590 apparet3
554 2526 612 2576 siout
635 2539 677 2576 nee
697 2525 810 2576 medicina
834 2541 915 2594 eorpo-

110 2600 165 2651 raiis
178 2600 296 2659 adhibetur
308 2597 633 2664 infirmo,uisiiueoa1iquia
646 2602 721 2649 motus
734 2597 813 2648 uitalis
824 2603 911 2652 nature

112 2675 282 2795 mmmm
299 2743 435 2805 dieeuduur,
453 2740 514 2805 qudd
526 2742 652 2810 baptismus
666 2745 702 2794 est
715 2741 769 2792 fidei
782 2755 912 2794 sacramen-

11 2794 12 2819 *
113 2818 171 2864 tum.
185 2815 251 2866 Fides
271 2820 346 2867 autem
366 2812 467 2864 informis
480 2826 527 2870 nou
541 2812 625 2864 suiiieit
638 2812 792 2876 adsalutem,
807 2827 851 2864 ueo
862 2813 911 2878 ipsa

115 2888 150 2937 est
160 2887 341 2950 tundamentum,
353 2886 394 2937 sed
402 2885 451 2937 sola
464 2883 704 2948 tesserarumque
718 2882 911 2974 perdilectionem
