<?xml version="1.0" encoding="UTF-8"?>
<!DOCTYPE html PUBLIC "-//W3C//DTD XHTML 1.0 Transitional//EN"
    "http://www.w3.org/TR/xhtml1/DTD/xhtml1-transitional.dtd">
<html xmlns="http://www.w3.org/1999/xhtml" xml:lang="en" lang="en">
 <head>
  <title>
</title>
<meta http-equiv="Content-Type" content="text/html;charset=utf-8" />
  <meta name='ocr-system' content='tesseract 3.04.00' />
  <meta name='ocr-capabilities' content='ocr_page ocr_carea ocr_par ocr_line ocrx_word'/>
</head>
<body>
  <div class='ocr_page' id='page_1' title='image "./summatheologica01nicogoog_0115.png"; bbox 0 0 1942 3284; ppageno 0'>
   <div class='ocr_carea' id='block_1_1' title="bbox 125 191 839 244">
    <p class='ocr_par' dir='ltr' id='par_1_1' title="bbox 125 191 839 244">
     <span class='ocr_line' id='line_1_1' title="bbox 125 191 839 244; baseline -0.004 0"><span class='ocrx_word' id='word_1_1' title='bbox 125 206 157 244; x_wconf 81' lang='lat' dir='ltr'>nn</span> <span class='ocrx_word' id='word_1_2' title='bbox 174 202 367 244; x_wconf 74' lang='lat' dir='ltr'>mmmmm</span> <span class='ocrx_word' id='word_1_3' title='bbox 381 203 415 242; x_wconf 83' lang='lat' dir='ltr'>an</span> <span class='ocrx_word' id='word_1_4' title='bbox 429 201 608 242; x_wconf 71' lang='lat' dir='ltr'>statuerunt</span> <span class='ocrx_word' id='word_1_5' title='bbox 623 199 742 242; x_wconf 78' lang='lat' dir='ltr'>narrum.</span> <span class='ocrx_word' id='word_1_6' title='bbox 791 191 839 242; x_wconf 73' lang='lat' dir='ltr'>itt</span> 
     </span>
    </p>
   </div>
   <div class='ocr_carea' id='block_1_2' title="bbox 46 279 847 2205">
    <p class='ocr_par' dir='ltr' id='par_1_2' title="bbox 46 279 839 704">
     <span class='ocr_line' id='line_1_2' title="bbox 73 279 839 345; baseline -0.005 -11"><span class='ocrx_word' id='word_1_7' title='bbox 73 284 234 342; x_wconf 69' lang='lat' dir='ltr'>armum,</span> <span class='ocrx_word' id='word_1_8' title='bbox 244 294 291 334; x_wconf 90' lang='lat' dir='ltr'>non</span> <span class='ocrx_word' id='word_1_9' title='bbox 299 282 391 344; x_wconf 87' lang='lat' dir='ltr'>oportet</span> <span class='ocrx_word' id='word_1_10' title='bbox 400 279 462 345; x_wconf 80' lang='lat' dir='ltr'>pudd</span> <span class='ocrx_word' id='word_1_11' title='bbox 472 279 513 330; x_wconf 88' lang='lat' dir='ltr'>iiie</span> <span class='ocrx_word' id='word_1_12' title='bbox 522 279 562 345; x_wconf 82' lang='lat' dir='ltr'>qui</span> <span class='ocrx_word' id='word_1_13' title='bbox 573 279 673 344; x_wconf 76' lang='lat' dir='ltr'><strong>aliquem</strong></span> <span class='ocrx_word' id='word_1_14' title='bbox 683 282 760 330; x_wconf 82' lang='lat' dir='ltr'>aetum</span> <span class='ocrx_word' id='word_1_15' title='bbox 773 290 839 331; x_wconf 84' lang='lat' dir='ltr'>erer-</span> 
     </span>
     <span class='ocr_line' id='line_1_3' title="bbox 48 349 837 417; baseline -0.005 -13"><span class='ocrx_word' id='word_1_16' title='bbox 48 358 90 417; x_wconf 88' lang='lat' dir='ltr'>uet,</span> <span class='ocrx_word' id='word_1_17' title='bbox 101 357 129 406; x_wconf 90' lang='lat' dir='ltr'>de</span> <span class='ocrx_word' id='word_1_18' title='bbox 140 357 197 404; x_wconf 83' lang='lat' dir='ltr'>actu</span> <span class='ocrx_word' id='word_1_19' title='bbox 214 351 316 404; x_wconf 78' lang='lat' dir='ltr'>exercitu</span> <span class='ocrx_word' id='word_1_20' title='bbox 328 352 398 403; x_wconf 86' lang='lat' dir='ltr'>iaciat</span> <span class='ocrx_word' id='word_1_21' title='bbox 411 351 564 414; x_wconf 78' lang='lat' dir='ltr'>mentionem,</span> <span class='ocrx_word' id='word_1_22' title='bbox 580 351 639 402; x_wconf 83' lang='lat' dir='ltr'>siout</span> <span class='ocrx_word' id='word_1_23' title='bbox 654 349 692 402; x_wconf 87' lang='lat' dir='ltr'>iiia</span> <span class='ocrx_word' id='word_1_24' title='bbox 702 349 743 413; x_wconf 84' lang='lat' dir='ltr'>qui</span> <span class='ocrx_word' id='word_1_25' title='bbox 761 349 837 414; x_wconf 88' lang='lat' dir='ltr'>dooet,</span> 
     </span>
     <span class='ocr_line' id='line_1_4' title="bbox 49 422 839 492; baseline -0.005 -16"><span class='ocrx_word' id='word_1_26' title='bbox 49 439 85 476; x_wconf 90' lang='lat' dir='ltr'>non</span> <span class='ocrx_word' id='word_1_27' title='bbox 96 429 185 492; x_wconf 76' lang='lat' dir='ltr'>oportet</span> <span class='ocrx_word' id='word_1_28' title='bbox 199 424 262 489; x_wconf 77' lang='lat' dir='ltr'>qubd</span> <span class='ocrx_word' id='word_1_29' title='bbox 276 423 353 474; x_wconf 86' lang='lat' dir='ltr'>dicat:</span> <span class='ocrx_word' id='word_1_30' title='bbox 367 440 382 471; x_wconf 85' lang='lat' dir='ltr'>u</span> <span class='ocrx_word' id='word_1_31' title='bbox 394 425 441 486; x_wconf 75' lang='lat' dir='ltr'>ago</span> <span class='ocrx_word' id='word_1_32' title='bbox 458 436 500 475; x_wconf 83' lang='lat' dir='ltr'>vos</span> <span class='ocrx_word' id='word_1_33' title='bbox 519 423 597 474; x_wconf 84' lang='lat' dir='ltr'>dureo.</span> <span class='ocrx_word' id='word_1_34' title='bbox 615 438 630 470; x_wconf 80' lang='lat' dir='ltr'>a</span> <span class='ocrx_word' id='word_1_35' title='bbox 645 422 754 474; x_wconf 81' lang='lat' dir='ltr'>Dominus</span> <span class='ocrx_word' id='word_1_36' title='bbox 763 425 839 472; x_wconf 86' lang='lat' dir='ltr'>autern</span> 
     </span>
     <span class='ocr_line' id='line_1_5' title="bbox 48 491 837 560; baseline -0.003 -14"><span class='ocrx_word' id='word_1_37' title='bbox 48 497 104 548; x_wconf 87' lang='lat' dir='ltr'>sinui</span> <span class='ocrx_word' id='word_1_38' title='bbox 126 495 223 549; x_wconf 75' lang='lat' dir='ltr'>tradidit</span> <span class='ocrx_word' id='word_1_39' title='bbox 245 497 383 560; x_wconf 78' lang='lat' dir='ltr'>praeseptum</span> <span class='ocrx_word' id='word_1_40' title='bbox 406 493 537 559; x_wconf 81' lang='lat' dir='ltr'>baptizandi</span> <span class='ocrx_word' id='word_1_41' title='bbox 561 497 584 544; x_wconf 88' lang='lat' dir='ltr'>et</span> <span class='ocrx_word' id='word_1_42' title='bbox 611 491 720 557; x_wconf 82' lang='lat' dir='ltr'>docendi,</span> <span class='ocrx_word' id='word_1_43' title='bbox 745 493 837 555; x_wconf 83' lang='lat' dir='ltr'>dicens,</span> 
     </span>
     <span class='ocr_line' id='line_1_6' title="bbox 46 566 839 629; baseline -0.003 -11"><span class='ocrx_word' id='word_1_44' title='bbox 46 570 137 626; x_wconf 72' lang='lat' dir='ltr'>duttb,</span> <span class='ocrx_word' id='word_1_45' title='bbox 151 569 195 620; x_wconf 87' lang='lat' dir='ltr'>rdt.</span> <span class='ocrx_word' id='word_1_46' title='bbox 207 583 213 617; x_wconf 75' lang='grc' dir='ltr'><strong>ε</strong></span> <span class='ocrx_word' id='word_1_47' title='bbox 226 585 241 616; x_wconf 83' lang='lat' dir='ltr'>a</span> <span class='ocrx_word' id='word_1_48' title='bbox 250 568 337 618; x_wconf 81' lang='lat' dir='ltr'>Euntes</span> <span class='ocrx_word' id='word_1_49' title='bbox 350 567 429 617; x_wconf 78' lang='lat' dir='ltr'>dorete</span> <span class='ocrx_word' id='word_1_50' title='bbox 439 578 521 617; x_wconf 90' lang='lat' dir='ltr'>omnes</span> <span class='ocrx_word' id='word_1_51' title='bbox 534 569 624 628; x_wconf 78' lang='lat' dir='ltr'>gentes,</span> <span class='ocrx_word' id='word_1_52' title='bbox 636 580 650 612; x_wconf 83' lang='lat' dir='ltr'>u</span> <span class='ocrx_word' id='word_1_53' title='bbox 662 568 706 616; x_wconf 82' lang='lat' dir='ltr'>ets.</span> <span class='ocrx_word' id='word_1_54' title='bbox 720 566 778 629; x_wconf 74' lang='lat' dir='ltr'>Ergo</span> <span class='ocrx_word' id='word_1_55' title='bbox 792 577 839 616; x_wconf 91' lang='lat' dir='ltr'>non</span> 
     </span>
     <span class='ocr_line' id='line_1_7' title="bbox 48 635 838 704; baseline -0.006 -13"><span class='ocrx_word' id='word_1_56' title='bbox 48 644 128 704; x_wconf 90' lang='lat' dir='ltr'>oportet</span> <span class='ocrx_word' id='word_1_57' title='bbox 140 639 202 704; x_wconf 83' lang='lat' dir='ltr'>qubd</span> <span class='ocrx_word' id='word_1_58' title='bbox 215 639 241 690; x_wconf 95' lang='lat' dir='ltr'>in</span> <span class='ocrx_word' id='word_1_59' title='bbox 252 639 325 688; x_wconf 83' lang='lat' dir='ltr'>torma</span> <span class='ocrx_word' id='word_1_60' title='bbox 339 637 446 702; x_wconf 89' lang='lat' dir='ltr'>baptismi</span> <span class='ocrx_word' id='word_1_61' title='bbox 460 637 500 686; x_wconf 86' lang='lat' dir='ltr'>tiat</span> <span class='ocrx_word' id='word_1_62' title='bbox 512 635 599 688; x_wconf 83' lang='lat' dir='ltr'>mentio</span> <span class='ocrx_word' id='word_1_63' title='bbox 611 637 640 687; x_wconf 87' lang='lat' dir='ltr'>de</span> <span class='ocrx_word' id='word_1_64' title='bbox 657 640 708 688; x_wconf 82' lang='lat' dir='ltr'>actu</span> <span class='ocrx_word' id='word_1_65' title='bbox 721 635 838 700; x_wconf 81' lang='lat' dir='ltr'>baptismi.</span> 
     </span>
    </p>

    <p class='ocr_par' dir='ltr' id='par_1_3' title="bbox 48 711 841 1063">
     <span class='ocr_line' id='line_1_8' title="bbox 75 711 841 778; baseline -0.001 -14"><span class='ocrx_word' id='word_1_66' title='bbox 75 721 97 766; x_wconf 74' lang='lat' dir='ltr'>a.</span> <span class='ocrx_word' id='word_1_67' title='bbox 108 717 240 778; x_wconf 78' lang='lat' dir='ltr'>Preterea,</span> <span class='ocrx_word' id='word_1_68' title='bbox 256 713 296 765; x_wconf 89' lang='lat' dir='ltr'>itte</span> <span class='ocrx_word' id='word_1_69' title='bbox 309 713 350 777; x_wconf 88' lang='lat' dir='ltr'>qui</span> <span class='ocrx_word' id='word_1_70' title='bbox 369 712 497 777; x_wconf 83' lang='lat' dir='ltr'>baptizatur</span> <span class='ocrx_word' id='word_1_71' title='bbox 510 712 644 776; x_wconf 81' lang='lat' dir='ltr'>quandoque</span> <span class='ocrx_word' id='word_1_72' title='bbox 666 725 712 762; x_wconf 89' lang='lat' dir='ltr'>non</span> <span class='ocrx_word' id='word_1_73' title='bbox 734 711 841 776; x_wconf 72' lang='lat' dir='ltr'>intelligit</span> 
     </span>
     <span class='ocr_line' id='line_1_9' title="bbox 51 783 840 851; baseline -0.001 -17"><span class='ocrx_word' id='word_1_74' title='bbox 51 787 116 851; x_wconf 80' lang='lat' dir='ltr'>uerba,</span> <span class='ocrx_word' id='word_1_75' title='bbox 131 786 188 851; x_wconf 75' lang='lat' dir='ltr'>puta</span> <span class='ocrx_word' id='word_1_76' title='bbox 200 785 222 836; x_wconf 92' lang='lat' dir='ltr'>si</span> <span class='ocrx_word' id='word_1_77' title='bbox 239 785 271 835; x_wconf 88' lang='lat' dir='ltr'>sit</span> <span class='ocrx_word' id='word_1_78' title='bbox 287 786 368 836; x_wconf 91' lang='lat' dir='ltr'>surdus</span> <span class='ocrx_word' id='word_1_79' title='bbox 388 789 427 835; x_wconf 92' lang='lat' dir='ltr'>aut</span> <span class='ocrx_word' id='word_1_80' title='bbox 445 798 511 850; x_wconf 83' lang='lat' dir='ltr'>pnes.</span> <span class='ocrx_word' id='word_1_81' title='bbox 526 785 618 834; x_wconf 81' lang='lat' dir='ltr'>Frustra</span> <span class='ocrx_word' id='word_1_82' title='bbox 637 790 713 834; x_wconf 84' lang='lat' dir='ltr'>autem</span> <span class='ocrx_word' id='word_1_83' title='bbox 727 783 756 833; x_wconf 90' lang='lat' dir='ltr'>ad</span> <span class='ocrx_word' id='word_1_84' title='bbox 770 783 840 833; x_wconf 88' lang='lat' dir='ltr'>talem</span> 
     </span>
     <span class='ocr_line' id='line_1_10' title="bbox 51 853 838 920; baseline -0.005 -12"><span class='ocrx_word' id='word_1_85' title='bbox 51 857 247 920; x_wconf 68' lang='lat' dir='ltr'>ermemirum,</span> <span class='ocrx_word' id='word_1_86' title='bbox 262 855 386 906; x_wconf 81' lang='lat' dir='ltr'>secundini</span> <span class='ocrx_word' id='word_1_87' title='bbox 402 856 459 906; x_wconf 88' lang='lat' dir='ltr'>iliud</span> <span class='ocrx_word' id='word_1_88' title='bbox 474 854 564 912; x_wconf 80' lang='lat' dir='ltr'>idacii..</span> <span class='ocrx_word' id='word_1_89' title='bbox 585 855 667 906; x_wconf 78' lang='lat' dir='ltr'>xxxii</span> <span class='ocrx_word' id='word_1_90' title='bbox 682 869 688 905; x_wconf 93' lang='lat'>:</span> <span class='ocrx_word' id='word_1_91' title='bbox 706 869 720 902; x_wconf 85' lang='lat' dir='ltr'>u</span> <span class='ocrx_word' id='word_1_92' title='bbox 734 853 778 906; x_wconf 91' lang='lat' dir='ltr'>Ubi</span> <span class='ocrx_word' id='word_1_93' title='bbox 791 866 838 905; x_wconf 91' lang='lat' dir='ltr'>non</span> 
     </span>
     <span class='ocr_line' id='line_1_11' title="bbox 48 925 836 991; baseline -0.008 -11"><span class='ocrx_word' id='word_1_94' title='bbox 48 932 79 980; x_wconf 87' lang='lat' dir='ltr'>est</span> <span class='ocrx_word' id='word_1_95' title='bbox 93 931 196 991; x_wconf 81' lang='lat' dir='ltr'>auditus,</span> <span class='ocrx_word' id='word_1_96' title='bbox 210 941 257 979; x_wconf 91' lang='lat' dir='ltr'>non</span> <span class='ocrx_word' id='word_1_97' title='bbox 269 927 374 978; x_wconf 77' lang='lat' dir='ltr'>effundas</span> <span class='ocrx_word' id='word_1_98' title='bbox 387 939 525 980; x_wconf 85' lang='lat' dir='ltr'>sermonem.</span> <span class='ocrx_word' id='word_1_99' title='bbox 539 942 553 973; x_wconf 77' lang='lat' dir='ltr'>r&gt;</span> <span class='ocrx_word' id='word_1_100' title='bbox 568 927 627 989; x_wconf 70' lang='lat' dir='ltr'>drgo</span> <span class='ocrx_word' id='word_1_101' title='bbox 645 925 836 976; x_wconf 77' lang='lat' dir='ltr'>inconvenienter</span> 
     </span>
     <span class='ocr_line' id='line_1_12' title="bbox 49 997 840 1063; baseline -0.006 -11"><span class='ocrx_word' id='word_1_102' title='bbox 49 1001 136 1052; x_wconf 82' lang='lat' dir='ltr'>dicitur:</span> <span class='ocrx_word' id='word_1_103' title='bbox 152 1000 226 1063; x_wconf 77' lang='lat' dir='ltr'>«Ego</span> <span class='ocrx_word' id='word_1_104' title='bbox 239 1003 264 1050; x_wconf 89' lang='lat' dir='ltr'>te</span> <span class='ocrx_word' id='word_1_105' title='bbox 272 998 370 1063; x_wconf 82' lang='lat' dir='ltr'>baptiso,</span> <span class='ocrx_word' id='word_1_106' title='bbox 381 1015 396 1046; x_wconf 86' lang='lat' dir='ltr'>u</span> <span class='ocrx_word' id='word_1_107' title='bbox 409 1011 514 1049; x_wconf 65' lang='lat' dir='ltr'>musone</span> <span class='ocrx_word' id='word_1_108' title='bbox 526 997 610 1048; x_wconf 81' lang='lat' dir='ltr'>directo</span> <span class='ocrx_word' id='word_1_109' title='bbox 623 997 653 1048; x_wconf 89' lang='lat' dir='ltr'>ad</span> <span class='ocrx_word' id='word_1_110' title='bbox 662 1011 714 1048; x_wconf 87' lang='lat' dir='ltr'>eum</span> <span class='ocrx_word' id='word_1_111' title='bbox 727 997 768 1063; x_wconf 86' lang='lat' dir='ltr'>qui</span> <span class='ocrx_word' id='word_1_112' title='bbox 780 997 840 1063; x_wconf 91' lang='lat' dir='ltr'>bap-</span> 
     </span>
    </p>

    <p class='ocr_par' dir='ltr' id='par_1_4' title="bbox 52 1140 844 1493">
     <span class='ocr_line' id='line_1_13' title="bbox 76 1140 840 1207; baseline 0 -15"><span class='ocrx_word' id='word_1_113' title='bbox 76 1147 100 1194; x_wconf 83' lang='lat' dir='ltr'>t.</span> <span class='ocrx_word' id='word_1_114' title='bbox 113 1144 233 1206; x_wconf 63' lang='lat' dir='ltr'>Pretereu</span> <span class='ocrx_word' id='word_1_115' title='bbox 247 1141 359 1207; x_wconf 70' lang='lat' dir='ltr'>uonbngit</span> <span class='ocrx_word' id='word_1_116' title='bbox 367 1141 435 1193; x_wconf 74' lang='lat' dir='ltr'>dmul</span> <span class='ocrx_word' id='word_1_117' title='bbox 446 1142 523 1205; x_wconf 89' lang='lat' dir='ltr'>piures</span> <span class='ocrx_word' id='word_1_118' title='bbox 536 1140 647 1205; x_wconf 81' lang='lat' dir='ltr'>baptizari</span> <span class='ocrx_word' id='word_1_119' title='bbox 663 1143 686 1192; x_wconf 86' lang='lat' dir='ltr'>et</span> <span class='ocrx_word' id='word_1_120' title='bbox 698 1141 840 1205; x_wconf 82' lang='lat' dir='ltr'>apiaribns,</span> 
     </span>
     <span class='ocr_line' id='line_1_14' title="bbox 52 1212 842 1280; baseline 0 -16"><span class='ocrx_word' id='word_1_121' title='bbox 52 1215 103 1265; x_wconf 79' lang='lat' dir='ltr'>deut</span> <span class='ocrx_word' id='word_1_122' title='bbox 123 1216 218 1280; x_wconf 86' lang='lat' dir='ltr'>apostoli</span> <span class='ocrx_word' id='word_1_123' title='bbox 233 1215 408 1278; x_wconf 80' lang='lat' dir='ltr'>baptizaverunt</span> <span class='ocrx_word' id='word_1_124' title='bbox 427 1212 474 1264; x_wconf 79' lang='lat' dir='ltr'>unt</span> <span class='ocrx_word' id='word_1_125' title='bbox 486 1214 524 1265; x_wconf 89' lang='lat' dir='ltr'>die</span> <span class='ocrx_word' id='word_1_126' title='bbox 543 1213 585 1263; x_wconf 88' lang='lat' dir='ltr'>tria</span> <span class='ocrx_word' id='word_1_127' title='bbox 603 1213 688 1272; x_wconf 86' lang='lat' dir='ltr'>miliia,</span> <span class='ocrx_word' id='word_1_128' title='bbox 705 1217 729 1263; x_wconf 89' lang='lat' dir='ltr'>et</span> <span class='ocrx_word' id='word_1_129' title='bbox 742 1212 786 1263; x_wconf 82' lang='lat' dir='ltr'>alit</span> <span class='ocrx_word' id='word_1_130' title='bbox 805 1213 842 1264; x_wconf 93' lang='lat' dir='ltr'>die</span> 
     </span>
     <span class='ocr_line' id='line_1_15' title="bbox 53 1283 842 1350; baseline -0.003 -14"><span class='ocrx_word' id='word_1_131' title='bbox 53 1286 142 1350; x_wconf 78' lang='lat' dir='ltr'>qunque</span> <span class='ocrx_word' id='word_1_132' title='bbox 152 1285 231 1346; x_wconf 88' lang='lat' dir='ltr'>millia,</span> <span class='ocrx_word' id='word_1_133' title='bbox 241 1289 269 1336; x_wconf 87' lang='lat' dir='ltr'>ut</span> <span class='ocrx_word' id='word_1_134' title='bbox 278 1285 360 1336; x_wconf 81' lang='lat' dir='ltr'>dieitur</span> <span class='ocrx_word' id='word_1_135' title='bbox 372 1286 437 1342; x_wconf 74' lang='lat' dir='ltr'>Act„</span> <span class='ocrx_word' id='word_1_136' title='bbox 451 1287 471 1336; x_wconf 91' lang='lat' dir='ltr'>lt</span> <span class='ocrx_word' id='word_1_137' title='bbox 483 1288 507 1336; x_wconf 89' lang='lat' dir='ltr'>et</span> <span class='ocrx_word' id='word_1_138' title='bbox 515 1285 554 1335; x_wconf 82' lang='lat' dir='ltr'>iv.</span> <span class='ocrx_word' id='word_1_139' title='bbox 566 1286 618 1337; x_wconf 86' lang='lat' dir='ltr'>Non</span> <span class='ocrx_word' id='word_1_140' title='bbox 627 1298 680 1348; x_wconf 78' lang='lat' dir='ltr'>ergo</span> <span class='ocrx_word' id='word_1_141' title='bbox 691 1283 760 1336; x_wconf 85' lang='lat' dir='ltr'>debet</span> <span class='ocrx_word' id='word_1_142' title='bbox 769 1285 842 1335; x_wconf 79' lang='lat' dir='ltr'>tuma</span> 
     </span>
     <span class='ocr_line' id='line_1_16' title="bbox 53 1354 844 1420; baseline 0 -14"><span class='ocrx_word' id='word_1_143' title='bbox 53 1357 149 1420; x_wconf 87' lang='lat' dir='ltr'>baptismi</span> <span class='ocrx_word' id='word_1_144' title='bbox 162 1356 309 1410; x_wconf 86' lang='lat' dir='ltr'>determinari</span> <span class='ocrx_word' id='word_1_145' title='bbox 323 1357 346 1406; x_wconf 95' lang='lat' dir='ltr'>in</span> <span class='ocrx_word' id='word_1_146' title='bbox 360 1354 469 1420; x_wconf 78' lang='lat' dir='ltr'>singulari</span> <span class='ocrx_word' id='word_1_147' title='bbox 477 1369 573 1407; x_wconf 89' lang='lat' dir='ltr'>numero</span> <span class='ocrx_word' id='word_1_148' title='bbox 580 1392 589 1419; x_wconf 98' lang='lat'>,</span> <span class='ocrx_word' id='word_1_149' title='bbox 603 1360 628 1406; x_wconf 92' lang='lat' dir='ltr'>ut</span> <span class='ocrx_word' id='word_1_150' title='bbox 638 1356 726 1406; x_wconf 87' lang='lat' dir='ltr'>dioatur</span> <span class='ocrx_word' id='word_1_151' title='bbox 743 1371 749 1404; x_wconf 91' lang='lat'>:</span> <span class='ocrx_word' id='word_1_152' title='bbox 766 1371 780 1404; x_wconf 88' lang='lat' dir='ltr'>u</span> <span class='ocrx_word' id='word_1_153' title='bbox 795 1356 844 1420; x_wconf 76' lang='lat' dir='ltr'>idgo</span> 
     </span>
     <span class='ocr_line' id='line_1_17' title="bbox 55 1427 761 1493; baseline -0.006 -15"><span class='ocrx_word' id='word_1_154' title='bbox 55 1429 170 1493; x_wconf 84' lang='lat' dir='ltr'>tebaptim</span> <span class='ocrx_word' id='word_1_155' title='bbox 177 1466 187 1493; x_wconf 92' lang='lat'><em>‚</em></span> <span class='ocrx_word' id='word_1_156' title='bbox 198 1445 213 1476; x_wconf 85' lang='lat' dir='ltr'>u</span> <span class='ocrx_word' id='word_1_157' title='bbox 228 1429 268 1480; x_wconf 89' lang='lat' dir='ltr'>sed</span> <span class='ocrx_word' id='word_1_158' title='bbox 282 1430 358 1492; x_wconf 89' lang='lat' dir='ltr'>potest</span> <span class='ocrx_word' id='word_1_159' title='bbox 371 1428 416 1478; x_wconf 87' lang='lat' dir='ltr'>diei</span> <span class='ocrx_word' id='word_1_160' title='bbox 431 1442 438 1478; x_wconf 74' lang='grc' dir='ltr'><strong>ε</strong></span> <span class='ocrx_word' id='word_1_161' title='bbox 453 1427 761 1491; x_wconf 66' lang='lat' dir='ltr'>«assumptionum</span> 
     </span>
    </p>

    <p class='ocr_par' dir='ltr' id='par_1_5' title="bbox 61 1496 845 1708">
     <span class='ocr_line' id='line_1_18' title="bbox 84 1496 841 1565; baseline -0.003 -17"><span class='ocrx_word' id='word_1_162' title='bbox 84 1504 103 1548; x_wconf 76' lang='lat' dir='ltr'>t.</span> <span class='ocrx_word' id='word_1_163' title='bbox 112 1501 231 1565; x_wconf 73' lang='lat' dir='ltr'>inuberes,</span> <span class='ocrx_word' id='word_1_164' title='bbox 251 1499 378 1564; x_wconf 84' lang='lat' dir='ltr'>baptismus</span> <span class='ocrx_word' id='word_1_165' title='bbox 394 1498 501 1550; x_wconf 85' lang='lat' dir='ltr'>uirtutem</span> <span class='ocrx_word' id='word_1_166' title='bbox 519 1499 588 1549; x_wconf 80' lang='lat' dir='ltr'>hebet</span> <span class='ocrx_word' id='word_1_167' title='bbox 602 1498 616 1548; x_wconf 79' lang='lat' dir='ltr'>a</span> <span class='ocrx_word' id='word_1_168' title='bbox 629 1497 735 1563; x_wconf 80' lang='lat' dir='ltr'>passione</span> <span class='ocrx_word' id='word_1_169' title='bbox 749 1496 841 1549; x_wconf 81' lang='lat' dir='ltr'>Christi.</span> 
     </span>
     <span class='ocr_line' id='line_1_19' title="bbox 61 1567 845 1636; baseline -0.003 -16"><span class='ocrx_word' id='word_1_170' title='bbox 61 1569 96 1620; x_wconf 78' lang='lat' dir='ltr'>Sed</span> <span class='ocrx_word' id='word_1_171' title='bbox 104 1585 140 1636; x_wconf 88' lang='lat' dir='ltr'>per</span> <span class='ocrx_word' id='word_1_172' title='bbox 148 1573 246 1624; x_wconf 85' lang='lat' dir='ltr'>termam</span> <span class='ocrx_word' id='word_1_173' title='bbox 260 1569 387 1634; x_wconf 84' lang='lat' dir='ltr'>baptismus</span> <span class='ocrx_word' id='word_1_174' title='bbox 398 1570 560 1622; x_wconf 67' lang='lat' dir='ltr'>sanctientur.</span> <span class='ocrx_word' id='word_1_175' title='bbox 574 1571 633 1632; x_wconf 79' lang='lat' dir='ltr'>drgo</span> <span class='ocrx_word' id='word_1_176' title='bbox 645 1568 734 1620; x_wconf 85' lang='lat' dir='ltr'>uidetur</span> <span class='ocrx_word' id='word_1_177' title='bbox 744 1567 805 1633; x_wconf 90' lang='lat' dir='ltr'>qudd</span> <span class='ocrx_word' id='word_1_178' title='bbox 821 1568 845 1620; x_wconf 92' lang='lat' dir='ltr'>in</span> 
     </span>
     <span class='ocr_line' id='line_1_20' title="bbox 64 1639 754 1708; baseline -0.006 -14"><span class='ocrx_word' id='word_1_179' title='bbox 64 1639 119 1694; x_wconf 78' lang='lat' dir='ltr'>form</span> <span class='ocrx_word' id='word_1_180' title='bbox 126 1642 235 1708; x_wconf 88' lang='lat' dir='ltr'>baptismi</span> <span class='ocrx_word' id='word_1_181' title='bbox 247 1642 329 1694; x_wconf 85' lang='lat' dir='ltr'>debeat</span> <span class='ocrx_word' id='word_1_182' title='bbox 343 1641 392 1693; x_wconf 86' lang='lat' dir='ltr'>deri</span> <span class='ocrx_word' id='word_1_183' title='bbox 403 1643 487 1694; x_wconf 90' lang='lat' dir='ltr'>mentio</span> <span class='ocrx_word' id='word_1_184' title='bbox 501 1643 529 1692; x_wconf 88' lang='lat' dir='ltr'>de</span> <span class='ocrx_word' id='word_1_185' title='bbox 541 1641 648 1706; x_wconf 87' lang='lat' dir='ltr'>passione</span> <span class='ocrx_word' id='word_1_186' title='bbox 662 1640 754 1691; x_wconf 81' lang='lat' dir='ltr'>Christi.</span> 
     </span>
    </p>

    <p class='ocr_par' dir='ltr' id='par_1_6' title="bbox 60 1711 847 2052">
     <span class='ocr_line' id='line_1_21' title="bbox 87 1711 847 1778; baseline 0 -16"><span class='ocrx_word' id='word_1_187' title='bbox 87 1717 106 1764; x_wconf 83' lang='lat' dir='ltr'>t.</span> <span class='ocrx_word' id='word_1_188' title='bbox 119 1716 247 1778; x_wconf 82' lang='lat' dir='ltr'>Praeterea,</span> <span class='ocrx_word' id='word_1_189' title='bbox 264 1727 350 1765; x_wconf 90' lang='lat' dir='ltr'>nomeu</span> <span class='ocrx_word' id='word_1_190' title='bbox 368 1714 473 1777; x_wconf 64' lang='lat' dir='ltr'>dasium</span> <span class='ocrx_word' id='word_1_191' title='bbox 495 1712 656 1777; x_wconf 83' lang='lat' dir='ltr'>proprietatem</span> <span class='ocrx_word' id='word_1_192' title='bbox 676 1711 718 1762; x_wconf 88' lang='lat' dir='ltr'>rei.</span> <span class='ocrx_word' id='word_1_193' title='bbox 734 1712 778 1762; x_wconf 83' lang='lat' dir='ltr'>Sed</span> <span class='ocrx_word' id='word_1_194' title='bbox 798 1714 847 1763; x_wconf 88' lang='lat' dir='ltr'>tres</span> 
     </span>
     <span class='ocr_line' id='line_1_22' title="bbox 60 1783 844 1852; baseline 0.003 -18"><span class='ocrx_word' id='word_1_195' title='bbox 60 1790 102 1834; x_wconf 88' lang='lat' dir='ltr'>sunt</span> <span class='ocrx_word' id='word_1_196' title='bbox 114 1787 263 1852; x_wconf 89' lang='lat' dir='ltr'>proprietates</span> <span class='ocrx_word' id='word_1_197' title='bbox 275 1786 406 1850; x_wconf 85' lang='lat' dir='ltr'>personales</span> <span class='ocrx_word' id='word_1_198' title='bbox 423 1784 550 1836; x_wconf 83' lang='lat' dir='ltr'>diuinamm</span> <span class='ocrx_word' id='word_1_199' title='bbox 566 1796 727 1848; x_wconf 68' lang='lat' dir='ltr'>pesonarum,</span> <span class='ocrx_word' id='word_1_200' title='bbox 743 1786 768 1833; x_wconf 88' lang='lat' dir='ltr'>ut</span> <span class='ocrx_word' id='word_1_201' title='bbox 781 1783 805 1833; x_wconf 92' lang='lat' dir='ltr'>iu</span> <span class='ocrx_word' id='word_1_202' title='bbox 824 1784 844 1836; x_wconf 92' lang='lat' dir='ltr'>l.</span> 
     </span>
     <span class='ocr_line' id='line_1_23' title="bbox 60 1853 845 1922; baseline -0.008 -12"><span class='ocrx_word' id='word_1_203' title='bbox 60 1860 107 1918; x_wconf 77' lang='lat' dir='ltr'>pert</span> <span class='ocrx_word' id='word_1_204' title='bbox 116 1859 201 1909; x_wconf 74' lang='lat' dir='ltr'>dimum</span> <span class='ocrx_word' id='word_1_205' title='bbox 211 1861 249 1909; x_wconf 91' lang='lat' dir='ltr'>est</span> <span class='ocrx_word' id='word_1_206' title='bbox 262 1858 319 1922; x_wconf 75' lang='lat' dir='ltr'>(ou.</span> <span class='ocrx_word' id='word_1_207' title='bbox 333 1861 376 1920; x_wconf 72' lang='lat' dir='ltr'>tta,</span> <span class='ocrx_word' id='word_1_208' title='bbox 391 1860 435 1907; x_wconf 88' lang='lat' dir='ltr'>art.</span> <span class='ocrx_word' id='word_1_209' title='bbox 448 1856 491 1920; x_wconf 79' lang='lat'>3).</span> <span class='ocrx_word' id='word_1_210' title='bbox 503 1857 553 1906; x_wconf 88' lang='lat' dir='ltr'>Non</span> <span class='ocrx_word' id='word_1_211' title='bbox 564 1868 617 1916; x_wconf 69' lang='lat' dir='ltr'>erpo</span> <span class='ocrx_word' id='word_1_212' title='bbox 631 1854 699 1906; x_wconf 89' lang='lat' dir='ltr'>debet</span> <span class='ocrx_word' id='word_1_213' title='bbox 714 1853 776 1906; x_wconf 85' lang='lat' dir='ltr'>diui:</span> <span class='ocrx_word' id='word_1_214' title='bbox 792 1855 845 1904; x_wconf 88' lang='lat' dir='ltr'>«tn</span> 
     </span>
     <span class='ocr_line' id='line_1_24' title="bbox 60 1926 846 1993; baseline -0.004 -12"><span class='ocrx_word' id='word_1_215' title='bbox 60 1929 136 1981; x_wconf 82' lang='lat' dir='ltr'>romine</span> <span class='ocrx_word' id='word_1_216' title='bbox 153 1929 244 1993; x_wconf 83' lang='lat' dir='ltr'>Patris,</span> <span class='ocrx_word' id='word_1_217' title='bbox 259 1932 283 1980; x_wconf 88' lang='lat' dir='ltr'>et</span> <span class='ocrx_word' id='word_1_218' title='bbox 299 1927 367 1990; x_wconf 83' lang='lat' dir='ltr'>Fiiii,</span> <span class='ocrx_word' id='word_1_219' title='bbox 381 1931 406 1979; x_wconf 88' lang='lat' dir='ltr'>et</span> <span class='ocrx_word' id='word_1_220' title='bbox 417 1927 516 1993; x_wconf 89' lang='lat' dir='ltr'>spiritus</span> <span class='ocrx_word' id='word_1_221' title='bbox 535 1927 622 1990; x_wconf 79' lang='lat' dir='ltr'>sandi,</span> <span class='ocrx_word' id='word_1_222' title='bbox 637 1943 650 1975; x_wconf 83' lang='lat' dir='ltr'>o</span> <span class='ocrx_word' id='word_1_223' title='bbox 666 1926 724 1978; x_wconf 86' lang='lat' dir='ltr'>sed:</span> <span class='ocrx_word' id='word_1_224' title='bbox 740 1927 794 1979; x_wconf 85' lang='lat' dir='ltr'>uin</span> <span class='ocrx_word' id='word_1_225' title='bbox 804 1939 846 1978; x_wconf 94' lang='lat' dir='ltr'>no·</span> 
     </span>
     <span class='ocr_line' id='line_1_25' title="bbox 60 1999 178 2052; baseline -0.034 0"><span class='ocrx_word' id='word_1_226' title='bbox 60 1999 153 2052; x_wconf 67' lang='lat' dir='ltr'>diuidua.</span> <span class='ocrx_word' id='word_1_227' title='bbox 163 2017 178 2048; x_wconf 87' lang='lat' dir='ltr'>u</span> 
     </span>
    </p>

    <p class='ocr_par' dir='ltr' id='par_1_7' title="bbox 60 2069 847 2205">
     <span class='ocr_line' id='line_1_26' title="bbox 85 2069 846 2136; baseline -0.001 -15"><span class='ocrx_word' id='word_1_228' title='bbox 85 2076 105 2121; x_wconf 82' lang='lat' dir='ltr'>i.</span> <span class='ocrx_word' id='word_1_229' title='bbox 118 2072 245 2135; x_wconf 59' lang='lat' dir='ltr'>mutem,</span> <span class='ocrx_word' id='word_1_230' title='bbox 257 2084 356 2136; x_wconf 83' lang='lat' dir='ltr'>persona</span> <span class='ocrx_word' id='word_1_231' title='bbox 367 2072 443 2122; x_wconf 86' lang='lat' dir='ltr'>Patris</span> <span class='ocrx_word' id='word_1_232' title='bbox 455 2084 502 2122; x_wconf 90' lang='lat' dir='ltr'>non</span> <span class='ocrx_word' id='word_1_233' title='bbox 517 2069 591 2122; x_wconf 83' lang='lat' dir='ltr'>solun</span> <span class='ocrx_word' id='word_1_234' title='bbox 603 2069 741 2134; x_wconf 75' lang='lat' dir='ltr'>significatur</span> <span class='ocrx_word' id='word_1_235' title='bbox 754 2071 846 2122; x_wconf 89' lang='lat' dir='ltr'>nomine</span> 
     </span>
     <span class='ocr_line' id='line_1_27' title="bbox 60 2141 847 2205; baseline 0.004 -15"><span class='ocrx_word' id='word_1_236' title='bbox 60 2141 147 2201; x_wconf 78' lang='lat' dir='ltr'>Putris,</span> <span class='ocrx_word' id='word_1_237' title='bbox 168 2145 210 2194; x_wconf 91' lang='lat' dir='ltr'>sed</span> <span class='ocrx_word' id='word_1_238' title='bbox 225 2143 296 2195; x_wconf 89' lang='lat' dir='ltr'>etiam</span> <span class='ocrx_word' id='word_1_239' title='bbox 312 2143 405 2195; x_wconf 90' lang='lat' dir='ltr'>nomine</span> <span class='ocrx_word' id='word_1_240' title='bbox 419 2142 574 2194; x_wconf 79' lang='lat' dir='ltr'>innascibilis</span> <span class='ocrx_word' id='word_1_241' title='bbox 592 2145 615 2193; x_wconf 88' lang='lat' dir='ltr'>et</span> <span class='ocrx_word' id='word_1_242' title='bbox 629 2143 762 2205; x_wconf 74' lang='lat' dir='ltr'>portitoris.</span> <span class='ocrx_word' id='word_1_243' title='bbox 775 2141 847 2193; x_wconf 82' lang='lat' dir='ltr'>Filius</span> 
     </span>
    </p>
   </div>
   <div class='ocr_carea' id='block_1_3' title="bbox 60 2205 953 2278">
    <p class='ocr_par' dir='ltr' id='par_1_8' title="bbox 60 2205 953 2278">
     <span class='ocr_line' id='line_1_28' title="bbox 60 2205 953 2278; baseline 0.035 -17"><span class='ocrx_word' id='word_1_244' title='bbox 60 2213 117 2264; x_wconf 77' lang='lat' dir='ltr'>rum</span> <span class='ocrx_word' id='word_1_245' title='bbox 125 2213 499 2277; x_wconf 34' lang='lat' dir='ltr'>&amp;dinumerasset</span> <span class='ocrx_word' id='word_1_246' title='bbox 514 2213 848 2278; x_wconf 59' lang='lat' dir='ltr'>smusiaiuetumitusni·</span> <span class='ocrx_word' id='word_1_247' title='bbox 950 2205 953 2214; x_wconf 34' lang='lat'><strong>¹</strong></span> 
     </span>
    </p>
   </div>
   <div class='ocr_carea' id='block_1_4' title="bbox 18 2283 853 2992">
    <p class='ocr_par' dir='ltr' id='par_1_9' title="bbox 59 2283 849 2493">
     <span class='ocr_line' id='line_1_29' title="bbox 59 2283 849 2349; baseline -0.004 -13"><span class='ocrx_word' id='word_1_248' title='bbox 59 2283 107 2336; x_wconf 86' lang='lat' dir='ltr'>n&#39;tus</span> <span class='ocrx_word' id='word_1_249' title='bbox 121 2287 191 2338; x_wconf 89' lang='lat' dir='ltr'>etiam</span> <span class='ocrx_word' id='word_1_250' title='bbox 201 2289 296 2338; x_wconf 85' lang='lat' dir='ltr'>sanutus</span> <span class='ocrx_word' id='word_1_251' title='bbox 307 2289 384 2349; x_wconf 87' lang='lat' dir='ltr'>potest</span> <span class='ocrx_word' id='word_1_252' title='bbox 395 2285 519 2349; x_wconf 75' lang='lat' dir='ltr'>signitimni</span> <span class='ocrx_word' id='word_1_253' title='bbox 532 2284 625 2335; x_wconf 89' lang='lat' dir='ltr'>nomine</span> <span class='ocrx_word' id='word_1_254' title='bbox 638 2284 700 2334; x_wconf 79' lang='lat' dir='ltr'>doni</span> <span class='ocrx_word' id='word_1_255' title='bbox 712 2287 736 2336; x_wconf 89' lang='lat' dir='ltr'>et</span> <span class='ocrx_word' id='word_1_256' title='bbox 750 2285 849 2335; x_wconf 84' lang='lat' dir='ltr'>amoris</span> 
     </span>
     <span class='ocr_line' id='line_1_30' title="bbox 60 2354 845 2422; baseline -0.001 -15"><span class='ocrx_word' id='word_1_257' title='bbox 60 2357 215 2416; x_wconf 77' lang='lat' dir='ltr'>omeedmtts.</span> <span class='ocrx_word' id='word_1_258' title='bbox 229 2357 291 2421; x_wconf 78' lang='lat' dir='ltr'>Ergo</span> <span class='ocrx_word' id='word_1_259' title='bbox 300 2356 388 2409; x_wconf 79' lang='lat' dir='ltr'>ridetur</span> <span class='ocrx_word' id='word_1_260' title='bbox 399 2356 459 2422; x_wconf 86' lang='lat' dir='ltr'>qubd</span> <span class='ocrx_word' id='word_1_261' title='bbox 474 2356 544 2408; x_wconf 88' lang='lat' dir='ltr'>etiam</span> <span class='ocrx_word' id='word_1_262' title='bbox 557 2354 595 2408; x_wconf 86' lang='lat' dir='ltr'>his</span> <span class='ocrx_word' id='word_1_263' title='bbox 608 2355 738 2407; x_wconf 87' lang='lat' dir='ltr'>nominibus</span> <span class='ocrx_word' id='word_1_264' title='bbox 751 2355 845 2418; x_wconf 68' lang='lat' dir='ltr'>amado,</span> 
     </span>
     <span class='ocr_line' id='line_1_31' title="bbox 61 2427 328 2493; baseline 0.007 -17"><span class='ocrx_word' id='word_1_265' title='bbox 61 2427 178 2487; x_wconf 74' lang='lat' dir='ltr'>perimatur</span> <span class='ocrx_word' id='word_1_266' title='bbox 191 2428 328 2493; x_wconf 87' lang='lat' dir='ltr'>baptismus.</span> 
     </span>
    </p>

    <p class='ocr_par' dir='ltr' id='par_1_10' title="bbox 62 2497 852 2706">
     <span class='ocr_line' id='line_1_32' title="bbox 85 2497 850 2564; baseline -0.001 -14"><span class='ocrx_word' id='word_1_267' title='bbox 85 2498 124 2550; x_wconf 87' lang='lat' dir='ltr'>Sed</span> <span class='ocrx_word' id='word_1_268' title='bbox 133 2504 214 2552; x_wconf 88' lang='lat' dir='ltr'>eontra</span> <span class='ocrx_word' id='word_1_269' title='bbox 222 2504 267 2562; x_wconf 86' lang='lat' dir='ltr'>est,</span> <span class='ocrx_word' id='word_1_270' title='bbox 279 2500 340 2564; x_wconf 77' lang='lat' dir='ltr'>quod</span> <span class='ocrx_word' id='word_1_271' title='bbox 350 2499 460 2551; x_wconf 81' lang='lat' dir='ltr'>Dominus</span> <span class='ocrx_word' id='word_1_272' title='bbox 473 2498 529 2549; x_wconf 88' lang='lat' dir='ltr'>dicit</span> <span class='ocrx_word' id='word_1_273' title='bbox 539 2498 660 2560; x_wconf 81' lang='lat' dir='ltr'>,Muttd.‚</span> <span class='ocrx_word' id='word_1_274' title='bbox 669 2497 711 2549; x_wconf 90' lang='lat' dir='ltr'>ult.</span> <span class='ocrx_word' id='word_1_275' title='bbox 723 2511 730 2547; x_wconf 75' lang='grc' dir='ltr'><strong><em>ε</em></strong></span> <span class='ocrx_word' id='word_1_276' title='bbox 742 2498 850 2549; x_wconf 72' lang='lat' dir='ltr'>«Euntes</span> 
     </span>
     <span class='ocr_line' id='line_1_33' title="bbox 62 2566 852 2635; baseline -0.003 -15"><span class='ocrx_word' id='word_1_277' title='bbox 62 2566 130 2620; x_wconf 73' lang='lat' dir='ltr'>doses</span> <span class='ocrx_word' id='word_1_278' title='bbox 150 2584 230 2622; x_wconf 90' lang='lat' dir='ltr'>omnes</span> <span class='ocrx_word' id='word_1_279' title='bbox 248 2574 341 2635; x_wconf 77' lang='lat' dir='ltr'>gentes,</span> <span class='ocrx_word' id='word_1_280' title='bbox 360 2569 505 2635; x_wconf 80' lang='lat' dir='ltr'>baptizantes</span> <span class='ocrx_word' id='word_1_281' title='bbox 522 2582 561 2620; x_wconf 91' lang='lat' dir='ltr'>eos</span> <span class='ocrx_word' id='word_1_282' title='bbox 580 2568 604 2619; x_wconf 93' lang='lat' dir='ltr'>in</span> <span class='ocrx_word' id='word_1_283' title='bbox 618 2568 710 2621; x_wconf 87' lang='lat' dir='ltr'>nomine</span> <span class='ocrx_word' id='word_1_284' title='bbox 723 2567 813 2630; x_wconf 87' lang='lat' dir='ltr'>Patris,</span> <span class='ocrx_word' id='word_1_285' title='bbox 828 2571 852 2620; x_wconf 90' lang='lat' dir='ltr'>et</span> 
     </span>
     <span class='ocr_line' id='line_1_34' title="bbox 63 2637 385 2706; baseline 0.003 -17"><span class='ocrx_word' id='word_1_286' title='bbox 63 2637 117 2703; x_wconf 81' lang='lat' dir='ltr'>iiii,</span> <span class='ocrx_word' id='word_1_287' title='bbox 129 2645 153 2692; x_wconf 89' lang='lat' dir='ltr'>et</span> <span class='ocrx_word' id='word_1_288' title='bbox 166 2641 266 2706; x_wconf 86' lang='lat' dir='ltr'>Spiritus</span> <span class='ocrx_word' id='word_1_289' title='bbox 278 2642 359 2692; x_wconf 77' lang='lat' dir='ltr'>sanob.</span> <span class='ocrx_word' id='word_1_290' title='bbox 369 2658 385 2690; x_wconf 83' lang='lat' dir='ltr'>o</span> 
     </span>
    </p>

    <p class='ocr_par' dir='ltr' id='par_1_11' title="bbox 18 2709 853 2992">
     <span class='ocr_line' id='line_1_35' title="bbox 91 2709 851 2776; baseline -0.004 -14"><span class='ocrx_word' id='word_1_291' title='bbox 91 2712 275 2774; x_wconf 78' lang='lat' dir='ltr'>(Cosmumo.—</span> <span class='ocrx_word' id='word_1_292' title='bbox 282 2714 337 2764; x_wconf 83' lang='lat' dir='ltr'>ttae</span> <span class='ocrx_word' id='word_1_293' title='bbox 351 2716 387 2764; x_wconf 89' lang='lat' dir='ltr'>est</span> <span class='ocrx_word' id='word_1_294' title='bbox 396 2710 539 2764; x_wconf 83' lang='lat' dir='ltr'>conueniens</span> <span class='ocrx_word' id='word_1_295' title='bbox 551 2711 660 2776; x_wconf 87' lang='lat' dir='ltr'>baptismi</span> <span class='ocrx_word' id='word_1_296' title='bbox 673 2712 746 2762; x_wconf 86' lang='lat' dir='ltr'>torma</span> <span class='ocrx_word' id='word_1_297' title='bbox 759 2724 764 2758; x_wconf 96' lang='lat'><strong>:</strong></span> <span class='ocrx_word' id='word_1_298' title='bbox 778 2723 792 2757; x_wconf 81' lang='lat' dir='ltr'>a</span> <span class='ocrx_word' id='word_1_299' title='bbox 802 2709 851 2773; x_wconf 76' lang='lat' dir='ltr'>ligo</span> 
     </span>
     <span class='ocr_line' id='line_1_36' title="bbox 65 2780 851 2847; baseline -0.008 -15"><span class='ocrx_word' id='word_1_300' title='bbox 65 2781 184 2847; x_wconf 81' lang='lat' dir='ltr'>tsbaptino</span> <span class='ocrx_word' id='word_1_301' title='bbox 198 2784 223 2836; x_wconf 93' lang='lat' dir='ltr'>in</span> <span class='ocrx_word' id='word_1_302' title='bbox 241 2783 333 2835; x_wconf 89' lang='lat' dir='ltr'>nomine</span> <span class='ocrx_word' id='word_1_303' title='bbox 351 2784 440 2847; x_wconf 88' lang='lat' dir='ltr'>Patris,</span> <span class='ocrx_word' id='word_1_304' title='bbox 451 2786 477 2834; x_wconf 91' lang='lat' dir='ltr'>et</span> <span class='ocrx_word' id='word_1_305' title='bbox 494 2781 560 2845; x_wconf 89' lang='lat' dir='ltr'>Filii,</span> <span class='ocrx_word' id='word_1_306' title='bbox 572 2787 596 2835; x_wconf 87' lang='lat' dir='ltr'>et</span> <span class='ocrx_word' id='word_1_307' title='bbox 615 2783 714 2847; x_wconf 87' lang='lat' dir='ltr'>Spiritus</span> <span class='ocrx_word' id='word_1_308' title='bbox 737 2780 851 2840; x_wconf 83' lang='lat' dir='ltr'>saneti,o</span> 
     </span>
     <span class='ocr_line' id='line_1_37' title="bbox 18 2849 853 2922; baseline -0.005 -19"><span class='ocrx_word' id='word_1_309' title='bbox 18 2868 19 2871; x_wconf 43' lang='lat'>¹</span> <span class='ocrx_word' id='word_1_310' title='bbox 66 2849 110 2902; x_wconf 80' lang='lat' dir='ltr'>rium</span> <span class='ocrx_word' id='word_1_311' title='bbox 119 2853 142 2904; x_wconf 91' lang='lat' dir='ltr'>in</span> <span class='ocrx_word' id='word_1_312' title='bbox 152 2869 179 2907; x_wconf 83' lang='lat' dir='ltr'>ea</span> <span class='ocrx_word' id='word_1_313' title='bbox 192 2855 299 2922; x_wconf 84' lang='lat' dir='ltr'>baptismi</span> <span class='ocrx_word' id='word_1_314' title='bbox 311 2868 392 2917; x_wconf 85' lang='lat' dir='ltr'>eausa,</span> <span class='ocrx_word' id='word_1_315' title='bbox 405 2859 456 2906; x_wconf 90' lang='lat' dir='ltr'>tum</span> <span class='ocrx_word' id='word_1_316' title='bbox 470 2853 599 2918; x_wconf 79' lang='lat' dir='ltr'>precipue,</span> <span class='ocrx_word' id='word_1_317' title='bbox 613 2858 662 2906; x_wconf 90' lang='lat' dir='ltr'>turn</span> <span class='ocrx_word' id='word_1_318' title='bbox 674 2849 853 2906; x_wconf 84' lang='lat' dir='ltr'>instrumentalis</span> 
     </span>
     <span class='ocr_line' id='line_1_38' title="bbox 18 2925 390 2992; baseline -0.005 -13"><span class='ocrx_word' id='word_1_319' title='bbox 18 2940 19 2967; x_wconf 66' lang='lat'>³</span> <span class='ocrx_word' id='word_1_320' title='bbox 68 2926 218 2982; x_wconf 69' lang='lat' dir='ltr'>corrodentes</span> <span class='ocrx_word' id='word_1_321' title='bbox 230 2925 390 2992; x_wconf 70' lang='lat' dir='ltr'>exprimatur.)</span> 
     </span>
    </p>
   </div>
   <div class='ocr_carea' id='block_1_5' title="bbox 0 0 996 3284">
    <p class='ocr_par' dir='ltr' id='par_1_12' title="bbox 0 0 996 3284">
     <span class='ocr_line' id='line_1_39' title="bbox 0 0 996 3284; baseline 0 0"><span class='ocrx_word' id='word_1_322' title='bbox 0 0 996 3284; x_wconf 95' lang='lat' dir='ltr'> </span> 
     </span>
    </p>
   </div>
  </div>
 </body>
</html>
