1942 3284
141 194 172 241 26
332 203 392 242 rans
408 204 449 254 ιιι,
465 202 559 253 consa.
573 203 627 255 uxr,
641 203 694 242 ans.
711 204 746 244 rr.

140 278 165 328 in
179 279 271 331 homine
290 278 499 343 matiscentium,
512 280 537 330 in
552 282 639 331 tautum
658 279 718 343 quta
734 280 820 330 ratione
838 281 959 338 hominis

141 363 183 414 ρει
202 354 318 414 pocmtum
338 350 495 415 obtenebrata,
511 365 557 402 nou
575 350 705 402 sufficerent
724 350 812 402 homini
828 352 863 401 ad
888 357 960 409 recte

141 421 264 473 uiuendum
278 428 390 487 precepta
399 421 457 486 legis
473 425 570 484 naturae,
581 424 621 475 scd
632 422 778 474 necesseluit
794 422 961 476 determinari

140 498 253 559 praecepta
264 494 288 544 iu
301 495 351 559 lege
363 496 454 559 scripta,
464 499 488 546 ct
497 510 548 545 cum
562 496 598 545 his
608 496 710 559 quasdam
723 495 775 545 fidei
786 503 956 550 sacramenta.

141 566 263 631 Oportebat
280 567 349 617 etiam
361 566 420 630 qudd
433 580 475 631 ρει
489 566 626 618 incrementa
638 571 765 631 temporum
778 567 855 630 magis
872 571 961 635 expli-

142 641 230 689 mrctm
243 638 343 701 cognitio
361 638 429 703 fidei,
444 640 512 703 quia,
529 643 555 689 ut
571 639 690 703 Gregorius
703 640 758 689 dicit
773 638 874 702 (homil.
887 643 958 692 XVI.

141 724 219 775 snper
234 710 322 761 Erech.
333 711 380 775 ),a
398 725 438 776 per
456 711 598 761 incrementa
617 715 743 775 temporum
761 710 831 761 creuit
860 712 959 765 divine

143 782 278 846 cognitionis
290 788 445 847 augmentum.
458 800 472 831 ι)
486 785 515 833 Et
529 783 580 835 ideo
593 784 662 835 etiam
673 796 768 835 necesse
786 780 829 833 luit
844 783 918 847 quod
932 785 958 834 in

142 853 214 905 reteri
222 855 271 919 lege
280 856 382 918 quedam
392 859 533 905 sacramenta
542 854 604 919 fidei,
618 868 685 920 quam
695 854 808 905 habebant
816 854 847 905 de
858 856 962 907 Christo

143 930 250 990 rentum,
262 925 474 977 determinarentur.
485 926 541 985 Qua
552 927 642 989 quidem
658 930 814 989 comparantur
828 926 862 977 ad
877 941 961 977 sacra-

144 1001 222 1050 menta
237 1012 288 1062 qum
302 997 392 1049 fuerant
406 1003 457 1050 ante
466 999 539 1061 legem
552 997 611 1048 sicut
621 998 793 1049 determinatum
806 998 835 1047 ad
847 998 961 1050 indeter-

145 1069 266 1133 minatum,
281 1069 334 1134 quia
345 1069 430 1121 scihcet
443 1073 497 1120 ante
514 1070 589 1133 legem
601 1082 646 1120 non
664 1069 707 1119 luit
718 1068 876 1121 determinate
895 1084 961 1135 prae·

146 1141 215 1191 lixum
233 1140 320 1192 homini
333 1140 415 1205 quihus
429 1140 577 1191 sacramentis
593 1142 703 1204 uteretur,
722 1141 780 1191 sicut
794 1138 839 1189 luit
854 1155 903 1205 per
922 1143 959 1193 le-

146 1224 214 1275 gem3
229 1213 289 1275 quod
299 1215 348 1261 erat
358 1212 550 1273 necessarium,et
560 1217 654 1275 propter
661 1210 880 1263 obtenebrationem
898 1212 960 1277 legis

147 1284 266 1346 nuturalis,
283 1286 306 1335 et
319 1288 345 1334 nt
356 1287 418 1334 esset
430 1283 599 1334 determinatim
612 1282 664 1333 fidei
675 1282 818 1347 significatio.

180 1355 213 1405 hd
233 1355 327 1406 tertium
343 1354 479 1417 dicendum,
496 1354 555 1419 qudd
575 1359 739 1405 sacramentum
758 1354 954 1419 Melchisedech,

149 1428 209 1491 quod
220 1427 264 1477 tuit
276 1432 328 1478 ante
336 1427 419 1492 legem,
428 1428 500 1490 magis
513 1426 650 1477 assimilatur
660 1430 799 1477 sacramento
810 1440 885 1480 novae
898 1428 959 1492 legis

148 1499 173 1548 in
184 1500 278 1551 materia
286 1536 295 1563 ,
308 1500 334 1550 in
348 1505 456 1563 quantum
469 1500 557 1550 scilicet
572 1514 586 1546 a
600 1498 682 1549 ohtulit
692 1511 776 1563 panem
790 1502 813 1548 et
827 1499 954 1563 vinnm‚»

150 1574 177 1621 ut
192 1573 289 1622 hahetur
303 1572 400 1629 Gerros,
413 1572 475 1636 xlv3
489 1571 547 1621 sicut
560 1570 630 1621 etiam
651 1570 786 1621 sacrificium
806 1582 877 1623 novae
894 1572 955 1637 legis

151 1642 264 1694 oblatione
285 1642 350 1708 paris
372 1647 396 1693 et
414 1642 463 1692 riui
485 1641 609 1707 perficitur.
632 1643 773 1693 Sacrarmma
795 1644 880 1693 tamen
900 1643 958 1707 legis

151 1715 253 1767 hlosaicae
267 1715 337 1780 magis
356 1716 510 1766 assimilantur
523 1716 556 1767 rei
569 1715 700 1778 significate
716 1727 756 1779 ρει
772 1720 955 1775 sacramentum,

152 1787 239 1837 scilicet
257 1787 358 1851 passioni
376 1787 473 1851 Christi,
490 1790 515 1837 ut
530 1790 593 1850 patet
613 1788 641 1837 de
660 1798 719 1844 agno
732 1785 834 1850 paschali
852 1792 879 1837 et
906 1786 956 1837 aliis

152 1858 297 1923 hujusmodi3
308 1862 332 1909 et
340 1860 384 1909 hoc
393 1858 455 1920 ideo,
467 1871 496 1908 ne
508 1862 600 1922 propter
609 1856 780 1907 continuitatem
794 1859 920 1923 temporis,
935 1857 955 1907 si

142 1933 295 1993 ‘permaneret
312 1930 391 1981 eadem
407 1933 598 1979 sacramentorum
621 1927 725 1993 species,
742 1928 860 2000 rideretur
879 1942 955 1981 sacra·

154 2000 225 2053 menti
237 2002 341 2067 ejusdem
353 2014 404 2052 esse
417 1999 568 2051 continuatio.

445 2179 602 2231 hflTlCULUS
618 2180 656 2230 lv.

187 2309 272 2354 Uti-dm
278 2311 331 2366 post
346 2305 467 2353 Christum
476 2306 600 2352 demerim
609 2320 657 2353 esee
667 2308 749 2365 aliquo
762 2315 926 2356 sacramenta.

187 2438 220 2488 ho
231 2438 335 2501 quanam
348 2432 382 2483 sic
393 2432 521 2497 proceditur
532 2433 577 2499 (1).
591 2434 683 2485 Videtur
695 2434 755 2499 quod
767 2438 819 2498 post
835 2437 952 2487 Christum

155 2521 202 2558 non
216 2505 390 2565 dehuerintesse
399 2502 474 2567 aliqua
486 2510 634 2556 sacramenta.
647 2507 753 2557 Veniente
765 2505 826 2557 enim
837 2507 950 2569 veritate,

154 2581 220 2631 dehet
234 2590 323 2629 cessare
338 2576 418 2639 ligura.
432 2578 476 2628 Sed
489 2579 585 2643 agralia
596 2582 620 2629 et
635 2577 720 2629 ueritas
730 2592 770 2642 ρει
780 2579 862 2630 lesum
872 2579 952 2629 Chris·

154 2654 202 2700 tum
214 2650 274 2700 lacta
291 2652 339 2711 est,
357 2664 371 2696 u
386 2652 410 2699 nt
427 2648 509 2699 dicitur
522 2650 604 2708 Joorr„
617 2651 636 2699 1.
651 2648 708 2700 Cdm
724 2650 792 2715 igitur
809 2652 950 2701 sacramenta

184 2810 219 2875 (1)
232 2815 265 2861 lte
280 2815 316 2861 his
325 2815 396 2861 etiam
407 2817 450 2875 Π,
463 2816 542 2867 stoc,
555 2817 607 2863 dist.
627 2815 655 2874 l,
670 2828 709 2873 qu.
723 2814 752 2874 l,
766 2820 810 2861 art.
823 2814 853 2875 fl,
868 2822 945 2871 ques

151 2876 224 2923 um·
236 2875 266 2933 ὗε
282 2883 306 2924 θῑ
316 2879 371 2924 dist.
383 2879 412 2939 ἱ,
426 2886 469 2926 art.
481 2878 511 2938 l,
526 2881 662 2937 quastione.
676 2877 702 2934 l;
714 2884 739 2925 et
753 2878 843 2925 contro
858 2878 941 2924 Geato
956 2882 957 2911 ³

150 2938 194 2988 llll.
207 2942 254 3001 lv,
266 2953 319 3001 cap.
331 2941 372 2988 tr.
