1942 3284
141 165 189 210 228
314 173 374 214 PARS
389 174 431 224 iii,
448 173 540 218 QUAEST·
557 173 630 224 mii,
646 173 703 212 aar.
721 173 764 212 vit.

174 251 208 300 dd
225 248 323 314 primum
335 263 390 312 ergo
413 249 546 313 dicendum,
559 251 619 314 quod
639 251 717 314 gratie
732 252 818 314 gratum
833 248 925 299 facientis
946 297 947 302 ,

142 323 229 388 primus
248 321 341 372 effectus
362 326 397 372 est
420 322 525 373 remissio
543 324 624 388 culpe.
646 323 720 373 Habet
744 327 816 374 tamen
836 325 860 372 et
880 322 925 370 aiios

142 396 252 456 effectus,
267 395 320 457 quia
342 394 428 445 suffieit
442 397 527 446 adhoc
545 395 604 459 quod
622 398 757 460 promoveat
772 396 883 446 honinem
895 408 926 458 per

143 480 223 518 omnes
234 467 316 528 gradm
328 481 401 530 usque
412 467 437 517 iu
450 468 521 518 vitam
532 473 648 532 aternam,
659 467 784 519 secundum
793 469 845 518 iilud
857 469 925 520 itonc,

143 541 173 588 vi
188 555 194 588 :
211 556 225 587 ιι
236 539 311 589 Gratia
329 539 369 590 liei
387 541 435 590 rita
447 543 540 590 emma.
557 557 570 587 u
587 541 652 591 Unde
670 543 693 591 et
706 541 778 591 Paulo
791 540 874 590 dicium
887 541 926 596 est,

143 612 172 660 ii.
185 612 255 667 Cor„
266 612 307 662 xii
320 626 326 662 ι
343 611 455 662 «Sufficit
466 613 508 662 tibi
520 613 591 674 gratia
605 626 663 662 mea.
674 629 687 660 n
702 614 731 663 Et
743 612 791 677 ipse
805 613 865 662 dese
874 609 925 668 dicit,

143 683 310 742 1.Cor.,xv:
324 683 421 734 «Gratia
434 683 474 734 Dei
489 697 540 734 sum
553 684 577 734 id
587 686 647 747 quod
659 699 718 734 sam.
730 701 745 731 n
763 683 790 734 Et
807 683 857 734 ideo
869 681 926 745 gratia
948 711 949 714 κ

144 759 232 820 gratum
249 757 335 807 iaciens
350 770 396 807 uon
408 755 481 807 soiirm
499 757 565 807 datur
581 757 609 806 ad
625 757 782 808 remissionem
796 757 879 819 culpe,
898 751 925 802 ssd

144 829 250 879 etiamad
261 833 405 892 augmentum
418 833 441 879 et
453 828 618 879 firmamentum
630 829 734 894 justitia.
748 830 777 880 Et
785 829 818 879 sic
827 828 927 878 confertur

145 901 169 950 iu
182 903 226 951 hoc
243 905 392 950 sacramento.

177 974 341 1024 ddseouudum
356 973 484 1028 dicendum.
501 971 560 1035 quod
573 973 642 1034 sicut,
658 986 686 1023 er
695 973 746 1037 ipso
759 975 848 1024 nomine
866 982 928 1035 appa·
946 953 951 970 ⁶

145 1049 196 1105 ret,
213 1048 257 1096 hoc
272 1049 439 1096 sacramentum
451 1045 517 1094 datur
528 1046 556 1095 ad
570 1045 749 1096 confirmandum
763 1047 822 1110 quod
835 1042 929 1110 priisin·
950 1071 951 1074 =

144 1118 249 1179 renerit3
264 1122 288 1168 et
303 1118 354 1168 ideo
369 1131 414 1167 non
427 1117 495 1167 debet
508 1115 556 1165 dari
573 1116 611 1165 his
626 1116 664 1180 qui
677 1129 723 1165 non
738 1118 823 1167 habeut
839 1116 927 1181 gratian.
950 1143 951 1168 ι

144 1191 174 1239 Et
186 1193 279 1254 propter
286 1191 337 1252 hoo,
353 1189 412 1238 sicut
425 1201 471 1238 nou
490 1188 555 1238 datur
569 1201 614 1237 nou
631 1188 758 1252 baptizatis,
769 1189 801 1238 ita
816 1202 859 1239 non
875 1186 929 1236 debet

145 1262 194 1312 dari
208 1261 291 1311 adultis
299 1259 518 1326 peccatoribus,uisi
531 1271 572 1322 per
584 1258 740 1322 penitentiam
752 1260 869 1324 reparatis.
877 1257 928 1306 unu

145 1332 227 1382 dicitur
238 1334 264 1382 iu
276 1331 555 1382 Aurelianensiconcilio:
570 1348 583 1378 u
591 1332 620 1380 Ut
628 1331 704 1395 jejuni
713 1332 741 1381 ad
751 1330 927 1382 confirmationem
950 1369 951 1388 ,

145 1405 254 1464 venient,
271 1408 296 1454 nt
310 1407 443 1454 moneantur
459 1403 626 1454 contessionem
643 1404 717 1454 faeere
736 1403 814 1468 prius,
827 1409 850 1454 ut
863 1397 928 1452 muudi
950 1429 951 1458 5

146 1475 230 1526 donum
248 1475 346 1538 Spiritus
366 1474 439 1524 saneti
458 1473 549 1524 valeant
566 1474 705 1538 accipere.»
723 1476 752 1526 Et
771 1481 825 1526 tunc
846 1489 884 1540 per
895 1473 928 1521 ior

146 1550 312 1596 sacramentum
325 1545 440 1610 perficitur
452 1545 592 1610 poeuiteutiae
607 1545 674 1596 effect
664 1551 711 1608 tus
721 1547 780 1596 sicut
790 1553 813 1598 et
826 1543 926 1611 baptismi,

145 1619 198 1682 quia
220 1632 261 1684 ner
280 1618 374 1682 gratiam
393 1618 525 1667 collatam
518 1631 542 1666 ιιι
561 1619 606 1668 hoe
621 1623 778 1679 sacramento,
801 1615 951 1679 consequitur

145 1691 261 1753 poenitens
273 1691 397 1755 pleniorem
406 1689 565 1739 remissionem
579 1689 674 1753 peccati.
686 1689 746 1738 Et
728 1705 748 1739 ιι
761 1659 842 1753 aliquis
852 1687 928 1738 adultus

146 1763 171 1812 in
188 1767 282 1826 peccato
299 1763 412 1823 existens,
428 1763 494 1826 cujus
513 1762 676 1812 conscientiam
698 1776 743 1812 non
761 1764 844 1820 habet,
862 1753 929 1808 reiu'

146 1834 215 1884 etiam
232 1847 277 1883 uon
300 1832 400 1896 perfecte
418 1831 530 1881 contritus
549 1833 655 1892 accedat,
673 1833 793 1883 dummodo
813 1845 856 1884 non
875 1829 929 1878 fictus

147 1906 254 1966 accedat,
268 1902 413 1967 pergratiam
426 1902 550 1952 collatam
544 1917 568 1953 ιιι
581 1905 624 1954 hoc
638 1909 779 1955 sacramento
794 1903 929 1965 consequetur

147 1975 303 2026 remissionem
319 1979 472 2038 peccatorum.

179 2048 212 2096 nd
223 2047 315 2096 tertium
323 2044 442 2096 dicendum
446 2046 526 2111 quod
535 2048 593 2098 sicut
604 2050 733 2099 dictumest
745 2050 794 2114 (qu.
807 2053 844 2108 ti,
852 2048 890 2096 art.
900 2039 927 2102 t)

147 2118 219 2181 qratia
242 2117 413 2167 sacramentalis
434 2118 496 2168 addit
515 2133 584 2184 snper
606 2121 701 2182 gratiam
719 2127 806 2184 gratum
823 2117 926 2168 facientem

146 2189 297 2240 communiter
310 2194 437 2253 sumptam,
452 2191 537 2254 aliquid
550 2191 681 2241 effectivum
695 2191 799 2255 specialis
810 2187 897 2241 enectus
907 2179 926 2229 td

146 2262 206 2323 quod
219 2261 336 2311 ordinatur
348 2266 522 2312 sacramentum.
540 2262 563 2312 Si
582 2275 635 2324 ergo
650 2265 805 2312 consideretur
827 2258 913 2328 gratia
909 2252 926 2299 iu

146 2334 189 2381 hoc
200 2335 341 2382 sacramento
354 2331 435 2382 coliata
448 2333 557 2396 quantiam
571 2335 599 2384 ad
612 2334 633 2383 id
646 2336 706 2397 quod
720 2334 925 2390 ostendamusque

144 2415 186 2465 per
199 2403 243 2451 hoc
257 2409 420 2452 sacramentum
442 2416 488 2453 nou
505 2403 620 2454 eontertur
638 2405 712 2468 atiquo
734 2405 777 2454 aiia
792 2403 858 2468 qratia
870 2395 951 2462 quinq

143 2486 186 2537 per
206 2473 359 2538 baptismum,
379 2474 418 2525 sed
443 2488 494 2538 quae
511 2474 574 2538 prins
597 2475 684 2538 inerat,
701 2480 803 2540 augetur
824 2474 846 2524 Si
863 2472 924 2520 autu

143 2543 299 2594 consideretur
314 2543 423 2609 quantiam
442 2547 470 2595 ad
482 2546 536 2596 iilud
550 2547 646 2611 speciale
658 2547 718 2611 quod
733 2544 889 2611 superadditur,
899 2533 923 2584 sit

147 2627 193 2666 uon
213 2620 248 2666 est
262 2617 363 2680 ejusdem
374 2618 460 2683 speciei
473 2631 524 2668 eum
536 2618 596 2683 ipsa
