1942 3284
253 205 284 242 btt
299 205 456 242 SACBAHENTO
472 206 643 242 ΡΟΙΗΠΕΝΤΙΕ.
800 210 844 257 875

46 280 83 345 qui
101 281 135 332 ita
150 293 179 332 se
193 281 277 330 babent
290 280 314 329 in
324 281 367 330 boc
377 284 531 341 sacramento,
545 280 602 330 sicut
613 293 671 344 aqua
684 282 708 330 in
720 282 840 344 baptismo,

46 351 80 404 rel
92 349 200 402 chrisma
211 350 235 400 in
245 347 421 400 confirmatione.
436 350 475 400 Est
485 355 561 399 autem
570 351 806 413 attendendumqudd
818 353 843 401 in

47 422 96 472 aliis
109 421 276 482 sacramentis,
290 420 315 469 in
335 421 416 484 qrribus
434 421 548 470 confertur
567 422 680 472 excellens
697 423 780 484 gratia,
793 437 844 485 quac

45 492 216 557 superabundat
227 503 316 542 omnem
328 491 459 540 facultatem
469 491 564 540 hnmani
580 491 659 554 actds,
674 491 793 542 adhibetur
801 493 844 542 att·

45 575 86 626 qua
98 559 228 626 corporalis
238 561 331 610 materia
339 559 439 610 arteriis
447 595 454 622 ,
463 561 522 610 sicut
531 559 555 609 in
566 561 689 624 baptismo,
699 566 724 611 ut
737 562 766 611 sit
778 562 845 624 piena

44 632 147 683 remissio
162 635 324 696 peccatorum,
342 635 365 680 et
377 635 485 694 quantum
500 631 528 681 ad
548 631 638 695 cuipam
652 637 676 682 et
692 637 801 696 quantum
816 633 845 680 ud

44 715 150 766 paenam3
172 706 198 753 ct
214 700 240 752 in
259 701 445 762 condimetioue,
464 701 504 751 ubi
523 702 589 752 datur
607 699 725 767 plenitudo
747 701 845 765 Spiritus

47 772 133 836 saucti3
148 774 175 823 et
189 771 214 822 io
224 775 324 822 extrema
336 771 453 830 unctione,
466 771 506 822 ubi
519 772 634 822 coutamur
646 772 749 836 perfecta
763 771 848 821 sanius

46 841 188 907 spiritualis,
203 853 253 906 qua
265 839 368 906 provenit
381 851 409 892 ex
421 841 505 893 uirtute
519 841 620 904 cbristi,
632 840 698 906 quasi
707 854 737 892 ex
747 844 846 906 quodam

45 911 176 964 extrinseco
188 907 391 976 principioeuude
402 909 470 975 siqui
480 913 648 962 actusbumaui
662 917 716 962 sunt
728 911 752 961 iu
763 912 848 962 tatibus

47 983 212 1045 sacramentis,
226 995 271 1033 non
290 987 343 1032 sunt
357 982 385 1033 de
399 984 500 1033 essentia
518 987 725 1046 sacramentorum,
739 984 781 1032 sed
799 982 847 1032 dis-

47 1053 187 1116 positionem
204 1054 288 1103 babeut
301 1054 329 1103 ad
343 1057 492 1104 sacramenta.
501 1054 529 1103 in
545 1053 591 1104 iliis
605 1058 680 1104 autem
700 1052 847 1102 sacramentis

45 1138 93 1188 qua
108 1125 201 1175 bahem
219 1123 325 1174 eductum
336 1124 550 1188 correspondentem
563 1123 669 1174 humanis
683 1124 772 1173 actibus
779 1157 788 1185 ,
800 1121 847 1186 ipsi

47 1198 107 1244 actus
119 1192 222 1244 humani
234 1192 353 1243 sensibiles
363 1197 416 1244 sunt
428 1193 478 1244 ioco
488 1191 596 1256 materiae,
605 1198 632 1243 ut
642 1193 725 1242 accidit
737 1191 761 1241 iu
773 1193 847 1256 poeni·

47 1265 115 1314 tantm
129 1268 156 1316 et
178 1263 341 1315 matrimonio:
358 1265 416 1315 sicut
430 1265 500 1315 etiam
518 1265 543 1314 iu
561 1263 679 1316 medicinis
694 1264 846 1327 corporalibus

47 1337 148 1397 medam
164 1339 221 1386 suut
239 1348 276 1386 res
288 1335 388 1385 extaribs
405 1335 511 1386 adbibita
518 1371 527 1398 ,
543 1336 603 1385 sicut
615 1337 737 1399 emplastra
749 1342 773 1384 et
785 1335 846 1385 elec·

48 1407 133 1468 tuaria3
150 1407 257 1469 quadam
271 1404 326 1454 vend
339 1409 394 1456 sunt
407 1409 471 1455 actus
484 1406 650 1468 sanandorum,
668 1403 725 1470 puta
737 1405 848 1456 exercita-

48 1475 121 1526 tiones
135 1477 252 1540 quadam.

79 1546 113 1600 ed
130 1547 258 1600 secuudum
271 1546 398 1609 dicendum,
415 1546 475 1609 qubd
491 1550 518 1597 in
535 1547 745 1611 armamentisque
762 1549 847 1598 babent

51 1618 189 1685 corporalem
204 1616 333 1678 materiam,
346 1623 435 1680 oportet
451 1617 511 1680 quod
524 1617 562 1668 iila
579 1617 672 1668 materia
690 1617 847 1668 adhibeatur'a

51 1690 154 1742 ministro
175 1689 300 1752 Ecclesia,
313 1689 353 1752 qui
372 1687 430 1752 gerit
452 1703 571 1752 personam
592 1689 691 1752 christi,
707 1690 732 1739 in
757 1691 847 1752 sigumn

52 1759 256 1821 qubdexcelleutia
264 1758 355 1809 uirtutis
363 1759 388 1808 in
398 1764 538 1811 sacramento
547 1761 663 1823 operantis
674 1764 710 1810 est
722 1761 734 1807 a
744 1760 845 1809 Christo.

53 1829 76 1878 ln
87 1834 231 1882 sacramento
242 1834 316 1880 autem
327 1829 468 1892 paenitentiae
482 1827 552 1893 (sicut
565 1829 703 1892 dictumest)
717 1832 771 1878 sunt
783 1835 847 1879 actus

52 1899 144 1950 humani
155 1915 199 1966 pro
213 1901 318 1961 materia,
335 1900 374 1962 qui
388 1900 526 1962 proveniunt
539 1914 568 1950 ex
579 1900 729 1964 inspiratione
742 1898 845 1948 iuterna:

53 1971 110 2022 uude
130 1971 227 2024 materia
247 1983 294 2021 non
307 1971 451 2020 adhibebunt
466 1971 585 2034 ministro,
603 1973 643 2022 sed
657 1967 670 2020 i
686 1973 732 2022 beu
752 1969 848 2021 iuteribs

53 2047 175 2107 operunie3
192 2042 232 2092 sed
249 2042 440 2105 complementum
462 2043 599 2092 sacramenti
618 2043 709 2092 exbibet
731 2041 847 2105 minister,

52 2109 103 2161 dum
117 2113 270 2177 poeniteutem
283 2110 384 2162 absolvit.

82 2183 114 2232 nd
124 2183 220 2234 tertium
229 2182 363 2245 dicendum,
378 2181 438 2245 qubd
453 2181 556 2232 etiamid
569 2181 704 2248 penitentia
717 2185 753 2232 est
763 2180 848 2245 aliquid

52 2253 110 2314 quod
123 2258 159 2304 est
173 2255 360 2303 sacromentum
371 2253 470 2301 tantam
478 2290 486 2310 ,
495 2253 582 2304 scilicet
597 2257 662 2303 actus
673 2251 774 2303 cnoenbs
783 2265 849 2302 exer·

54 2319 110 2372 citus
123 2328 169 2374 tam
182 2335 226 2388 per
235 2327 377 2386 peccatorem
388 2323 536 2386 penitentem
554 2323 622 2387 quim
635 2321 704 2373 etiam
717 2334 758 2386 per
773 2333 848 2372 sacer-

53 2391 126 2443 dotem
141 2393 313 2454 absotueutem3
330 2405 370 2441 ree
389 2397 464 2442 autem
477 2397 503 2442 et
518 2396 701 2443 eceromeotum
720 2396 757 2442 est
773 2392 848 2456 poeni·

53 2465 122 2513 tentia
140 2463 236 2516 interior
251 2462 391 2527 peccatoris3
406 2477 445 2511 res
458 2468 535 2514 autem
550 2464 650 2511 tentam
663 2467 688 2511 et
699 2477 747 2511 non
761 2477 848 2510 socr-o·

55 2537 163 2586 uentum
181 2539 219 2586 cst
230 2533 334 2584 remissio
346 2534 443 2597 peccati.
457 2535 557 2592 Quorum
575 2531 673 2595 primum
686 2537 760 2582 totum
779 2532 848 2580 simut
866 2528 869 2533 '

55 2608 167 2667 sumptum
178 2609 289 2656 estcuusa
301 2602 410 2667 secundi;
421 2603 520 2667 primum
534 2606 609 2653 autem
622 2606 646 2651 ct
657 2603 780 2654 secuudum
796 2605 848 2650 sunt

55 2676 216 2730 quodammodo
226 2687 295 2724 causa
305 2674 376 2724 tertii.
