1942 3284
265 237 295 275 nn
310 237 397 274 annrnn
413 235 584 290 securorum,
601 239 652 276 erc.
810 225 855 271 53³

51 313 99 365 cati
113 311 213 363 venialis
224 325 269 363 non
283 312 408 376 requiratur
418 323 477 362 nora
490 311 575 364 inlusio
586 313 707 365 habitualis
719 317 807 379 gratim,
821 331 856 368 re·

52 383 157 450 quiritur
166 387 245 434 tamen
257 381 339 445 aliquis
352 381 519 446 gutierride,
531 383 571 448 qni
587 396 633 434 non
646 388 783 448 potestesse
794 389 855 437 ineo
955 442 960 453 ⁸

52 455 96 519 qui
111 453 218 518 subjacet
231 456 324 517 peccato
338 453 435 503 mortali.

87 525 125 576 nd
138 524 231 576 tertium
245 523 366 574 dicendum
376 559 383 585 ,
394 523 454 586 qudd
467 527 582 588 peccatum
597 525 685 578 veniale
696 541 742 580 non
756 529 856 580 excludit

53 609 151 649 omnem
168 599 243 646 actum
259 594 352 658 gratie,
367 607 488 658 perquem
502 601 597 659 possunt
613 598 689 649 omnia
706 604 799 663 peccata
814 615 854 649 vo-

53 665 127 717 nialia
140 664 236 728 dimitti;
250 665 288 714 sed
297 668 414 726 peccatum
424 665 517 715 mortale
531 665 631 718 excludit
644 668 742 719 totaliter
751 669 854 720 habituro

54 735 154 801 graue,
169 734 218 786 sine
231 746 276 799 quo
288 733 374 784 nulum
385 737 505 797 peceatum
519 736 613 788 mortale
626 736 663 788 eei
676 739 764 792 reniale
775 741 856 792 remit-

53 809 124 859 titur.
140 807 169 857 nt
181 805 232 856 ideo
246 817 292 855 non
306 809 343 855 eat
357 803 438 855 sinodis
450 805 516 857 ratio.

266 1147 428 1217 euasura
445 1147 649 1225 LXXXVIII.

56 1290 95 1337 De
114 1288 199 1335 reditu
217 1291 370 1346 peccatorum
385 1300 432 1346 per
450 1290 621 1346 poeaitentiam
641 1290 856 1343 diminorum&

288 1363 394 1416 quatuor
408 1359 527 1405 articulos
540 1360 631 1406 dicito.

89 1507 179 1558 lieinde
189 1503 374 1556 considerandum
392 1509 427 1556 est
440 1506 468 1556 de
480 1507 554 1558 reditu
569 1513 712 1572 peccatorum
725 1523 766 1574 per
782 1513 856 1577 qeni-

56 1577 155 1629 tentirm
173 1575 325 1628 ilmissorum.
645 1592 651 1606 ·

91 1647 121 1697 Et
134 1647 198 1699 cirea
218 1649 262 1698 hoc
278 1650 407 1711 queruntur
422 1647 518 1710 qlnatuor
537 1664 543 1697 :
562 1652 589 1698 1⁰
606 1650 685 1700 lttrdm
703 1655 796 1714 peccata
814 1665 857 1716 per

57 1716 324 1784 poenitentiamdimissa,
333 1717 426 1768 redeant
439 1716 618 1782 simpliciterper
627 1725 854 1784 sequeusoeceatum.

58 1795 86 1840 2⁰
102 1787 182 1840 litrlm
198 1787 353 1852 aliquomodo
368 1801 410 1852 per
424 1787 611 1851 iugratitudinem
628 1790 722 1839 redeant
736 1789 857 1854 specialius

58 1859 186 1911 secundirm
209 1860 311 1924 quaedam
330 1862 432 1922 peccam.
455 1862 482 1908 ³⁰
502 1857 582 1908 Utnim
601 1864 695 1924 peccata
716 1862 811 1912 redeant
832 1863 856 1912 iu

58 1931 143 1996 aequali
162 1935 233 1981 reatu.
249 1929 365 1980 t⁰lltri1nr
381 1930 420 1980 illa
435 1929 589 1994 ingratitudo,
603 1944 644 1994 per
656 1945 725 1995 quam
742 1933 853 1995 redeunt,

57 2004 90 2054 eit
103 2001 201 2068 speciale
217 2004 345 2066 peccatum.

361 2116 520 2168 antidotus
533 2118 552 2166 I.

117 2239 204 2286 Utrum
211 2243 306 2298 peceato
314 2240 391 2285 divite
399 2240 498 2284 redeant
508 2250 551 2296 per
559 2253 658 2298 aequem
665 2243 801 2298 Immotum.

90 2366 125 2415 dd
145 2363 243 2428 primum
262 2364 295 2415 sic
307 2363 441 2429 proceditur.
456 2364 550 2414 Videtur
569 2363 630 2426 quod
649 2369 741 2429 peecata
763 2367 855 2418 dimissa

58 2437 153 2487 redeant
166 2447 316 2498 persequens
334 2438 459 2498 peccatum.
473 2435 535 2484 llicit
549 2435 611 2484 enim
624 2436 764 2500 augustinus
776 2439 801 2486 in
814 2438 854 2489 lib.

60 2509 97 2556 De
112 2505 253 2569 Baptiemo,
261 2507 348 2553 contro
359 2504 508 2553 Donatistae
520 2503 571 2568 (lib.
582 2505 601 2566 l,
613 2517 666 2570 cap.
677 2507 717 2570 te)
732 2521 739 2555 ε
750 2508 855 2558 «Redire

60 2577 151 2628 dimIssa
173 2579 283 2639 peccata,
298 2574 338 2624 ulti
351 2574 448 2624 fraterna
468 2575 566 2625 chantas
587 2580 697 2637 nonest,
713 2577 856 2641 apertissimi

59 2648 169 2700 Dominus
185 2645 209 2694 iu
231 2645 353 2708 Evangelio
373 2646 438 2696 docet
455 2647 479 2696 in
495 2637 534 2694 illo
557 2645 652 2696 serrod
674 2660 718 2710 quo
738 2646 855 2697 dImissum

60 2718 160 2770 debitum
177 2715 286 2766 Dorulaus
297 2715 393 2778 repetit,
406 2729 433 2766 eo
448 2717 508 2780 quod
521 2716 559 2765 ille
577 2729 689 2768 conservo
703 2731 745 2768 suo
756 2717 855 2767 debitum

61 2789 129 2838 nollet
139 2785 269 2838 demittere.
282 2802 296 2833 u
309 2785 352 2836 Sed
363 2786 463 2836 fraterna
476 2785 574 2836 charitas
587 2785 674 2836 tollitur
686 2800 727 2850 per
739 2786 856 2850 quodlibet

62 2861 177 2924 peccatum
190 2857 292 2907 mortale.
310 2855 368 2919 Ergo
385 2870 425 2920 per
438 2855 554 2922 quodlibet
573 2868 672 2918 sequens
690 2856 784 2906 mormle
798 2870 855 2920 pec·

62 2935 150 2991 catum,
163 2927 258 2978 redeunt
273 2931 360 2990 peccata
374 2927 436 2989 prius
448 2941 489 2991 per
497 2927 654 2990 penitentiam
666 2925 767 2977 dimissa.
