1942 3284
104 150 149 198 'ild
244 158 445 209 suspensurum,
462 156 555 201 onmsr.
573 157 649 207 xvrrr,
665 157 721 193 aar,
742 157 769 195 rr.

105 235 214 300 quantiam
227 235 355 286 adrentum
367 248 441 298 poenae
454 238 557 296 eterne,
574 247 625 297 quae
643 232 709 283 simul
722 245 777 283 eum
795 232 871 299 eulpa
888 236 924 286 d's

103 308 209 371 mittitur,
217 321 247 359 ex
262 306 409 368 riciarium,
422 318 451 355 ex
464 307 571 368 passione
586 302 672 354 Christi
685 302 823 353 efficaciam
832 305 925 356 habeu-

104 379 175 439 tium,
191 382 286 443 angetur
308 377 394 441 gratia,
410 380 434 425 et
450 374 573 426 remittitur
590 375 724 439 temporalis
744 389 822 439 poeua
831 414 843 441 ,
858 379 926 442 cujus

104 454 182 500 reatus
200 451 272 500 adlrue
288 451 426 499 remanserat
439 450 492 511 post
509 447 579 512 culpe
594 445 768 509 remissionem',
780 461 835 498 non
844 452 926 499 umen

105 524 163 583 tota,
175 522 234 570 sicut
243 521 267 569 iu
278 520 405 583 baptismo,
419 519 459 569 sed
470 530 524 581 pars
534 518 584 581 ejus
597 532 602 565 :
615 515 669 579 qnia
679 516 703 565 in
714 517 840 581 baptismo
855 520 927 571 homo

105 595 252 655 regeneratus
271 590 424 655 configuratur
441 587 543 654 passioni
559 586 658 651 Christi,
671 587 776 640 totaliter
791 589 926 641 efficaciam

107 662 220 726 passionis
238 660 322 711 Christi
337 663 404 725 (que
420 660 505 711 sufficit
525 660 553 709 ad
565 672 656 710 omnem
669 673 764 724 poeuam
777 661 926 725 delendam)

108 733 134 783 iu
149 747 173 783 se
184 733 321 797 suscipiens,
334 738 361 783 nt
373 732 430 783 nihil
446 732 473 782 de
493 731 576 796 prioris
588 732 675 795 peccati
690 730 789 782 actualis
805 747 881 797 paena
893 747 926 783 re·

100 809 215 868 ⁴maneat3
230 806 284 867 quia
297 818 343 855 non
354 804 422 854 debet
434 803 502 853 alicui
515 802 622 868 imputari
633 804 660 853 ad
674 816 785 868 poenam,
804 806 855 855 uisi
866 806 926 870 quod

110 876 209 940 ipsemet
225 877 288 927 lecit.
308 879 335 927 ln
349 876 462 940 baptismo
478 880 555 926 antem
573 876 642 925 horno
663 888 748 925 noram
769 876 850 926 vitam
865 878 925 928 aoei-

110 949 178 1012 piens
184 986 193 1012 ,
201 949 227 999 fit
240 949 385 1014 pergratiam
394 946 554 1011 baptismalem
567 959 639 997 novus
649 947 732 1009 homo,
742 950 768 995 et
776 946 835 997 ideo
848 950 924 999 nullm

111 1024 188 1071 reatus
208 1035 284 1086 poenae
299 1021 324 1071 in
342 1034 369 1071 eo
383 1022 484 1069 remanet
498 1030 539 1083 pro
558 1016 695 1081 precedenti
713 1022 826 1081 peccato.
844 1019 925 1070 Sediu

111 1092 247 1156 penitentia
261 1094 330 1143 homo
341 1105 387 1141 nou
402 1094 503 1141 mutatur
512 1090 537 1139 in
546 1090 613 1139 aliam
622 1088 702 1150 eitam,
715 1089 833 1152 quianon
844 1096 882 1143 est
892 1105 925 1142 re·

113 1165 246 1227 generatio,
259 1164 299 1215 sed
313 1163 401 1212 sanatio
415 1162 533 1225 quaedam3
548 1166 572 1211 et
586 1161 637 1211 ideo
651 1174 680 1210 ex
694 1160 719 1209 ri
737 1160 861 1224 clarium,
875 1176 924 1226 que

113 1240 235 1297 operantur
246 1235 270 1283 iu
281 1238 423 1284 sacramento
438 1233 592 1298 paenitentiae,
606 1245 652 1281 non
665 1236 714 1281 tota
728 1246 802 1295 poeno
821 1234 925 1284 remitti-

113 1310 163 1369 tur,
178 1306 218 1355 sed
231 1306 316 1369 aliquid
327 1306 355 1355 de
368 1319 437 1369 poena
451 1304 587 1369 temporali,
602 1304 668 1367 eujus
681 1308 762 1354 reatus
779 1310 840 1369 post
854 1305 924 1356 alsso-

113 1378 222 1427 lutionem
236 1377 327 1440 dpoena
338 1380 424 1427 aeterna
433 1386 548 1426 remanere
562 1374 634 1439 potuit
644 1390 650 1423 ι
662 1386 706 1424 neo
715 1376 795 1425 solum
810 1378 842 1427 de
859 1390 924 1441 prena

113 1448 165 1509 illa,
177 1462 246 1511 quam
257 1448 296 1498 hic
314 1448 429 1513 poeniteus
441 1448 512 1498 habet
526 1445 551 1496 iu
567 1446 709 1508 coufitendo,
726 1451 754 1496 ut
769 1450 872 1511 quidam
887 1450 923 1500 di·
964 1460 965 1477 l

115 1522 181 1583 cunt,
194 1521 248 1583 qnia
262 1519 295 1570 sic
304 1520 418 1571 confessio
432 1523 455 1569 et
469 1516 639 1568 sacramentalis
650 1517 767 1569 absolutio
782 1533 835 1569 uon
847 1528 923 1572 esseut

115 1590 196 1641 nisiin
207 1604 275 1655 onus,
291 1591 352 1655 quod
362 1604 409 1641 non
420 1590 529 1653 competit
542 1588 688 1639 sacramentis
705 1603 774 1639 novae
786 1590 869 1656 legis3
885 1593 922 1643 sed

117 1662 187 1713 etiam
199 1664 227 1713 de
240 1664 278 1714 illa
288 1675 364 1728 poena,
379 1676 429 1725 que
441 1661 466 1711 in
479 1660 610 1724 purgatorio
623 1660 726 1719 debetur,
739 1660 834 1724 aliquid
849 1665 922 1714 remil-

114 1734 180 1799 titur,
194 1738 222 1785 ut
238 1734 313 1786 mitads
332 1736 356 1784 in
368 1732 499 1798 purgatorio
513 1732 620 1796 puniatur
630 1731 766 1797 absolutus,
784 1740 844 1786 ante
858 1737 921 1787 satis-
963 1720 964 1783 l

116 1804 238 1857 factionem
253 1807 381 1866 decedens,·
394 1803 461 1867 quarn
475 1804 496 1853 si
510 1807 564 1854 ante
578 1801 743 1853 ahsolutionem
758 1804 893 1859 decederet.
962 1834 963 1851 ι

148 1878 183 1927 dd
203 1878 302 1942 primum
319 1889 372 1939 ergo
397 1876 533 1939 dicendum,
546 1873 607 1938 quod
631 1875 737 1926 sacerdos
758 1890 807 1927 non
828 1880 922 1929 remittit

116 1951 188 1998 totam
199 1962 289 2012 poenam
303 1948 459 2009 temporalem,
480 1946 521 1997 sed
534 1949 637 2011 partem3
652 1952 676 1995 et
689 1946 743 1997 ideo
757 1948 840 2000 adhuc
852 1953 923 2000 manet

115 2019 229 2080 obligatus
239 2019 268 2068 ad
279 2030 369 2082 poenam
384 2018 566 2070 satisfactoriam.

148 2089 182 2138 ald
196 2091 320 2139 secundum
331 2089 460 2150 dicendum,
474 2088 536 2153 qudd
550 2087 626 2153 passio
637 2088 720 2139 Christi
734 2090 923 2145 sufficienteme-

115 2160 201 2210 tislecit
215 2174 257 2224 pro
271 2161 371 2225 peccatis
381 2163 454 2212 totius
465 2160 554 2225 muudi3
567 2163 590 2211 et
602 2160 655 2211 ideo
667 2160 718 2212 sino
733 2163 878 2227 prejudicio
890 2166 921 2217 di

112 2231 174 2282 rinae
185 2232 280 2295 justitiae
294 2233 379 2298 aliquid
396 2234 424 2283 de
433 2232 624 2298 poenapeccatori
637 2233 713 2283 debita
730 2235 821 2284 remitti
836 2240 921 2301 potest,

115 2301 239 2353 secundnm
255 2302 316 2367 qndd
329 2303 425 2354 effectus
435 2302 548 2367 passionis
556 2302 642 2353 Christi
653 2304 681 2353 ad
693 2302 772 2368 ipsum
788 2318 834 2369 per
850 2321 921 2359 sacra

114 2379 191 2427 menta
205 2376 314 2427 Ecclesiae
326 2377 445 2441 pertingit.

146 2449 180 2498 ld
199 2447 292 2497 tertium
305 2448 439 2510 dicendum,
454 2446 518 2511 qudd
537 2460 578 2511 pro
592 2446 692 2511 quolibet
713 2454 810 2513 peceato
832 2458 921 2517 oportet

113 2518 212 2581 aliquam
230 2530 319 2581 poenam
334 2518 507 2568 satisfactorium
522 2532 640 2570 remouere
650 2558 657 2581 ,
669 2532 710 2583 per
723 2532 793 2584 quam
806 2522 920 2573 medicina

112 2593 192 2638 contra
202 2590 319 2653 peccatum
334 2592 467 2651 prestetum
484 2592 509 2637 et
523 2588 574 2640 ideo
595 2590 700 2652 quamvis
720 2592 808 2642 vincte
825 2592 920 2644 absolu-

109 2658 182 2707 tionis
201 2658 326 2707 dimittatur
351 2658 424 2722 aliqua
442 2658 560 2722 quantitas
582 2673 656 2723 pcenae
678 2660 761 2712 debitae
784 2665 921 2728 proaliquo

111 2738 196 2787 magno
211 2732 320 2791 peceato,
335 2740 382 2779 uon
397 2732 488 2792 oportet
502 2729 562 2793 qndd
579 2734 641 2780 tanta
658 2730 775 2793 quantitas
789 2746 870 2797 poenae
889 2734 921 2784 di·

110 2794 217 2844 mittatur
232 2800 336 2859 respectu
348 2798 470 2861 cujuslibet
483 2800 579 2864 peceati,
597 2801 650 2863 quia
661 2802 784 2852 secundum
797 2804 861 2867 hoc,
877 2804 921 2853 ali-

112 2865 921 2934 quodpeecatnmremaueretomuindsiuepoena:sedrirtuteclariam
