1942 3284
262 206 297 241 uro
311 204 392 242 coust
408 203 626 243 samnnronuro.
819 196 854 244 67

86 281 114 330 toi
127 281 223 345 primum
236 292 292 344 orgo
313 280 447 343 moenium,
461 280 523 343 quod
536 282 640 332 Christus
651 294 698 332 non
713 294 742 332 ox
761 280 851 333 invitia

62 352 189 414 putesuisit
199 355 339 416 potestatem
351 351 494 402 excellentias
504 352 610 403 Ecclesia
620 352 731 403 ministris
746 364 851 404 commu-

61 422 141 487 nium,
154 425 300 488 sedproptor
319 423 421 473 fidolium
436 424 558 473 utilitatem
572 462 580 487 ,
594 438 624 474 ne
638 425 662 473 iu
680 425 774 475 homino
786 438 852 489 spom

60 503 170 561 ponerent,
185 502 208 547 ot
224 512 253 549 no
267 502 347 548 ossont
360 498 449 549 divorsa
459 502 613 560 sacramenta,
626 513 656 549 ox
669 499 752 563 quibus
765 500 852 551 divisio

58 570 184 620 iuiioolosia
193 570 303 631 oriretur,
315 569 375 618 sicut
384 570 444 633 apuo
453 569 505 620 ilios
514 570 555 633 qui
566 570 674 621 dicebant
687 587 692 619 :
710 573 783 635 «Ego
798 584 851 621 sum

58 642 125 704 Parti,
138 655 180 704 ogo
199 647 279 692 autom
293 642 390 705 ttpoiio,
402 656 446 707 ogo
460 641 516 693 roro
534 643 632 707 cepha,
651 660 665 690 n
684 647 709 693 ut
728 643 813 693 dicitur
825 644 849 694 1.

62 713 92 762 oti
102 715 165 770 Cor„
177 715 197 764 1.

86 786 114 835 oo
125 787 249 836 soouuduur
263 786 400 845 dicendum,
412 785 473 849 quod
487 786 586 850 objectio
600 786 638 836 illa
651 787 754 851 procedit
767 789 795 837 oo
805 799 848 851 po·

58 858 129 907 tonate
142 856 300 917 auctoritatis,
312 871 362 920 quan
371 859 479 909 oouronit
496 858 585 909 Christo
599 858 724 909 mouudirm
733 858 794 922 quod
812 862 849 909 ost

57 926 117 989 oon,
129 928 182 979 tinto
191 933 215 979 ot
226 932 334 993 potestas
340 928 481 980 excelientia
491 929 566 993 possit
582 932 724 979 auctoritas
733 929 850 981 nominari

57 1012 92 1061 por
104 999 295 1064 tornparationom
308 1000 338 1050 ad
351 1000 408 1051 aiios
417 1001 542 1051 ministros.
553 1002 616 1051 Unde
628 1014 696 1065 super
710 1002 766 1051 illud
779 1003 799 1051 Ι.
813 1000 850 1050 od

58 1069 141 1127 oum
158 1086 166 1120 ε
183 1088 198 1118 α
211 1071 305 1121 itirisus
329 1075 365 1120 ost
386 1070 501 1136 Christus,
522 1088 536 1118 n
553 1071 608 1121 dioit
626 1072 707 1123 Glossa
724 1073 732 1132 (
742 1072 849 1135 ordin),

57 1141 108 1203 quid
121 1160 134 1190 a
149 1143 223 1207 potuit
242 1144 278 1193 eis
301 1143 354 1192 dare
375 1144 530 1193 auctoritatem
549 1143 671 1208 baptismi,
693 1144 732 1207 qui
752 1142 853 1193 contulit

58 1212 204 1264 ministerium.
215 1232 230 1260 ro

84 1286 114 1335 it
122 1288 214 1337 tortium
226 1286 362 1349 dicendum,
370 1285 430 1349 quod
440 1286 468 1335 ad
476 1287 520 1335 iroo
529 1286 695 1337 inconvenieus
704 1287 846 1345 evitandum,

59 1367 83 1404 oo
96 1356 176 1407 soiirot
192 1358 263 1407 multa
282 1357 357 1420 capita
375 1357 400 1406 irr
420 1358 522 1408 Erotosia
543 1362 635 1420 essunt,
650 1357 756 1407 Christus
773 1356 847 1405 notuit

60 1429 178 1487 mostaoom
196 1441 264 1479 suam
285 1428 426 1479 excelientia
448 1428 558 1479 ministris
577 1428 753 1479 communicare.
769 1427 792 1477 Si
812 1429 850 1475 ta·

63 1508 105 1547 uon
114 1500 319 1562 oomrunuioassot,
331 1500 382 1563 ipso
395 1504 458 1551 osset
471 1505 540 1565 rapot
556 1500 728 1565 principaliter,
742 1498 781 1549 alii
794 1496 854 1549 roro

67 1573 185 1624 ommno.

348 1678 511 1729 ARTICULUS
522 1679 551 1727 v.

75 1800 147 1848 Uirrim
158 1817 205 1861 per
218 1804 299 1848 motos
311 1802 435 1848 ministros
454 1807 604 1847 sacramenta
618 1802 724 1858 consorti
737 1802 836 1858 possint.

82 1930 224 1993 ttpuintuur
238 1929 273 1979 sio
288 1928 469 1993 pmooditur(1t.
485 1928 578 1977 Videtur
590 1927 650 1991 quid
666 1942 706 1992 por
717 1928 789 1978 malos
806 1926 852 1976 mi·

59 1997 128 2050 istros
150 2004 295 2051 sacramenta
319 1999 417 2049 contorti
438 2013 485 2049 nou
502 1998 598 2063 possint.
621 2000 766 2049 Sacramenta
786 1997 849 2047 enim

57 2080 112 2121 nora
127 2072 185 2136 tagis
200 2071 337 2122 ordinantur
349 2072 377 2120 ad
388 2071 572 2120 emundationem
584 2071 656 2133 oulpoo
668 2072 691 2118 ot
703 2068 846 2119 collationem

57 2142 128 2201 gratia
141 2143 188 2193 Sed
200 2143 266 2203 maii,
277 2141 386 2191 consino
399 2141 524 2203 immundi,
535 2154 580 2190 non
589 2146 684 2204 possunt
693 2140 749 2190 alios
761 2140 775 2189 t
785 2153 843 2203 peo-

57 2216 98 2263 nio
114 2216 241 2274 mundare,
257 2213 383 2263 secundum
409 2214 464 2263 iliud
483 2212 571 2268 Eucti,
592 2214 705 2262 xxxiv:
723 2228 737 2259 ro
751 2212 783 2261 Aio
803 2212 849 2260 im·

56 2286 129 2337 fluuio
137 2286 194 2349 quid
206 2284 392 2333 mundabitnrto
401 2288 424 2335 ot
433 2286 503 2334 otiam
514 2283 566 2333 oiim
577 2285 672 2345 gratiam
682 2296 727 2333 non
737 2284 848 2343 habeant,

56 2367 95 2405 nou
110 2358 200 2407 ridetur
212 2356 275 2419 quod
297 2354 392 2417 gratiam
411 2356 514 2405 oouierre
534 2354 634 2419 possint,
650 2355 704 2419 quia
723 2355 798 2403 nulius
809 2354 849 2403 dat

56 2428 107 2488 prod
123 2442 171 2479 uon
192 2428 273 2477 habet.
293 2428 345 2476 Nou
360 2440 415 2491 orgo
430 2426 521 2477 videtur
537 2427 598 2489 qnod
616 2440 658 2491 por
682 2427 753 2475 maios
776 2436 853 2476 saona·

57 2506 127 2550 uouta
139 2498 240 2551 oouferri
253 2497 353 2562 possint.

82 2573 103 2620 2.
117 2574 247 2633 morea,
259 2572 309 2619 tota
316 2568 592 2621 virtussaorauroutomm
603 2568 738 2619 derivatura
748 2567 850 2628 Christo,

21 2787 22 2795 ἵ
88 2732 115 2795 (i)
127 2742 160 2785 lio
170 2739 208 2783 iris
216 2739 289 2783 otiam
300 2735 371 2794 inira,
380 2742 424 2785 art.
435 2738 460 2795 o,
470 2740 494 2783 iu
503 2751 578 2795 corp:
588 2739 661 2795 otl'v,
671 2736 748 2785 Senot..
759 2734 815 2779 dist.
827 2728 854 2791 5,

21 2808 22 2862 p
63 2796 857 2859 Mampotdist.'i,qu.3,art.1,quaestiuuo.iet23st

21 2872 22 2876 ¹
65 2854 108 2905 litt.
117 2862 147 2907 u
154 2899 164 2924 ,
174 2876 217 2920 opu.
228 2862 253 2916 3,
263 2868 309 2908 art.
323 2860 347 2921 3,
361 2863 537 2924 questuosi,
554 2864 583 2909 art
594 2861 657 2916 tuot
670 2860 762 2906 Goortro
771 2856 858 2903 ooot..

64 2914 264 2985 imlvmpff't.
842 2932 843 2935 ’

888 3048 952 3224 o
