1942 3284
74 156 137 192 ως
167 156 296 194 nono
329 156 427 201 Quo
458 133 693 194 camsrns
726 125 813 193 nsi·
847 156 894 193 m
929 156 1025 193 noc
1060 153 1266 195 sacam.
1380 151 1469 198 298

0 246 20 283 e
50 233 174 297 qnod
189 246 279 283 non
310 233 601 283 contineatur
624 232 708 282 sub
737 230 849 295 alia,
871 232 951 282 sed
980 234 1105 283 totus
1134 234 1343 286 Christus
1367 251 1473 288 con-

0 318 32 354 ιι·
62 306 151 355 sub
181 308 395 369 utraque,
422 304 601 354 videtur
623 302 742 367 quod
771 302 911 353 altera
936 302 1116 353 illarum
1146 307 1394 369 superfluat
1421 308 1469 358 in

0 380 280 427 aeramento.
350 441 362 445 ‘

0 450 245 512 Praeterea,
288 448 457 510 dictum
481 451 553 499 est
578 449 691 508 (art.
730 447 825 511 1),
848 448 970 511 quod
998 450 1080 499 sub
1110 450 1294 502 nomine
1322 455 1469 505 carnis

0 534 20 569 s
42 520 147 572 aliae
181 524 334 586 partes
356 517 557 583 corporis
587 520 896 583 continentur,
924 521 1042 572 sicut
1070 534 1203 586 ossa,
1233 525 1393 588 nervi,
1424 533 1473 578 et

0 593 261 657 ejusmodi.
285 593 373 643 Sed
402 591 589 655 sanguis
617 595 687 642 est
709 605 799 641 una
818 592 1013 655 partium
1032 594 1224 645 humani
1245 598 1465 660 corporiS,

2 667 135 725 patet
162 678 245 729 per
265 664 551 714 Aristotelem
574 662 625 712 in
647 662 728 713 lib.
756 663 829 712 De
850 664 1127 728 animam).
1149 665 1200 715 Si
1228 679 1336 731 ergo
1363 682 1465 719 san—

0 734 163 785 :bristi
184 735 446 786 continetur
466 735 551 785 sub
581 735 733 798 specie
760 733 911 798 paniS,
938 734 1058 786 sicut
1085 738 1374 788 continentur
1397 738 1456 789 ibi

0 810 147 869 aartes
176 806 383 871 corporis
398 845 414 869 ‚
438 820 528 857 non
551 807 737 857 deberet
757 818 959 857 seorsum
983 808 1170 870 sanguis
1193 812 1465 873 consecrari.¹

7 892 164 942 neque
204 891 408 929 seorsum
449 882 739 928 consecratur
767 877 918 940 aliqua
945 877 1032 927 alia
1053 891 1159 942 pars
1183 881 1400 945 corporis.

0 950 251 1012 Praeterea‚
280 949 398 1013 quod
412 949 510 1013 jam
538 950 706 998 factum
727 951 799 997 est
824 982 836 1007 ,
857 948 1024 998 iterum
1051 949 1148 999 fieri
1182 963 1272 1000 non
1289 955 1456 1015 potest.

0 1035 143 1086 orpus
179 1022 350 1073 Christi
391 1023 481 1085 jam
517 1021 705 1085 incoepit
731 1032 835 1071 esse
875 1020 923 1070 in
950 1023 1045 1072 hoc
1066 1027 1350 1074 sacramento
1385 1038 1465 1088 per

0 1093 257 1145 orationem
283 1093 432 1157 panis.
464 1094 582 1157 Ergo
615 1106 709 1144 non
733 1095 885 1157 potest
903 1105 1004 1142 esse
1023 1092 1143 1156 quod
1162 1094 1218 1143 de
1244 1108 1366 1145 novo
1394 1095 1465 1144 in-

23 1178 131 1215 esse
174 1178 256 1228 per
292 1164 681 1215 consecrationem
718 1164 848 1226 vini3
882 1166 929 1213 et
965 1164 1029 1213 ita
1065 1164 1149 1214 sub
1182 1165 1334 1228 specie
1371 1164 1469 1215 vini

0 1236 287 1287 ontinebitur
307 1249 472 1300 corpus
492 1234 681 1299 Christi,
706 1238 771 1297 et,
792 1249 871 1299 per
898 1248 1187 1300 consequens
1201 1274 1214 1297 ‚
1239 1249 1326 1286 nec
1344 1240 1469 1286 totus

0 1311 85 1359 tus.
120 1309 223 1359 Non
249 1320 356 1371 ergo
399 1308 481 1359 sub
512 1311 704 1371 utraque
742 1307 893 1370 specie
928 1309 1053 1357 totus
1079 1306 1289 1358 Christus
1317 1307 1465 1357 conti-

0 1452 7 1500 i
33 1454 194 1502 contra
221 1454 320 1511 est,
350 1451 468 1513 quod
505 1451 542 1500 1.
581 1451 720 1509 Cor„
756 1451 848 1513 XI,
879 1462 1017 1514 super
1045 1449 1158 1500 iliud
1185 1465 1197 1500 ε
1229 1450 1331 1499 «Et
1358 1448 1465 1499 cali-

1 1540 28 1569 »
50 1521 167 1573 dicit
186 1522 344 1573 Glossa
370 1522 491 1586 quod
521 1539 549 1569 ιι
576 1521 660 1572 sub
690 1526 878 1585 utraque
897 1520 1048 1585 specie
1063 1556 1077 1578 ‚
1103 1521 1295 1571 scilicet
1317 1522 1465 1585 panis

0 1596 43 1644 u·
59 1635 76 1651 ,
109 1595 229 1645 idem
264 1596 475 1644 sumitur.
509 1610 537 1642 »
577 1596 633 1644 Et
659 1593 722 1644 ita
758 1593 931 1644 videtur
964 1592 1051 1642 sub
1081 1596 1277 1656 utraque
1313 1592 1465 1657 specie

12 1666 223 1718 Christus
245 1679 368 1717 esse.

0 1751 247 1789 ouansro.
276 1764 339 1776 -
362 1736 486 1787 Licet
516 1737 601 1787 sub
638 1736 797 1800 specie
830 1733 964 1800 panis
999 1748 1163 1798 corpus
1189 1734 1388 1797 Christi,
1419 1740 1465 1786 et

0 1810 127 1873 pecie
155 1809 250 1859 vini
283 1808 484 1872 sanguis,
502 1822 559 1859 ex
576 1808 625 1858 vi
647 1807 943 1866 sacramenti,
962 1806 1139 1856 tantilm
1163 1804 1465 1867 contineatur,

0 1887 171 1946 [traque
215 1886 368 1931 tamen
408 1879 561 1944 specie
579 1918 593 1943 ‚
635 1894 693 1931 ex
735 1879 849 1929 reali
892 1878 1246 1930 concomitantia
1265 1916 1278 1940 ,
1318 1881 1461 1929 totum

0 1956 93 2003 tum
131 1952 352 2004 contineri
378 1951 626 2003 certissima
649 1951 737 2001 fide
765 1952 1013 2002 tenendum
1039 1950 1126 2001 es't.
1158 1949 1176 2013 )

0 2025 197 2087 spondeo
224 2024 491 2084 dicendum,
523 2022 646 2087 quod
675 2022 931 2073 certissime
970 2022 1220 2073 tenendum
1253 2021 1469 2087 estquod

0 2100 167 2159 traque
191 2093 346 2159 specie
370 2095 643 2144 sacramenti
666 2097 787 2145 totus
811 2097 881 2144 est
900 2093 1128 2145 Christus.
1156 2092 1296 2143 Aliter
1312 2095 1469 2145 tamen

0 2169 79 2217 ter.
110 2168 226 2217 Nam
250 2164 333 2217 sub
364 2165 602 2228 speciebus
628 2166 762 2231 panis
792 2170 864 2216 est
888 2165 1071 2230 quidem
1100 2169 1264 2230 corpus
1295 2164 1469 2216 Christi

16 2236 309 2298 sacramenti,
328 2237 513 2299 sanguis
542 2241 693 2287 autem
721 2250 779 2288 ex
805 2237 918 2288 reali
939 2236 1295 2287 concomitantia
1312 2275 1325 2299 ,
1351 2235 1469 2287 sicut

22 2309 190 2360 dictum
213 2312 292 2358 est
319 2310 376 2359 de
398 2308 547 2358 anima
572 2311 619 2359 et
643 2308 883 2359 divinitate
902 2307 1087 2359 Christi.
1111 2308 1202 2358 Sub
1229 2307 1465 2371 speciebus

0 2380 92 2431 vini
118 2383 191 2431 est
224 2379 409 2443 quidem
436 2380 624 2443 sanguis
646 2379 821 2430 Christi
843 2392 902 2430 ex
920 2379 967 2429 vi
991 2378 1282 2439 sacramenti,
1303 2392 1469 2445 corpus

0 2466 14 2501 ι
36 2450 209 2502 Christi
230 2464 286 2502 ex
309 2450 423 2501 reali
445 2449 797 2501 concomitantia
819 2452 957 2513 ,sicut
978 2450 1131 2500 anima
1159 2454 1206 2500 et
1228 2449 1465 2513 divinitas;

0 2523 71 2575 rod
102 2538 228 2575 nunc
255 2522 443 2585 sanguis
479 2522 649 2573 Christi
674 2536 767 2573 non
802 2525 875 2574 est
910 2522 965 2571 ab
996 2522 1098 2586 ejus
1124 2533 1308 2585 corpore
1337 2534 1469 2585 sepa-

5 2633 19 2659 ,
54 2597 173 2646 sicut
200 2595 291 2645 fuit
315 2598 517 2657 tempore
554 2594 779 2658 passionis
811 2597 859 2644 et
886 2593 1062 2643 mortis.
1092 2594 1223 2643 Unde
1245 2631 1259 2656 ‚
1288 2592 1327 2642 si
1358 2595 1469 2643 tunc.

25 2762 125 2806 Non
152 2760 201 2806 in
228 2760 316 2805 lib.
348 2759 416 2803 De
448 2760 615 2804 anima
650 2760 738 2805 hoc
770 2759 911 2805 docet
933 2756 1270 2815 Philosophus,
1309 2755 1390 2801 scd
1420 2755 1469 2799 in

0 2822 159 2871 tristor.
188 2822 511 2872 animalium,
530 2823 595 2873 ΠΙ
615 2854 628 2881 ,
652 2822 682 2865 2
701 2855 715 2883 ,
739 2828 787 2868 et
809 2822 879 2869 De
896 2820 1126 2879 partibus
1149 2819 1469 2886 aurimliwmss
