<?xml version="1.0" encoding="UTF-8"?>
<!DOCTYPE html PUBLIC "-//W3C//DTD XHTML 1.0 Transitional//EN"
    "http://www.w3.org/TR/xhtml1/DTD/xhtml1-transitional.dtd">
<html xmlns="http://www.w3.org/1999/xhtml" xml:lang="en" lang="en">
 <head>
  <title>
</title>
<meta http-equiv="Content-Type" content="text/html;charset=utf-8" />
  <meta name='ocr-system' content='tesseract 3.04.00' />
  <meta name='ocr-capabilities' content='ocr_page ocr_carea ocr_par ocr_line ocrx_word'/>
</head>
<body>
  <div class='ocr_page' id='page_1' title='image "./summatheologica01nicogoog_0230.png"; bbox 0 0 1942 3284; ppageno 0'>
   <div class='ocr_carea' id='block_1_1' title="bbox 113 155 740 216">
    <p class='ocr_par' dir='ltr' id='par_1_1' title="bbox 113 155 740 216">
     <span class='ocr_line' id='line_1_1' title="bbox 113 155 740 216; baseline -0.011 -9"><span class='ocrx_word' id='word_1_1' title='bbox 113 155 162 207; x_wconf 71' lang='lat'><strong>222</strong></span> <span class='ocrx_word' id='word_1_2' title='bbox 290 165 351 206; x_wconf 76' lang='lat' dir='ltr'><strong>unns</strong></span> <span class='ocrx_word' id='word_1_3' title='bbox 367 165 407 215; x_wconf 86' lang='lat' dir='ltr'><strong>ru,</strong></span> <span class='ocrx_word' id='word_1_4' title='bbox 424 163 518 210; x_wconf 74' lang='lat' dir='ltr'><strong>eonor.</strong></span> <span class='ocrx_word' id='word_1_5' title='bbox 534 163 614 216; x_wconf 75' lang='lat' dir='ltr'><strong>usu,</strong></span> <span class='ocrx_word' id='word_1_6' title='bbox 630 162 686 202; x_wconf 75' lang='lat' dir='ltr'><strong>cnr.</strong></span> <span class='ocrx_word' id='word_1_7' title='bbox 706 163 740 204; x_wconf 83' lang='lat' dir='ltr'><strong>rr.</strong></span> 
     </span>
    </p>
   </div>
   <div class='ocr_carea' id='block_1_2' title="bbox 112 237 956 2384">
    <p class='ocr_par' dir='ltr' id='par_1_2' title="bbox 112 237 955 664">
     <span class='ocr_line' id='line_1_2' title="bbox 112 237 907 306; baseline -0.009 -9"><span class='ocrx_word' id='word_1_8' title='bbox 112 241 195 306; x_wconf 84' lang='lat' dir='ltr'><strong>positis</strong></span> <span class='ocrx_word' id='word_1_9' title='bbox 210 254 256 295; x_wconf 91' lang='lat' dir='ltr'><strong>nou</strong></span> <span class='ocrx_word' id='word_1_10' title='bbox 269 243 323 294; x_wconf 88' lang='lat' dir='ltr'><strong>sunl</strong></span> <span class='ocrx_word' id='word_1_11' title='bbox 334 239 426 290; x_wconf 80' lang='lat' dir='ltr'><strong>tradita.</strong></span> <span class='ocrx_word' id='word_1_12' title='bbox 446 239 511 294; x_wconf 84' lang='lat' dir='ltr'><strong>Unde</strong></span> <span class='ocrx_word' id='word_1_13' title='bbox 523 238 646 306; x_wconf 74' lang='lat' dir='ltr'><strong>Dionysius</strong></span> <span class='ocrx_word' id='word_1_14' title='bbox 657 237 711 292; x_wconf 88' lang='lat' dir='ltr'><strong>dicit</strong></span> <span class='ocrx_word' id='word_1_15' title='bbox 724 239 749 290; x_wconf 91' lang='lat' dir='ltr'><strong>in</strong></span> <span class='ocrx_word' id='word_1_16' title='bbox 757 239 803 292; x_wconf 83' lang='lat' dir='ltr'><strong>line</strong></span> <span class='ocrx_word' id='word_1_17' title='bbox 816 239 907 292; x_wconf 67' lang='lat' dir='ltr'><strong>lucter.</strong></span> 
     </span>
     <span class='ocr_line' id='line_1_3' title="bbox 114 309 954 374; baseline 0 -12"><span class='ocrx_word' id='word_1_18' title='bbox 114 312 257 365; x_wconf 69' lang='lat' dir='ltr'><strong>iteraret:</strong></span> <span class='ocrx_word' id='word_1_19' title='bbox 269 311 487 364; x_wconf 76' lang='lat' dir='ltr'><strong>«consummativus</strong></span> <span class='ocrx_word' id='word_1_20' title='bbox 498 309 654 362; x_wconf 73' lang='lat' dir='ltr'><strong>invocationes</strong></span> <span class='ocrx_word' id='word_1_21' title='bbox 663 310 695 374; x_wconf 82' lang='lat' dir='ltr'><strong>(id</strong></span> <span class='ocrx_word' id='word_1_22' title='bbox 706 314 743 364; x_wconf 80' lang='lat' dir='ltr'><strong>ort</strong></span> <span class='ocrx_word' id='word_1_23' title='bbox 751 310 820 362; x_wconf 81' lang='lat' dir='ltr'><strong>rerba</strong></span> <span class='ocrx_word' id='word_1_24' title='bbox 832 309 910 374; x_wconf 64' lang='lat' dir='ltr'><strong>onnus</strong></span> <span class='ocrx_word' id='word_1_25' title='bbox 951 330 954 347; x_wconf 85' lang='lat'>·</span> 
     </span>
     <span class='ocr_line' id='line_1_4' title="bbox 112 381 911 448; baseline 0 -14"><span class='ocrx_word' id='word_1_26' title='bbox 112 383 258 447; x_wconf 83' lang='lat' dir='ltr'><strong>perficiuntur</strong></span> <span class='ocrx_word' id='word_1_27' title='bbox 274 381 436 446; x_wconf 79' lang='lat' dir='ltr'><strong>sacramento),</strong></span> <span class='ocrx_word' id='word_1_28' title='bbox 452 396 499 436; x_wconf 90' lang='lat' dir='ltr'><strong>non</strong></span> <span class='ocrx_word' id='word_1_29' title='bbox 512 385 548 436; x_wconf 88' lang='lat' dir='ltr'><strong>est</strong></span> <span class='ocrx_word' id='word_1_30' title='bbox 560 383 648 448; x_wconf 80' lang='lat' dir='ltr'><strong>justum</strong></span> <span class='ocrx_word' id='word_1_31' title='bbox 661 382 789 446; x_wconf 72' lang='lat' dir='ltr'>Scripturas</span> <span class='ocrx_word' id='word_1_32' title='bbox 802 381 911 447; x_wconf 85' lang='lat' dir='ltr'><strong>interpro-</strong></span> 
     </span>
     <span class='ocr_line' id='line_1_5' title="bbox 112 453 955 522; baseline 0 -19"><span class='ocrx_word' id='word_1_33' title='bbox 112 453 229 516; x_wconf 79' lang='lat' dir='ltr'><strong>tontibus,</strong></span> <span class='ocrx_word' id='word_1_34' title='bbox 244 468 318 521; x_wconf 85' lang='lat' dir='ltr'><strong>nequo</strong></span> <span class='ocrx_word' id='word_1_35' title='bbox 338 455 460 518; x_wconf 73' lang='lat' dir='ltr'><strong>mysticum</strong></span> <span class='ocrx_word' id='word_1_36' title='bbox 480 467 573 514; x_wconf 80' lang='lat' dir='ltr'><strong>earnm,</strong></span> <span class='ocrx_word' id='word_1_37' title='bbox 589 457 629 506; x_wconf 83' lang='lat' dir='ltr'><strong>aut</strong></span> <span class='ocrx_word' id='word_1_38' title='bbox 646 453 671 504; x_wconf 91' lang='lat' dir='ltr'><strong>in</strong></span> <span class='ocrx_word' id='word_1_39' title='bbox 691 453 748 518; x_wconf 86' lang='lat' dir='ltr'><strong>ipsis</strong></span> <span class='ocrx_word' id='word_1_40' title='bbox 765 456 872 518; x_wconf 78' lang='lat' dir='ltr'><strong>operator</strong></span> <span class='ocrx_word' id='word_1_41' title='bbox 887 466 912 503; x_wconf 83' lang='lat' dir='ltr'><strong>ex</strong></span> <span class='ocrx_word' id='word_1_42' title='bbox 954 473 955 522; x_wconf 55' lang='grc' dir='ltr'><strong>ς</strong></span> 
     </span>
     <span class='ocr_line' id='line_1_6' title="bbox 112 523 955 588; baseline 0 -14"><span class='ocrx_word' id='word_1_43' title='bbox 112 524 328 588; x_wconf 84' lang='lat' dir='ltr'><strong>lteovirtutes,e1</strong></span> <span class='ocrx_word' id='word_1_44' title='bbox 342 525 431 578; x_wconf 91' lang='lat' dir='ltr'><strong>occulto</strong></span> <span class='ocrx_word' id='word_1_45' title='bbox 447 526 476 578; x_wconf 84' lang='lat' dir='ltr'><strong>ad</strong></span> <span class='ocrx_word' id='word_1_46' title='bbox 490 537 610 578; x_wconf 85' lang='lat' dir='ltr'><strong>commuue</strong></span> <span class='ocrx_word' id='word_1_47' title='bbox 632 525 763 588; x_wconf 83' lang='lat' dir='ltr'><strong>adducere;</strong></span> <span class='ocrx_word' id='word_1_48' title='bbox 780 523 823 576; x_wconf 81' lang='lat' dir='ltr'><strong>sed</strong></span> <span class='ocrx_word' id='word_1_49' title='bbox 843 527 913 574; x_wconf 77' lang='lat' dir='ltr'><strong>nosue</strong></span> <span class='ocrx_word' id='word_1_50' title='bbox 954 527 955 534; x_wconf 76' lang='grc'>’</span> 
     </span>
     <span class='ocr_line' id='line_1_7' title="bbox 112 595 911 664; baseline -0.003 -17"><span class='ocrx_word' id='word_1_51' title='bbox 112 608 175 647; x_wconf 64' lang='lat' dir='ltr'><strong>meru</strong></span> <span class='ocrx_word' id='word_1_52' title='bbox 188 597 278 649; x_wconf 82' lang='lat' dir='ltr'><strong>traditio</strong></span> <span class='ocrx_word' id='word_1_53' title='bbox 292 599 342 650; x_wconf 87' lang='lat' dir='ltr'><strong>siue</strong></span> <span class='ocrx_word' id='word_1_54' title='bbox 353 611 437 664; x_wconf 82' lang='lat' dir='ltr'><strong>pompa</strong></span> <span class='ocrx_word' id='word_1_55' title='bbox 452 598 485 664; x_wconf 77' lang='lat' dir='ltr'><strong>(io</strong></span> <span class='ocrx_word' id='word_1_56' title='bbox 496 600 531 650; x_wconf 88' lang='lat' dir='ltr'><strong>est</strong></span> <span class='ocrx_word' id='word_1_57' title='bbox 544 595 659 660; x_wconf 78' lang='lat' dir='ltr'><strong>occulte),</strong></span> <span class='ocrx_word' id='word_1_58' title='bbox 673 609 712 648; x_wconf 83' lang='lat' dir='ltr'><strong>ecs</strong></span> <span class='ocrx_word' id='word_1_59' title='bbox 726 597 815 648; x_wconf 84' lang='lat' dir='ltr'><strong>edocet</strong></span> <span class='ocrx_word' id='word_1_60' title='bbox 830 613 845 644; x_wconf 81' lang='lat' dir='ltr'><strong>n</strong></span> <span class='ocrx_word' id='word_1_61' title='bbox 854 596 911 648; x_wconf 82' lang='lat' dir='ltr'>Unde</span> 
     </span>
    </p>

    <p class='ocr_par' dir='ltr' id='par_1_3' title="bbox 112 668 911 806">
     <span class='ocr_line' id='line_1_8' title="bbox 113 668 911 735; baseline 0.004 -15"><span class='ocrx_word' id='word_1_62' title='bbox 113 671 136 720; x_wconf 90' lang='lat' dir='ltr'><strong>et</strong></span> <span class='ocrx_word' id='word_1_63' title='bbox 150 672 273 734; x_wconf 73' lang='lat' dir='ltr'><strong>Apostolus</strong></span> <span class='ocrx_word' id='word_1_64' title='bbox 283 671 348 735; x_wconf 89' lang='lat' dir='ltr'><strong>dicit,</strong></span> <span class='ocrx_word' id='word_1_65' title='bbox 358 673 455 734; x_wconf 80' lang='lat' dir='ltr'><strong>loquens</strong></span> <span class='ocrx_word' id='word_1_66' title='bbox 461 673 489 722; x_wconf 88' lang='lat' dir='ltr'><strong>dc</strong></span> <span class='ocrx_word' id='word_1_67' title='bbox 499 670 650 722; x_wconf 78' lang='lat' dir='ltr'><strong>celebratione</strong></span> <span class='ocrx_word' id='word_1_68' title='bbox 659 668 811 732; x_wconf 75' lang='lat' dir='ltr'><strong>eucharistie,</strong></span> <span class='ocrx_word' id='word_1_69' title='bbox 821 669 911 724; x_wconf 69' lang='lat' dir='ltr'><strong>loru„</strong></span> 
     </span>
     <span class='ocr_line' id='line_1_9' title="bbox 112 740 632 806; baseline -0.006 -14"><span class='ocrx_word' id='word_1_70' title='bbox 112 740 142 792; x_wconf 84' lang='lat' dir='ltr'><strong>xl</strong></span> <span class='ocrx_word' id='word_1_71' title='bbox 154 757 159 790; x_wconf 91' lang='lat'>:</span> <span class='ocrx_word' id='word_1_72' title='bbox 171 742 287 805; x_wconf 73' lang='lat' dir='ltr'><strong>(rectene,</strong></span> <span class='ocrx_word' id='word_1_73' title='bbox 302 743 355 796; x_wconf 81' lang='lat' dir='ltr'><strong>cium</strong></span> <span class='ocrx_word' id='word_1_74' title='bbox 369 757 462 806; x_wconf 86' lang='lat' dir='ltr'><strong>uenero,</strong></span> <span class='ocrx_word' id='word_1_75' title='bbox 476 743 632 806; x_wconf 76' lang='lat' dir='ltr'><strong>disponam.»</strong></span> 
     </span>
    </p>

    <p class='ocr_par' dir='ltr' id='par_1_4' title="bbox 112 811 954 1010">
     <span class='ocr_line' id='line_1_10' title="bbox 144 811 954 880; baseline -0.004 -16"><span class='ocrx_word' id='word_1_76' title='bbox 144 814 178 864; x_wconf 83' lang='lat' dir='ltr'><strong>ll</strong></span> <span class='ocrx_word' id='word_1_77' title='bbox 191 815 316 868; x_wconf 84' lang='lat' dir='ltr'><strong>secundum</strong></span> <span class='ocrx_word' id='word_1_78' title='bbox 332 816 467 880; x_wconf 71' lang='lat' dir='ltr'><strong>diruendum,</strong></span> <span class='ocrx_word' id='word_1_79' title='bbox 485 814 547 878; x_wconf 81' lang='lat' dir='ltr'><strong>quod</strong></span> <span class='ocrx_word' id='word_1_80' title='bbox 562 813 670 865; x_wconf 79' lang='lat' dir='ltr'><strong>sanctitas</strong></span> <span class='ocrx_word' id='word_1_81' title='bbox 690 815 726 864; x_wconf 82' lang='lat' dir='ltr'><strong>est</strong></span> <span class='ocrx_word' id='word_1_82' title='bbox 744 811 826 866; x_wconf 62' lang='lat' dir='ltr'><strong>sontis</strong></span> <span class='ocrx_word' id='word_1_83' title='bbox 839 824 912 864; x_wconf 76' lang='lat' dir='ltr'><strong>oense.</strong></span> <span class='ocrx_word' id='word_1_84' title='bbox 953 843 954 846; x_wconf 55' lang='lat'><em>=</em></span> 
     </span>
     <span class='ocr_line' id='line_1_11' title="bbox 112 883 914 952; baseline -0.009 -13"><span class='ocrx_word' id='word_1_85' title='bbox 112 885 141 939; x_wconf 84' lang='lat' dir='ltr'><strong>Et</strong></span> <span class='ocrx_word' id='word_1_86' title='bbox 155 885 206 938; x_wconf 87' lang='lat' dir='ltr'><strong>ideo</strong></span> <span class='ocrx_word' id='word_1_87' title='bbox 219 886 244 936; x_wconf 94' lang='lat' dir='ltr'><strong>iu</strong></span> <span class='ocrx_word' id='word_1_88' title='bbox 254 886 315 938; x_wconf 86' lang='lat' dir='ltr'><strong>idem</strong></span> <span class='ocrx_word' id='word_1_89' title='bbox 329 887 389 938; x_wconf 84' lang='lat' dir='ltr'><strong>redit</strong></span> <span class='ocrx_word' id='word_1_90' title='bbox 401 888 461 952; x_wconf 86' lang='lat' dir='ltr'><strong>qnod</strong></span> <span class='ocrx_word' id='word_1_91' title='bbox 475 886 566 952; x_wconf 85' lang='lat' dir='ltr'><strong>dicitnr,</strong></span> <span class='ocrx_word' id='word_1_92' title='bbox 583 902 596 933; x_wconf 86' lang='lat' dir='ltr'><strong>u</strong></span> <span class='ocrx_word' id='word_1_93' title='bbox 610 883 731 938; x_wconf 71' lang='lat' dir='ltr'><strong>chrimate</strong></span> <span class='ocrx_word' id='word_1_94' title='bbox 750 883 849 947; x_wconf 77' lang='lat' dir='ltr'><strong>solutis,</strong></span> <span class='ocrx_word' id='word_1_95' title='bbox 867 899 881 932; x_wconf 77' lang='grc' dir='ltr'>ε</span> <span class='ocrx_word' id='word_1_96' title='bbox 895 887 914 933; x_wconf 88' lang='lat' dir='ltr'><strong>et</strong></span> 
     </span>
     <span class='ocr_line' id='line_1_12' title="bbox 113 957 366 1010; baseline 0.008 -6"><span class='ocrx_word' id='word_1_97' title='bbox 113 957 336 1010; x_wconf 72' lang='lat' dir='ltr'><strong>«sanctificationis.</strong></span> <span class='ocrx_word' id='word_1_98' title='bbox 352 976 366 1006; x_wconf 80' lang='lat' dir='ltr'><strong>u</strong></span> 
     </span>
    </p>

    <p class='ocr_par' dir='ltr' id='par_1_5' title="bbox 112 1027 956 2384">
     <span class='ocr_line' id='line_1_13' title="bbox 144 1027 956 1097; baseline 0.002 -19"><span class='ocrx_word' id='word_1_99' title='bbox 144 1029 177 1078; x_wconf 82' lang='lat' dir='ltr'><strong>lul</strong></span> <span class='ocrx_word' id='word_1_100' title='bbox 192 1028 283 1080; x_wconf 85' lang='lat' dir='ltr'><strong>tertium</strong></span> <span class='ocrx_word' id='word_1_101' title='bbox 298 1030 417 1083; x_wconf 86' lang='lat' dir='ltr'><strong>dicendum</strong></span> <span class='ocrx_word' id='word_1_102' title='bbox 424 1067 433 1094; x_wconf 90' lang='lat'>,</span> <span class='ocrx_word' id='word_1_103' title='bbox 448 1030 509 1097; x_wconf 82' lang='lat' dir='ltr'><strong>qnod</strong></span> <span class='ocrx_word' id='word_1_104' title='bbox 529 1027 657 1094; x_wconf 79' lang='lat' dir='ltr'><strong>baptismus</strong></span> <span class='ocrx_word' id='word_1_105' title='bbox 673 1030 709 1078; x_wconf 87' lang='lat' dir='ltr'><strong>est</strong></span> <span class='ocrx_word' id='word_1_106' title='bbox 730 1027 877 1092; x_wconf 76' lang='lat' dir='ltr'><strong>regeneratio</strong></span> <span class='ocrx_word' id='word_1_107' title='bbox 891 1027 912 1078; x_wconf 87' lang='lat' dir='ltr'><strong>in</strong></span> <span class='ocrx_word' id='word_1_108' title='bbox 955 1073 956 1080; x_wconf 72' lang='grc'>,</span> 
     </span>
     <span class='ocr_line' id='line_1_14' title="bbox 112 1099 954 1167; baseline -0.005 -15"><span class='ocrx_word' id='word_1_109' title='bbox 112 1099 254 1164; x_wconf 80' lang='lat' dir='ltr'><strong>spiritualem</strong></span> <span class='ocrx_word' id='word_1_110' title='bbox 271 1101 359 1166; x_wconf 82' lang='lat' dir='ltr'><strong>uitem,</strong></span> <span class='ocrx_word' id='word_1_111' title='bbox 380 1116 425 1167; x_wconf 82' lang='lat' dir='ltr'><strong>qun</strong></span> <span class='ocrx_word' id='word_1_112' title='bbox 441 1104 511 1154; x_wconf 82' lang='lat' dir='ltr'><strong>homo</strong></span> <span class='ocrx_word' id='word_1_113' title='bbox 529 1100 586 1152; x_wconf 79' lang='lat' dir='ltr'><strong>vivit</strong></span> <span class='ocrx_word' id='word_1_114' title='bbox 605 1101 630 1152; x_wconf 89' lang='lat' dir='ltr'><strong>in</strong></span> <span class='ocrx_word' id='word_1_115' title='bbox 649 1099 739 1164; x_wconf 85' lang='lat' dir='ltr'><strong>seipso;</strong></span> <span class='ocrx_word' id='word_1_116' title='bbox 755 1102 779 1150; x_wconf 88' lang='lat' dir='ltr'><strong>ot</strong></span> <span class='ocrx_word' id='word_1_117' title='bbox 798 1099 853 1151; x_wconf 87' lang='lat' dir='ltr'><strong>idco</strong></span> <span class='ocrx_word' id='word_1_118' title='bbox 871 1111 912 1148; x_wconf 85' lang='lat' dir='ltr'><strong>nou</strong></span> <span class='ocrx_word' id='word_1_119' title='bbox 953 1115 954 1118; x_wconf 42' lang='lat'>¹</span> 
     </span>
     <span class='ocr_line' id='line_1_15' title="bbox 113 1165 956 1238; baseline -0.005 -16"><span class='ocrx_word' id='word_1_120' title='bbox 113 1172 205 1238; x_wconf 88' lang='lat' dir='ltr'><strong>ponitur</strong></span> <span class='ocrx_word' id='word_1_121' title='bbox 214 1172 240 1223; x_wconf 87' lang='lat' dir='ltr'><strong>iu</strong></span> <span class='ocrx_word' id='word_1_122' title='bbox 249 1173 454 1238; x_wconf 79' lang='lat' dir='ltr'><strong>lorrnabaptisnri‚</strong></span> <span class='ocrx_word' id='word_1_123' title='bbox 470 1173 515 1223; x_wconf 90' lang='lat' dir='ltr'><strong>nisi</strong></span> <span class='ocrx_word' id='word_1_124' title='bbox 525 1186 584 1224; x_wconf 91' lang='lat' dir='ltr'><strong>unns</strong></span> <span class='ocrx_word' id='word_1_125' title='bbox 597 1177 660 1222; x_wconf 86' lang='lat' dir='ltr'><strong>ectus</strong></span> <span class='ocrx_word' id='word_1_126' title='bbox 674 1169 786 1236; x_wconf 81' lang='lat' dir='ltr'><strong>adipsum</strong></span> <span class='ocrx_word' id='word_1_127' title='bbox 800 1170 911 1222; x_wconf 71' lang='lat' dir='ltr'><strong>homnem</strong></span> <span class='ocrx_word' id='word_1_128' title='bbox 955 1165 956 1190; x_wconf 63' lang='lat'>¹</span> 
     </span>
     <span class='ocr_line' id='line_1_16' title="bbox 114 1241 912 1308; baseline -0.005 -14"><span class='ocrx_word' id='word_1_129' title='bbox 114 1242 301 1294; x_wconf 81' lang='lat' dir='ltr'><strong>sanctificandum</strong></span> <span class='ocrx_word' id='word_1_130' title='bbox 319 1245 445 1308; x_wconf 78' lang='lat' dir='ltr'><strong>pertinens.</strong></span> <span class='ocrx_word' id='word_1_131' title='bbox 466 1245 510 1294; x_wconf 88' lang='lat' dir='ltr'><strong>Sed</strong></span> <span class='ocrx_word' id='word_1_132' title='bbox 526 1245 571 1294; x_wconf 88' lang='lat' dir='ltr'><strong>hoo</strong></span> <span class='ocrx_word' id='word_1_133' title='bbox 590 1246 756 1294; x_wconf 82' lang='lat' dir='ltr'><strong>sacramentnm</strong></span> <span class='ocrx_word' id='word_1_134' title='bbox 773 1254 820 1292; x_wconf 91' lang='lat' dir='ltr'><strong>uon</strong></span> <span class='ocrx_word' id='word_1_135' title='bbox 844 1241 912 1293; x_wconf 80' lang='lat' dir='ltr'><strong>solium</strong></span> 
     </span>
     <span class='ocr_line' id='line_1_17' title="bbox 113 1312 956 1378; baseline -0.005 -10"><span class='ocrx_word' id='word_1_136' title='bbox 113 1314 228 1368; x_wconf 82' lang='lat' dir='ltr'><strong>ordinatur</strong></span> <span class='ocrx_word' id='word_1_137' title='bbox 240 1315 268 1364; x_wconf 87' lang='lat' dir='ltr'><strong>ad</strong></span> <span class='ocrx_word' id='word_1_138' title='bbox 285 1316 329 1368; x_wconf 89' lang='lat' dir='ltr'><strong>hoc</strong></span> <span class='ocrx_word' id='word_1_139' title='bbox 338 1315 398 1378; x_wconf 84' lang='lat' dir='ltr'><strong>quod</strong></span> <span class='ocrx_word' id='word_1_140' title='bbox 411 1317 480 1367; x_wconf 86' lang='lat' dir='ltr'><strong>homo</strong></span> <span class='ocrx_word' id='word_1_141' title='bbox 492 1314 645 1366; x_wconf 83' lang='lat' dir='ltr'><strong>sanctificetur</strong></span> <span class='ocrx_word' id='word_1_142' title='bbox 655 1313 678 1363; x_wconf 89' lang='lat' dir='ltr'><strong>in</strong></span> <span class='ocrx_word' id='word_1_143' title='bbox 688 1312 762 1378; x_wconf 88' lang='lat' dir='ltr'><strong>seipso</strong></span> <span class='ocrx_word' id='word_1_144' title='bbox 772 1350 779 1378; x_wconf 82' lang='lat'>‚</span> <span class='ocrx_word' id='word_1_145' title='bbox 789 1313 832 1364; x_wconf 85' lang='lat' dir='ltr'><strong>sed</strong></span> <span class='ocrx_word' id='word_1_146' title='bbox 846 1325 912 1376; x_wconf 83' lang='lat' dir='ltr'><strong>erpo·</strong></span> <span class='ocrx_word' id='word_1_147' title='bbox 955 1341 956 1352; x_wconf 32' lang='grc' dir='ltr'><strong>κ</strong></span> 
     </span>
     <span class='ocr_line' id='line_1_18' title="bbox 113 1382 911 1450; baseline -0.004 -13"><span class='ocrx_word' id='word_1_148' title='bbox 113 1386 176 1437; x_wconf 87' lang='lat' dir='ltr'><strong>nitur</strong></span> <span class='ocrx_word' id='word_1_149' title='bbox 188 1384 276 1438; x_wconf 83' lang='lat' dir='ltr'><strong>cnidum</strong></span> <span class='ocrx_word' id='word_1_150' title='bbox 290 1399 372 1450; x_wconf 79' lang='lat' dir='ltr'><strong>pugne</strong></span> <span class='ocrx_word' id='word_1_151' title='bbox 386 1387 504 1438; x_wconf 81' lang='lat' dir='ltr'><strong>exteriorl.</strong></span> <span class='ocrx_word' id='word_1_152' title='bbox 521 1387 550 1436; x_wconf 82' lang='lat' dir='ltr'><strong>ut</strong></span> <span class='ocrx_word' id='word_1_153' title='bbox 568 1385 619 1438; x_wconf 89' lang='lat' dir='ltr'><strong>ideo</strong></span> <span class='ocrx_word' id='word_1_154' title='bbox 634 1398 681 1436; x_wconf 92' lang='lat' dir='ltr'><strong>uon</strong></span> <span class='ocrx_word' id='word_1_155' title='bbox 697 1382 771 1436; x_wconf 82' lang='lat' dir='ltr'><strong>sollum</strong></span> <span class='ocrx_word' id='word_1_156' title='bbox 785 1384 810 1434; x_wconf 91' lang='lat' dir='ltr'><strong>tlt</strong></span> <span class='ocrx_word' id='word_1_157' title='bbox 830 1382 911 1436; x_wconf 88' lang='lat' dir='ltr'><strong>mentio</strong></span> 
     </span>
     <span class='ocr_line' id='line_1_19' title="bbox 114 1455 910 1520; baseline -0.003 -12"><span class='ocrx_word' id='word_1_158' title='bbox 114 1457 142 1508; x_wconf 88' lang='lat' dir='ltr'><strong>de</strong></span> <span class='ocrx_word' id='word_1_159' title='bbox 156 1456 259 1508; x_wconf 85' lang='lat' dir='ltr'><strong>interiori</strong></span> <span class='ocrx_word' id='word_1_160' title='bbox 271 1458 458 1520; x_wconf 78' lang='lat' dir='ltr'><strong>sanctificatione,</strong></span> <span class='ocrx_word' id='word_1_161' title='bbox 474 1457 526 1508; x_wconf 79' lang='lat' dir='ltr'><strong>curn</strong></span> <span class='ocrx_word' id='word_1_162' title='bbox 539 1458 639 1512; x_wconf 88' lang='lat' dir='ltr'><strong>dicitur:</strong></span> <span class='ocrx_word' id='word_1_163' title='bbox 656 1456 792 1508; x_wconf 72' lang='lat' dir='ltr'><strong>«confirmo</strong></span> <span class='ocrx_word' id='word_1_164' title='bbox 805 1459 830 1508; x_wconf 87' lang='lat' dir='ltr'><strong>te</strong></span> <span class='ocrx_word' id='word_1_165' title='bbox 843 1455 910 1506; x_wconf 70' lang='lat' dir='ltr'><strong>chin·</strong></span> 
     </span>
     <span class='ocr_line' id='line_1_20' title="bbox 115 1525 912 1594; baseline -0.006 -13"><span class='ocrx_word' id='word_1_166' title='bbox 115 1531 175 1581; x_wconf 84' lang='lat' dir='ltr'><strong>mate</strong></span> <span class='ocrx_word' id='word_1_167' title='bbox 192 1527 286 1594; x_wconf 73' lang='lat' dir='ltr'><strong>salutis,</strong></span> <span class='ocrx_word' id='word_1_168' title='bbox 299 1546 313 1577; x_wconf 86' lang='lat' dir='ltr'><strong>n</strong></span> <span class='ocrx_word' id='word_1_169' title='bbox 331 1530 455 1582; x_wconf 83' lang='lat' dir='ltr'><strong>sedetiam</strong></span> <span class='ocrx_word' id='word_1_170' title='bbox 471 1529 617 1592; x_wconf 76' lang='lat' dir='ltr'><strong>consignatur</strong></span> <span class='ocrx_word' id='word_1_171' title='bbox 639 1529 708 1580; x_wconf 85' lang='lat' dir='ltr'><strong>homo</strong></span> <span class='ocrx_word' id='word_1_172' title='bbox 729 1526 834 1578; x_wconf 78' lang='lat' dir='ltr'><strong>euterius</strong></span> <span class='ocrx_word' id='word_1_173' title='bbox 852 1525 912 1591; x_wconf 78' lang='lat' dir='ltr'><strong>quusi</strong></span> 
     </span>
     <span class='ocr_line' id='line_1_21' title="bbox 114 1596 913 1667; baseline -0.001 -18"><span class='ocrx_word' id='word_1_174' title='bbox 114 1600 197 1651; x_wconf 86' lang='lat' dir='ltr'><strong>vexillo</strong></span> <span class='ocrx_word' id='word_1_175' title='bbox 212 1601 288 1652; x_wconf 88' lang='lat' dir='ltr'><strong>crucis</strong></span> <span class='ocrx_word' id='word_1_176' title='bbox 303 1603 331 1652; x_wconf 83' lang='lat' dir='ltr'><strong>orl</strong></span> <span class='ocrx_word' id='word_1_177' title='bbox 345 1615 445 1667; x_wconf 78' lang='lat' dir='ltr'><strong>pugnarn</strong></span> <span class='ocrx_word' id='word_1_178' title='bbox 458 1600 615 1664; x_wconf 64' lang='lat' dir='ltr'><strong>spiritualem</strong></span> <span class='ocrx_word' id='word_1_179' title='bbox 631 1599 692 1663; x_wconf 83' lang='lat' dir='ltr'><strong>quon</strong></span> <span class='ocrx_word' id='word_1_180' title='bbox 710 1596 913 1664; x_wconf 66' lang='lat' dir='ltr'><strong>prolocutorem</strong></span> 
     </span>
     <span class='ocr_line' id='line_1_22' title="bbox 114 1669 912 1737; baseline -0.003 -15"><span class='ocrx_word' id='word_1_181' title='bbox 114 1671 197 1723; x_wconf 85' lang='lat' dir='ltr'><strong>dicitur</strong></span> <span class='ocrx_word' id='word_1_182' title='bbox 212 1687 218 1722; x_wconf 91' lang='lat'>:</span> <span class='ocrx_word' id='word_1_183' title='bbox 234 1672 377 1736; x_wconf 77' lang='lat' dir='ltr'><strong>«consigno</strong></span> <span class='ocrx_word' id='word_1_184' title='bbox 389 1677 412 1725; x_wconf 89' lang='lat' dir='ltr'><strong>te</strong></span> <span class='ocrx_word' id='word_1_185' title='bbox 429 1674 496 1737; x_wconf 78' lang='lat' dir='ltr'><strong>signo</strong></span> <span class='ocrx_word' id='word_1_186' title='bbox 512 1672 595 1724; x_wconf 85' lang='lat' dir='ltr'><strong>crucis.</strong></span> <span class='ocrx_word' id='word_1_187' title='bbox 611 1687 624 1718; x_wconf 85' lang='lat' dir='ltr'><strong>u</strong></span> <span class='ocrx_word' id='word_1_188' title='bbox 642 1673 668 1722; x_wconf 91' lang='lat' dir='ltr'><strong>lu</strong></span> <span class='ocrx_word' id='word_1_189' title='bbox 685 1670 737 1736; x_wconf 85' lang='lat' dir='ltr'><strong>ipso</strong></span> <span class='ocrx_word' id='word_1_190' title='bbox 754 1673 830 1722; x_wconf 82' lang='lat' dir='ltr'><strong>autom</strong></span> <span class='ocrx_word' id='word_1_191' title='bbox 847 1669 912 1720; x_wconf 78' lang='lat' dir='ltr'><strong>uerbo</strong></span> 
     </span>
     <span class='ocr_line' id='line_1_23' title="bbox 114 1742 910 1809; baseline -0.005 -16"><span class='ocrx_word' id='word_1_192' title='bbox 114 1743 261 1809; x_wconf 82' lang='lat' dir='ltr'><strong>baptizandi,</strong></span> <span class='ocrx_word' id='word_1_193' title='bbox 275 1748 336 1809; x_wconf 84' lang='lat' dir='ltr'><strong>puol</strong></span> <span class='ocrx_word' id='word_1_194' title='bbox 349 1747 488 1797; x_wconf 80' lang='lat' dir='ltr'><strong>ablutionem</strong></span> <span class='ocrx_word' id='word_1_195' title='bbox 503 1743 630 1808; x_wconf 81' lang='lat' dir='ltr'><strong>significat,</strong></span> <span class='ocrx_word' id='word_1_196' title='bbox 642 1742 825 1808; x_wconf 68' lang='lat' dir='ltr'><strong>potestiutelligl</strong></span> <span class='ocrx_word' id='word_1_197' title='bbox 834 1746 858 1795; x_wconf 86' lang='lat' dir='ltr'><strong>et</strong></span> <span class='ocrx_word' id='word_1_198' title='bbox 869 1753 910 1792; x_wconf 86' lang='lat' dir='ltr'><strong>nru-</strong></span> 
     </span>
     <span class='ocr_line' id='line_1_24' title="bbox 117 1813 911 1882; baseline -0.001 -17"><span class='ocrx_word' id='word_1_199' title='bbox 117 1815 182 1878; x_wconf 82' lang='lat' dir='ltr'><strong>terie,</strong></span> <span class='ocrx_word' id='word_1_200' title='bbox 194 1831 245 1881; x_wconf 81' lang='lat' dir='ltr'><strong>quur</strong></span> <span class='ocrx_word' id='word_1_201' title='bbox 261 1823 297 1869; x_wconf 91' lang='lat' dir='ltr'><strong>est</strong></span> <span class='ocrx_word' id='word_1_202' title='bbox 309 1830 367 1882; x_wconf 82' lang='lat' dir='ltr'><strong>equa</strong></span> <span class='ocrx_word' id='word_1_203' title='bbox 383 1817 492 1879; x_wconf 84' lang='lat' dir='ltr'><strong>abluens,</strong></span> <span class='ocrx_word' id='word_1_204' title='bbox 504 1823 528 1868; x_wconf 89' lang='lat' dir='ltr'><strong>et</strong></span> <span class='ocrx_word' id='word_1_205' title='bbox 541 1817 636 1868; x_wconf 82' lang='lat' dir='ltr'><strong>effectus</strong></span> <span class='ocrx_word' id='word_1_206' title='bbox 650 1814 739 1878; x_wconf 81' lang='lat' dir='ltr'><strong>salutis,</strong></span> <span class='ocrx_word' id='word_1_207' title='bbox 755 1829 806 1880; x_wconf 79' lang='lat' dir='ltr'><strong>que</strong></span> <span class='ocrx_word' id='word_1_208' title='bbox 818 1827 867 1866; x_wconf 90' lang='lat' dir='ltr'><strong>non</strong></span> <span class='ocrx_word' id='word_1_209' title='bbox 879 1813 911 1864; x_wconf 91' lang='lat' dir='ltr'><strong>in·</strong></span> 
     </span>
     <span class='ocr_line' id='line_1_25' title="bbox 115 1887 955 1960; baseline -0.007 -16"><span class='ocrx_word' id='word_1_210' title='bbox 115 1890 249 1952; x_wconf 80' lang='lat' dir='ltr'><strong>telliguntnr</strong></span> <span class='ocrx_word' id='word_1_211' title='bbox 263 1891 287 1941; x_wconf 93' lang='lat' dir='ltr'><strong>in</strong></span> <span class='ocrx_word' id='word_1_212' title='bbox 299 1892 368 1942; x_wconf 81' lang='lat' dir='ltr'><strong>uerbo</strong></span> <span class='ocrx_word' id='word_1_213' title='bbox 380 1891 543 1952; x_wconf 74' lang='lat' dir='ltr'><strong>wnfirmeudl;</strong></span> <span class='ocrx_word' id='word_1_214' title='bbox 554 1893 578 1940; x_wconf 88' lang='lat' dir='ltr'><strong>et</strong></span> <span class='ocrx_word' id='word_1_215' title='bbox 588 1889 639 1942; x_wconf 87' lang='lat' dir='ltr'><strong>ideo</strong></span> <span class='ocrx_word' id='word_1_216' title='bbox 647 1887 747 1954; x_wconf 90' lang='lat' dir='ltr'><strong>oportuit</strong></span> <span class='ocrx_word' id='word_1_217' title='bbox 759 1890 810 1940; x_wconf 78' lang='lat' dir='ltr'><strong>hec</strong></span> <span class='ocrx_word' id='word_1_218' title='bbox 819 1898 910 1956; x_wconf 83' lang='lat' dir='ltr'><strong>ponere·</strong></span> <span class='ocrx_word' id='word_1_219' title='bbox 954 1953 955 1960; x_wconf 8' lang='grc' dir='ltr'>ἵ</span> 
     </span>
     <span class='ocr_line' id='line_1_26' title="bbox 117 1959 955 2026; baseline -0.007 -12"><span class='ocrx_word' id='word_1_220' title='bbox 117 1961 205 2014; x_wconf 81' lang='lat' dir='ltr'><strong>Dictum</strong></span> <span class='ocrx_word' id='word_1_221' title='bbox 218 1967 254 2013; x_wconf 90' lang='lat' dir='ltr'><strong>est</strong></span> <span class='ocrx_word' id='word_1_222' title='bbox 274 1962 351 2012; x_wconf 84' lang='lat' dir='ltr'><strong>autem</strong></span> <span class='ocrx_word' id='word_1_223' title='bbox 365 1961 434 2026; x_wconf 78' lang='lat' dir='ltr'><strong>sopri</strong></span> <span class='ocrx_word' id='word_1_224' title='bbox 449 1961 505 2026; x_wconf 77' lang='lat' dir='ltr'><strong>(qu.</strong></span> <span class='ocrx_word' id='word_1_225' title='bbox 526 1966 570 2024; x_wconf 83' lang='lat'><strong>66,</strong></span> <span class='ocrx_word' id='word_1_226' title='bbox 586 1966 629 2012; x_wconf 86' lang='lat' dir='ltr'><strong>ert.</strong></span> <span class='ocrx_word' id='word_1_227' title='bbox 649 1966 676 2024; x_wconf 80' lang='lat'><strong>5,</strong></span> <span class='ocrx_word' id='word_1_228' title='bbox 693 1962 719 2014; x_wconf 84' lang='lat' dir='ltr'><strong>ad</strong></span> <span class='ocrx_word' id='word_1_229' title='bbox 738 1963 781 2023; x_wconf 89' lang='lat' dir='ltr'><strong>l),</strong></span> <span class='ocrx_word' id='word_1_230' title='bbox 795 1959 857 2024; x_wconf 81' lang='lat' dir='ltr'><strong>qnod</strong></span> <span class='ocrx_word' id='word_1_231' title='bbox 872 1960 910 2010; x_wconf 84' lang='lat' dir='ltr'><strong>loc</strong></span> <span class='ocrx_word' id='word_1_232' title='bbox 954 1979 955 2022; x_wconf 71' lang='lat'>1</span> 
     </span>
     <span class='ocr_line' id='line_1_27' title="bbox 115 2029 912 2100; baseline -0.01 -15"><span class='ocrx_word' id='word_1_233' title='bbox 115 2035 175 2100; x_wconf 87' lang='lat' dir='ltr'><strong>quod</strong></span> <span class='ocrx_word' id='word_1_234' title='bbox 190 2032 286 2095; x_wconf 88' lang='lat' dir='ltr'><strong>dicitur,</strong></span> <span class='ocrx_word' id='word_1_235' title='bbox 302 2050 315 2078; x_wconf 85' lang='lat' dir='ltr'><strong>u</strong></span> <span class='ocrx_word' id='word_1_236' title='bbox 328 2033 374 2095; x_wconf 74' lang='lat' dir='ltr'><strong>llgo</strong></span> <span class='ocrx_word' id='word_1_237' title='bbox 383 2071 390 2092; x_wconf 88' lang='lat'>‚</span> <span class='ocrx_word' id='word_1_238' title='bbox 400 2051 414 2080; x_wconf 86' lang='lat' dir='ltr'><strong>n</strong></span> <span class='ocrx_word' id='word_1_239' title='bbox 425 2046 471 2084; x_wconf 89' lang='lat' dir='ltr'><strong>non</strong></span> <span class='ocrx_word' id='word_1_240' title='bbox 488 2036 523 2086; x_wconf 89' lang='lat' dir='ltr'><strong>est</strong></span> <span class='ocrx_word' id='word_1_241' title='bbox 537 2033 565 2084; x_wconf 89' lang='lat' dir='ltr'><strong>de</strong></span> <span class='ocrx_word' id='word_1_242' title='bbox 578 2033 714 2084; x_wconf 81' lang='lat' dir='ltr'><strong>necessitate</strong></span> <span class='ocrx_word' id='word_1_243' title='bbox 730 2031 810 2084; x_wconf 74' lang='lat' dir='ltr'><strong>forme</strong></span> <span class='ocrx_word' id='word_1_244' title='bbox 823 2029 912 2097; x_wconf 76' lang='lat' dir='ltr'><strong>baptis-</strong></span> 
     </span>
     <span class='ocr_line' id='line_1_28' title="bbox 116 2102 910 2170; baseline -0.009 -13"><span class='ocrx_word' id='word_1_245' title='bbox 116 2105 181 2157; x_wconf 83' lang='lat' dir='ltr'><strong>mclis</strong></span> <span class='ocrx_word' id='word_1_246' title='bbox 192 2143 200 2165; x_wconf 83' lang='lat'>‚</span> <span class='ocrx_word' id='word_1_247' title='bbox 213 2103 267 2169; x_wconf 82' lang='lat' dir='ltr'><strong>qnia</strong></span> <span class='ocrx_word' id='word_1_248' title='bbox 285 2103 420 2166; x_wconf 80' lang='lat' dir='ltr'><strong>intelligitur</strong></span> <span class='ocrx_word' id='word_1_249' title='bbox 439 2104 464 2157; x_wconf 91' lang='lat' dir='ltr'><strong>in</strong></span> <span class='ocrx_word' id='word_1_250' title='bbox 481 2105 551 2157; x_wconf 84' lang='lat' dir='ltr'><strong>uerbo</strong></span> <span class='ocrx_word' id='word_1_251' title='bbox 569 2105 647 2170; x_wconf 82' lang='lat' dir='ltr'><strong>prirnae</strong></span> <span class='ocrx_word' id='word_1_252' title='bbox 660 2116 772 2170; x_wconf 73' lang='lat' dir='ltr'><strong>persone.</strong></span> <span class='ocrx_word' id='word_1_253' title='bbox 790 2102 910 2168; x_wconf 71' lang='lat' dir='ltr'><strong>opponitur</strong></span> 
     </span>
     <span class='ocr_line' id='line_1_29' title="bbox 114 2175 910 2242; baseline -0.003 -16"><span class='ocrx_word' id='word_1_254' title='bbox 114 2181 190 2227; x_wconf 86' lang='lat' dir='ltr'><strong>tumen</strong></span> <span class='ocrx_word' id='word_1_255' title='bbox 205 2176 233 2225; x_wconf 85' lang='lat' dir='ltr'><strong>ud</strong></span> <span class='ocrx_word' id='word_1_256' title='bbox 247 2175 418 2239; x_wconf 82' lang='lat' dir='ltr'><strong>exprimendum</strong></span> <span class='ocrx_word' id='word_1_257' title='bbox 439 2176 605 2242; x_wconf 65' lang='lat' dir='ltr'><strong>intentionem</strong></span> <span class='ocrx_word' id='word_1_258' title='bbox 620 2177 681 2240; x_wconf 85' lang='lat' dir='ltr'><strong>quod</strong></span> <span class='ocrx_word' id='word_1_259' title='bbox 697 2188 744 2228; x_wconf 88' lang='lat' dir='ltr'><strong>non</strong></span> <span class='ocrx_word' id='word_1_260' title='bbox 768 2178 803 2226; x_wconf 86' lang='lat' dir='ltr'><strong>est</strong></span> <span class='ocrx_word' id='word_1_261' title='bbox 820 2175 854 2225; x_wconf 81' lang='lat' dir='ltr'><strong>itu</strong></span> <span class='ocrx_word' id='word_1_262' title='bbox 874 2184 910 2224; x_wconf 85' lang='lat' dir='ltr'><strong>ue·</strong></span> 
     </span>
     <span class='ocr_line' id='line_1_30' title="bbox 115 2244 909 2313; baseline -0.001 -15"><span class='ocrx_word' id='word_1_263' title='bbox 115 2247 237 2300; x_wconf 84' lang='lat' dir='ltr'><strong>cessarium</strong></span> <span class='ocrx_word' id='word_1_264' title='bbox 251 2247 275 2298; x_wconf 89' lang='lat' dir='ltr'><strong>io</strong></span> <span class='ocrx_word' id='word_1_265' title='bbox 289 2247 532 2313; x_wconf 63' lang='lat' dir='ltr'><strong>continuationeque</strong></span> <span class='ocrx_word' id='word_1_266' title='bbox 544 2262 590 2300; x_wconf 89' lang='lat' dir='ltr'><strong>nou</strong></span> <span class='ocrx_word' id='word_1_267' title='bbox 601 2248 720 2302; x_wconf 80' lang='lat' dir='ltr'><strong>exhibetur</strong></span> <span class='ocrx_word' id='word_1_268' title='bbox 732 2246 777 2300; x_wconf 81' lang='lat' dir='ltr'><strong>nisi</strong></span> <span class='ocrx_word' id='word_1_269' title='bbox 791 2247 820 2300; x_wconf 80' lang='lat' dir='ltr'><strong>sb</strong></span> <span class='ocrx_word' id='word_1_270' title='bbox 839 2244 909 2300; x_wconf 77' lang='lat' dir='ltr'><strong>cnoel·</strong></span> 
     </span>
     <span class='ocr_line' id='line_1_31' title="bbox 114 2315 635 2384; baseline -0.004 -12"><span class='ocrx_word' id='word_1_271' title='bbox 114 2315 172 2372; x_wconf 86' lang='lat' dir='ltr'><strong>lenti</strong></span> <span class='ocrx_word' id='word_1_272' title='bbox 181 2317 299 2384; x_wconf 84' lang='lat' dir='ltr'><strong>ministro,</strong></span> <span class='ocrx_word' id='word_1_273' title='bbox 313 2321 339 2370; x_wconf 86' lang='lat' dir='ltr'><strong>nl</strong></span> <span class='ocrx_word' id='word_1_274' title='bbox 347 2319 406 2371; x_wconf 82' lang='lat' dir='ltr'><strong>inlrt</strong></span> <span class='ocrx_word' id='word_1_275' title='bbox 416 2319 504 2372; x_wconf 87' lang='lat' dir='ltr'><strong>dicetur</strong></span> <span class='ocrx_word' id='word_1_276' title='bbox 518 2319 572 2384; x_wconf 81' lang='lat' dir='ltr'><strong>(aut.</strong></span> <span class='ocrx_word' id='word_1_277' title='bbox 584 2321 635 2384; x_wconf 78' lang='lat' dir='ltr'><strong>ll).</strong></span> 
     </span>
    </p>
   </div>
   <div class='ocr_carea' id='block_1_3' title="bbox 0 0 978 3284">
    <p class='ocr_par' dir='ltr' id='par_1_6' title="bbox 0 0 978 3284">
     <span class='ocr_line' id='line_1_32' title="bbox 0 0 978 3284; baseline 0 0"><span class='ocrx_word' id='word_1_278' title='bbox 0 0 978 3284; x_wconf 95' lang='lat' dir='ltr'><strong> </strong></span> 
     </span>
    </p>
   </div>
  </div>
 </body>
</html>
