1942 3284
137 0 186 284 G}
414 132 506 187 290
768 138 892 179 uns
926 138 1010 189 ιιι,
1037 138 1222 185 oum.
1253 136 1400 191 mv,
1431 136 1544 177 Aur.
1578 137 1667 178 νιι,

414 221 505 270 ista
530 215 797 280 conversio,
830 228 924 266 non
950 214 1144 282 suscipit
1165 217 1323 281 ,καρίς
1365 228 1512 280 neque
1541 216 1730 267 minito.
1774 215 1942 267 Secum

414 291 522 355 quia
561 290 609 339 in
648 290 736 340 hac
776 288 1073 341 conversione
1112 302 1204 339 non
1248 292 1319 339 est
1351 288 1532 353 aliquod
1578 288 1847 353 subjectum
1865 326 1879 349 ‚
1909 300 1942 351 q

418 360 678 414 successive
712 365 1057 425 praepararetur.
1084 360 1267 423 Tertio,
1297 360 1403 425 quia
1447 360 1596 424 agitur
1625 359 1706 411 Dei
1735 360 1922 410 virtute

418 431 555 483 finita.

480 504 547 554 Ad
585 504 781 569 primum
820 517 926 567 ergo
963 503 1206 553 dicendum
1229 542 1243 566 ‚
1272 502 1394 567 quod
1416 503 1598 568 quidam
1626 516 1720 554 non
1746 502 1941 567 simplic

422 577 701 639 concedunt,
722 574 842 640 quod
862 576 984 626 inter
1011 574 1224 639 quaelibet
1258 576 1348 625 duo
1375 575 1595 625 instantia
1621 575 1681 627 sit
1716 578 1942 640 tempus]

418 648 559 697 dium.
598 647 760 696 Dicunt
786 645 910 696 enim
942 644 1061 709 quod
1101 648 1191 697 hoc
1218 646 1359 697 habet
1378 646 1527 697 locum
1553 647 1604 696 in
1631 646 1823 697 duobus
1851 645 1942 695 inst

414 718 537 769 tibus
571 714 672 783 quae
718 718 979 769 referuntur
1020 718 1078 768 ad
1125 719 1339 769 eumdem
1388 722 1597 785 motum3·
1633 730 1729 767 non
1779 720 1940 767 autem

414 789 587 841 duobus
627 788 903 840 instantibus
929 803 1031 852 quae
1056 790 1313 839 referuntur
1334 791 1390 840 ad
1413 789 1619 853 diversa3
1649 789 1778 840 unde
1810 791 1938 839 inter

414 865 538 912 stans
576 863 697 925 quod
746 865 977 911 mensurat
1012 862 1151 911 finem
1192 860 1384 925 quietis,
1416 865 1464 911 et
1510 862 1630 911 aliud
1674 861 1871 911 instans
1915 874 1942 922 q

414 939 647 985 mensurat
667 934 939 998 principium
962 933 1115 984 motds
1136 971 1150 997 ,
1179 946 1272 985 non
1300 937 1372 984 est
1396 937 1574 996 tempus
1599 933 1828 983 medium.
1863 932 1942 983 Sec'

414 1009 503 1057 hoc
522 1006 841 1071 decipiuntur3
871 1006 978 1069 quia
995 1006 1148 1056 unitas
1175 1006 1393 1069 temporis
1415 1009 1462 1057 et
1488 1004 1710 1056 instantis
1733 1043 1746 1069 ,
1770 1006 1866 1056 -vel
1893 1008 1942 1055 et

418 1076 651 1141 pluralitas
681 1090 837 1127 eorum
851 1114 864 1139 ,
886 1090 980 1127 non
997 1076 1221 1140 accipitur
1249 1075 1498 1127 secundum
1518 1089 1842 1140 quoscumque
1861 1082 1942 1124 mol

418 1150 500 1199 sed
528 1148 777 1200 secundum
806 1149 1003 1213 primum
1037 1151 1210 1199 motum
1237 1148 1369 1211 coeli,
1407 1148 1483 1211 qui
1516 1152 1587 1198 est
1621 1160 1847 1197 mensura
1883 1158 1942 1196 on

418 1224 567 1271 motus
592 1225 639 1271 et
668 1219 851 1285 quietis.
880 1221 937 1269 Et
962 1220 1067 1282 ideo
1092 1219 1169 1269 alii
1195 1220 1284 1270 hoc
1309 1220 1560 1272 concedunt
1585 1219 1634 1269 in
1664 1224 1885 1284 tempore
1913 1231 1942 1280 q

418 1295 647 1343 mensurat
672 1295 847 1342 motum
866 1292 1201 1355 dependentem
1216 1304 1276 1341 ex
1304 1295 1430 1343 motu
1452 1292 1572 1342 coeli.
1602 1291 1724 1342 Sunt
1741 1296 1942 1351 auterno

418 1365 519 1414 dam
548 1368 700 1415 motus
742 1377 799 1415 ex
826 1367 952 1413 motu
980 1363 1083 1415 coeli
1116 1376 1208 1413 non
1237 1364 1545 1427 dependentes
1565 1401 1578 1425 ,
1605 1376 1692 1414 nec
1719 1354 1789 1414 ab⁸
1807 1377 1866 1414 eo
1903 1375 1942 1411 m

418 1436 575 1499 surati,
614 1437 731 1487 sicut
757 1436 806 1485 in
826 1437 862 1486 1.
888 1439 1016 1499 parte
1048 1436 1164 1501 (qu.
1196 1437 1272 1499 53,
1306 1441 1397 1485 art.
1425 1440 1453 1485 3
1475 1436 1514 1499 ),
1545 1436 1715 1485 dictum
1744 1440 1823 1487 est
1857 1435 1942 1484 del

414 1505 540 1555 tibus
569 1506 869 1569 angelorum3
898 1506 1020 1556 unde
1048 1506 1168 1557 inter
1200 1506 1288 1556 duo
1321 1505 1543 1555 instantia
1571 1504 1664 1555 illis
1697 1506 1905 1556 motibus
1935 1517 1942 1550 ι

416 1578 667 1641 pendentia
691 1592 787 1631 non
812 1581 881 1629 est
895 1581 1082 1642 tempus
1103 1577 1318 1627 medium,
1350 1578 1442 1627 Sed
1461 1578 1549 1628 hoc
1584 1589 1678 1627 non
1704 1578 1855 1628 habet
1879 1576 1942 1625 loc

418 1649 467 1698 in
495 1650 760 1715 proposit03
790 1650 895 1713 quia
912 1688 925 1712 ‚
952 1649 1161 1713 quamvis
1185 1649 1273 1699 ista
1303 1650 1542 1700 conversio
1567 1649 1826 1699 secundum
1865 1661 1942 1698 sel

418 1721 583 1771 haheat
625 1723 829 1773 ordinem
860 1723 918 1771 ad
945 1724 1119 1771 motum
1165 1721 1268 1770 coeli
1286 1758 1299 1781 ,
1344 1720 1637 1784 consequitur
1676 1724 1842 1771 tamen
1883 1733 1942 1784 pn

418 1791 589 1843 tionem
621 1795 893 1855 verborum,-
925 1804 1062 1853 quam
1101 1804 1289 1842 necesse
1331 1796 1403 1842 est
1434 1798 1564 1843 motu
1607 1791 1711 1842 coeli
1740 1802 1942 1843 mensura

422 1867 465 1912 et
494 1864 599 1913 ideo
630 1876 820 1915 necesse
848 1866 920 1912 est
945 1862 1066 1912 inter
1098 1862 1312 1926 quaelihet
1339 1864 1428 1915 duo
1474 1863 1696 1913 instantia
1741 1865 1866 1914 circa
1893 1862 1942 1911 ist

422 1934 762 1985 conversionem
806 1933 986 1996 signata
1005 1971 1019 1997 ,
1057 1946 1162 1985 esse
1197 1939 1381 1999 tempus
1429 1936 1649 1985 medium.
1678 1935 1879 1995 Quidam
1917 1946 1941 1983 e

422 2005 603 2069 dicunt,
646 2005 766 2068 qued
790 2005 969 2055 instans
1005 2006 1054 2055 in
1080 2019 1170 2069 quo
1217 2006 1376 2059 ultimo
1406 2010 1476 2057 est
1502 2006 1666 2070 panis,
1697 2011 1745 2057 et
1771 2007 1942 2057 instans

422 2089 513 2139 quo
538 2075 683 2139 primo
722 2080 793 2127 est
820 2089 984 2140 corpus
1010 2077 1210 2139 Christi,
1239 2082 1346 2128 sunt
1373 2078 1558 2141 quidem
1598 2079 1688 2128 duo
1714 2092 1801 2143 per
1827 2089 1942 2138 com}

422 2147 642 2199 rationem
684 2149 738 2199 ad
767 2152 1057 2214 mensurata,
1087 2150 1170 2200 sed
1203 2154 1311 2201 sunt
1344 2163 1487 2199 unum
1523 2163 1606 2213 per
1639 2148 1942 2213 comparationi

422 2220 475 2269 ad
504 2224 686 2283 tempus
719 2232 1013 2284 mensurans;
1051 2220 1168 2276 sicut
1208 2219 1310 2270 cum
1348 2220 1449 2272 duae
1489 2221 1617 2269 linffi
1649 2237 1697 2269 κερ
1729 2222 1938 2281 contingi.-

422 2294 527 2341 Sunt
561 2293 650 2342 duo
691 2294 861 2355 puncta
906 2304 963 2341 ex
997 2295 1126 2354 parte
1173 2292 1363 2342 duarum
1399 2293 1650 2349 linearum,
1689 2309 1830 2341 litium
1874 2298 1942 2337 nul

418 2366 637 2426 punctum
675 2376 733 2413 ex
758 2366 884 2426 parte
916 2362 1006 2414 loci
1041 2363 1338 2415 continentis.
1371 2364 1457 2415 Sed
1493 2369 1577 2413 luff
1613 2381 1697 2413 uun
1745 2373 1814 2413 usi
1850 2365 1942 2413 sitm

418 2434 524 2497 quia
558 2434 734 2485 instans
768 2438 817 2485 et
844 2438 1028 2498 tempus
1056 2434 1404 2498 particularibus
1433 2437 1629 2485 mutilum
1665 2453 1753 2485 :um
1802 2441 1870 2485 est
1898 2449 1942 2481 nu

418 2517 524 2555 sura
551 2506 801 2557 intrinseca
819 2543 837 2569 ,
861 2506 978 2557 sieut
1003 2507 1124 2556 linea
1146 2509 1196 2557 et
1215 2511 1438 2570 punctum
1457 2521 1526 2557 cm
1541 2509 1741 2569 pua-12:415,
1774 2513 1846 2557 sed
1878 2505 1942 2553 suh

418 2577 701 2638 extrinseca,
732 2577 851 2628 sicut
889 2577 1160 2642 corporibus
1211 2578 1354 2628 locus.
1386 2579 1513 2629 Unde
1561 2581 1637 2625 alii
1677 2581 1866 2641 [lii-unt,
1902 2593 1934 2637 ις·

418 2653 488 2700 est
527 2650 648 2701 idem
693 2651 869 2700 instans
896 2663 980 2713 re,
1011 2650 1092 2701 sed
1128 2650 1251 2701 aliud
1291 2651 1481 2701 ratione*
1529 2653 1617 2701 52:211
1653 2653 1894 2701 secun-luri]
1930 2650 1938 2693 l

414 2725 679 2785 sequeretur
696 2720 821 2786 quod
840 2722 1023 2772 realiter
1049 2723 1258 2787 opposita
1279 2728 1433 2773 essent
1461 2725 1617 2785 sinmffi
1649 2741 1749 2773 num
1782 2725 1934 2773 dit-urs:

414 2793 603 2844 rationis
624 2805 717 2843 non
744 2793 891 2843 variat
922 2793 1094 2857 aliquid
1116 2806 1177 2843 ex
1199 2798 1323 2857 parte
1349 2792 1432 2844 rei.
1453 2797 1509 2841 El
1537 2797 1637 2845 ultra]
1661 2797 1894 2845 ilii-ctutum
1918 2809 1938 2837 ἠύ

414 2862 537 2927 quod
580 2866 683 2915 haec
716 2864 984 2927 conversio,
1013 2864 1132 2915 sicut
1172 2864 1343 2916 dictum
1377 2868 1477 2925 est,
1509 2869 1733 2929 permitur
1778 2881 1854 2929 per
1886 2881 1942 2909 ter
