1942 3284
246 186 277 221 ns
293 184 332 223 nis
348 186 394 223 run
410 184 466 229 nnn
478 187 518 224 aur
534 188 695 226 sanissimae:
824 173 870 227 689

43 273 112 313 esse
126 260 227 324 uenale.
246 261 290 311 Sed
309 262 380 312 oratio
397 274 489 325 paenam
506 276 553 314 non
570 264 653 327 halet,
672 264 724 315 eiam
742 263 775 314 sit
791 270 871 319 eontra

49 345 140 396 poenae
159 330 272 381 tristitiam
297 332 424 397 medisina,
439 334 478 384 sad
500 336 682 386 delectationem.
702 335 767 388 Unde
789 338 872 389 dieitur

48 403 160 458 Jacote',
176 404 216 453 V.
236 420 249 450 r
265 404 375 454 Tristatnr
393 406 475 469 aliquis
494 407 612 457 vestrim?
631 412 688 459 oret
703 410 777 473 AEqno
793 409 870 462 animo

49 479 94 525 est
105 472 117 521 l
127 475 220 538 psallat
232 490 246 521 ιι
258 476 315 539 Ergo
331 488 378 526 non
393 477 459 527 dehet
473 478 600 543 computari
610 478 670 529 inter
683 493 752 545 opera
765 479 870 533 salisian-

53 544 134 596 toria.

93 620 122 665 9.
143 616 270 679 Preterea,
286 630 352 669 omne
371 621 491 683 narratum
513 619 551 669 vel
568 623 604 669 est
620 622 724 683 carnale,
742 624 781 673 uel
803 621 872 688 spirl-

53 686 140 739 tuale.
157 686 214 747 Sed,
230 688 287 738 sicut
300 689 355 739 dicit
367 690 520 753 Hieronymus
530 691 555 739 in
568 690 623 741 illud
634 693 726 749 More
738 694 872 747 lll:ulloo

50 771 139 839 genus
151 756 353 839 (daemonioruml
346 774 370 809 ιιι
384 760 447 810 nullo
460 764 537 823 potest
551 761 614 812 exire
628 763 672 812 nisi
690 764 715 813 in
729 765 832 816 oratione
847 761 872 817 et

47 828 167 895 jejunio,
187 828 275 892 jejunio
299 835 409 881 sanantur
430 835 509 895 pestes
526 833 641 897 eorporis,
664 835 767 887 oratione
792 842 872 900 pestes

51 899 161 950 mentis
177 914 191 945 o
206 900 264 965 Ergo
281 914 326 953 non
343 903 410 953 debet
426 916 477 955 esse
491 904 582 967 aliquod
596 903 657 954 aliud
667 918 725 970 opus
738 908 874 960 satisfacto-

54 973 134 1023 rium.

94 1046 121 1091 3.
143 1042 273 1105 Praeterea,
289 1044 414 1096 satisfactio
434 1050 470 1097 est
487 1046 616 1097 necessaria
636 1049 677 1098 ad
685 1049 872 1103 emundationem

52 1116 219 1179 peccatorum.
239 1114 284 1165 Sed
302 1116 447 1181 eleemosyna
466 1118 495 1168 ab
509 1118 615 1169 omnibns
636 1118 734 1183 peccatis
748 1124 870 1187 emundat,

56 1186 137 1241 Luc„
154 1183 202 1233 Xl:
219 1186 300 1236 «itate
319 1187 503 1254 eleemosynam,
520 1192 544 1239 et
561 1201 614 1240 ecee
629 1189 802 1241 omniamunda
816 1161 871 1245 sunl

55 1256 142 1308 uobis.
157 1272 171 1303 ιι
188 1254 247 1318 lingo
260 1256 304 1306 alia
320 1258 363 1307 duo
374 1260 427 1307 suut
440 1260 566 1323 superflua.

95 1327 143 1377 Sed
155 1331 248 1389 eontra,
261 1327 350 1379 ridetur
364 1328 425 1392 quod
443 1331 543 1381 debeant
559 1344 612 1381 esse
625 1332 704 1396 plura,
719 1332 773 1396 quia
787 1347 801 1381 u
814 1346 872 1385 oon·

54 1399 136 1450 traria
152 1398 271 1448 contrariis
281 1403 396 1464 curantur,
406 1418 419 1449 n
431 1401 559 1475 (utdieitur
574 1402 610 1467 (t)
622 1403 717 1460 attic„
731 1405 750 1453 ll
757 1417 833 1469 ,.eap
842 1406 870 1466 9,

54 1471 101 1520 vel
114 1470 151 1533 3).
169 1470 213 1519 Sed
232 1471 383 1535 multiplum
401 1476 454 1523 sunt
473 1476 619 1537 peecatorum
638 1487 720 1537 genera
732 1488 801 1537 quam
819 1476 871 1526 tria

56 1544 124 1603 Ergo
140 1540 223 1591 delient
233 1542 298 1605 plura
312 1543 477 1595 satisfactionis
491 1558 561 1608 opera
573 1545 708 1609 computari

98 1613 228 1674 Praeterea,
241 1614 435 1677 peregrinationes
456 1616 525 1666 etiam
544 1616 694 1679 injunguntur
712 1629 753 1679 pro
768 1616 872 1667 satisfac-

60 1686 144 1744 tione,
160 1688 183 1734 et
193 1684 336 1749 disciplinae,
348 1687 398 1737 sire
407 1686 582 1749 flagellationes,
593 1700 644 1750 que
656 1700 702 1737 nou
712 1692 872 1751 computantur

59 1756 108 1807 snb
127 1754 203 1817 aliquo
219 1756 309 1806 horum.
324 1758 383 1820 Ergo
394 1757 534 1807 sufficienter
546 1761 718 1807 enumerantur.

98 1828 259 1893 (Conunnsro.
271 1856 302 1865 -
315 1828 372 1879 con
393 1830 421 1878 de
437 1828 522 1878 diuinis
538 1829 632 1879 eliensis
653 1829 720 1879 aliter
739 1829 870 1881 satisfacere

59 1914 114 1954 non
128 1898 258 1964 possimus,
273 1900 341 1963 quim
358 1904 384 1951 ut
406 1902 433 1952 de
447 1901 521 1951 trihus
533 1900 597 1962 illis,
612 1914 663 1964 qua
678 1902 726 1951 sole
744 1902 869 1965 habemus„

60 1970 152 2031 bouis,
168 1970 249 2020 animae
263 1971 363 2035 scilieet,
378 1971 480 2036 eorporis
495 1985 522 2021 ae
537 1973 644 2033 fortuna,
657 1971 743 2035 aliquid
759 1973 787 2021 ad
799 1973 872 2023 hono·

62 2059 118 2097 reru
130 2042 170 2093 Dei
185 2043 251 2094 nobis
264 2044 425 2095 subtrahamus
432 2082 442 2109 ,
451 2046 497 2096 hoo
510 2050 586 2095 antem
596 2045 634 2095 rel
642 2058 684 2108 par
693 2045 871 2109 eleemosynam,

58 2116 181 2182 jejunium
195 2118 233 2164 ant
243 2116 367 2167 orationem
378 2117 416 2166 liat
429 2131 434 2167 ι
447 2116 509 2168 reete
523 2118 567 2168 tria
577 2119 627 2168 nee
638 2116 826 2181 assignationem
837 2128 876 2167 sa·

60 2185 205 2240 tissaotionis
219 2188 364 2238 manifestum
375 2188 434 2253 est.)

100 2258 375 2323 Respondeodioendnm,
385 2259 444 2323 quod
454 2258 720 2323 satisfactio‚utdietum
730 2258 871 2323 enitenti),

63 2332 138 2383 debet
155 2344 206 2380 esse
221 2330 273 2380 talis
288 2340 331 2393 per
342 2344 410 2394 quam
427 2332 510 2395 aliquid
529 2333 596 2383 nobis
609 2334 768 2383 subtrahamus
786 2332 815 2381 ad
832 2333 876 2381 iro·

64 2414 149 2453 norem
162 2402 217 2464 llei3
234 2414 276 2452 uos
296 2406 432 2453 autemnon
450 2403 561 2453 habemus
580 2402 627 2453 nisi
637 2402 682 2452 tria
698 2403 772 2462 bona,
786 2400 874 2452 seilicet

63 2476 128 2525 bona
138 2472 235 2536 animae,
246 2474 306 2525 bona
315 2476 425 2538 eorporis,
437 2478 461 2525 et
470 2476 530 2525 bona
541 2476 646 2534 fortune,
658 2475 744 2524 scilieet
753 2474 873 2526 exteriora.

64 2546 104 2595 Ex
119 2543 187 2594 bonis
202 2542 293 2607 quidem
307 2546 403 2597 fortunae
416 2546 572 2596 subtrahimus
584 2547 651 2596 nobis
660 2546 745 2608 aliquid
757 2557 798 2607 per
811 2543 875 2593 elee-

67 2628 221 2679 mosynam,
236 2617 275 2667 sed
293 2630 322 2667 ex
338 2616 404 2667 honis
424 2617 524 2681 corporis
540 2631 582 2681 per
599 2617 743 2681 jeiunium.
760 2615 794 2664 lix
809 2612 877 2665 bonis

64 2690 146 2739 autem
165 2686 259 2751 animae,
275 2702 322 2739 non
336 2691 426 2752 oportet
446 2688 508 2753 quod
528 2688 615 2753 aliquid
632 2688 791 2738 subtrahamus
809 2682 876 2736 nobis

103 2830 135 2892 (1)
159 2832 193 2881 ‘Aa
210 2826 264 2881 δὲ’
258 2850 309 2903 rotro
307 2833 356 2882 einr
373 2828 415 2884 διὰ
436 2838 482 2883 τῶν
504 2832 736 2901 ἐναντὶρνπεφὺκασι
754 2830 876 2884 ellectu.

66 2905 144 2951 Arist.
164 2914 239 2962 oper„
256 2909 313 2949 torn.
331 2906 367 2963 11,
384 2916 438 2963 pag.
457 2904 503 2964 20,
520 2904 576 2950 e‘dit.
587 2904 663 2963 Paris,
675 2901 745 2948 1619.
