1942 3284
258 195 289 232 ux
303 195 359 232 arun
375 193 450 232 ansus
467 193 631 232 sacuxnrmr.
799 179 845 227 tot

69 270 105 322 nd
117 269 222 335 primum
230 283 282 334 ergo
293 271 429 333 dicendum,
440 270 502 334 qudd
511 270 531 320 si
541 270 647 320 sacerdos
653 270 725 318 morte
735 269 777 317 aut
784 265 847 316 indr-

40 343 121 392 mitate
137 341 204 405 graui
223 345 344 406 occupetur
358 346 411 393 ante
425 342 622 392 consecrationem
639 338 740 402 corporis
753 342 776 388 et
792 351 847 388 san·

41 414 118 478 guinis
132 413 239 474 Domini,
254 428 301 465 non
315 418 404 479 oportet
417 419 443 464 ut
461 427 501 478 per
517 413 586 462 alium
602 411 742 476 suppleatur,
753 410 777 460 Si
793 407 848 458 verb

40 484 147 550 incoepta
164 487 334 536 consecratione
352 487 395 536 hoo
407 485 529 547 acciderit,
543 482 599 549 pota
608 485 740 534 consecrato
754 492 847 544 corpore

39 564 92 608 ante
111 557 309 610 consecrationem
321 557 455 622 sanguinis,
470 557 507 607 vel
516 556 583 606 etiam
596 559 730 605 consecrato
742 557 847 616 utroque,

41 631 109 682 debet
125 630 205 681 misse
228 630 345 681 celebritas
364 644 404 694 peu
419 630 490 680 alium
508 629 603 693 expleri.
619 627 697 690 Unde,
714 633 740 676 ut
752 627 851 676 babetur

40 703 62 750 in
76 704 194 758 Deerat„
210 703 258 763 Vll,
270 717 309 766 qu.
323 706 346 764 l,
360 716 411 766 cap.
424 701 502 752 Nihil
508 741 518 759 ,
533 702 558 750 in
569 701 677 750 Toletano
691 698 794 749 Concilio
808 697 849 746 llll

42 773 112 838 (cap.
129 774 179 836 2),
194 773 292 836 legitur:
309 792 322 822 o
333 774 469 824 Censuimus
478 772 608 834 convenire,
618 777 644 820 ut
653 771 704 821 ebro
719 767 848 820 descendo·

42 845 102 894 tibus
119 845 244 896 missarum
262 849 362 910 tempore
376 846 483 909 mysteria
495 858 556 894 sacra
571 847 744 903 consecrantur,
755 840 775 890 si
784 838 850 902 egri·

42 915 131 966 tudinis
150 916 239 966 accidat
250 918 346 980 quilibet
355 922 453 968 euentus
460 953 469 979 ,
477 930 523 980 quo
537 920 638 980 coeptnm
650 917 748 977 nequeat
760 910 849 974 expleri

43 988 197 1052 mysterium,
214 987 244 1038 sit
258 989 355 1040 liberum
371 989 480 1053 episcopo
494 988 531 1038 rel
541 988 675 1051 presbytero
690 983 755 1034 alteri
767 993 848 1032 conoe-

43 1061 173 1110 crationem
187 1061 269 1123 exequi
281 1061 375 1125 incoepti
390 1059 469 1111 ollicii.
487 1061 538 1109 Non
552 1059 614 1108 enirn
628 1057 688 1107 aliud
702 1053 812 1117 competit
822 1053 849 1101 ad

43 1131 235 1195 supplementum
253 1132 350 1182 initiatis
364 1132 498 1195 mysteriis,
512 1131 580 1194 qoam
603 1134 642 1180 aut
661 1125 792 1191 incipientis
811 1127 850 1172 aut

44 1203 212 1268 subsequentis
225 1203 352 1254 benedictio
363 1204 475 1267 completa
487 1202 610 1254 sacerdotis
619 1202 683 1264 ,quia
697 1213 741 1250 nec
749 1197 851 1262 perlecta

43 1276 118 1325 rideri
133 1279 247 1339 possunt,
267 1274 311 1324 nisi
329 1275 430 1339 perlecto
444 1274 524 1325 ordine
541 1273 704 1336 compleantur.
719 1269 775 1321 Cum
789 1268 851 1318 enim

45 1346 118 1398 simus
141 1360 223 1399 omues
240 1360 311 1397 unum
332 1347 357 1396 in
374 1346 480 1406 Christo,
497 1346 554 1396 nihil
572 1344 709 1394 contrarium
730 1340 853 1392 diuersitas

45 1432 198 1481 personarum
219 1418 315 1479 format,
327 1418 365 1467 ubi
384 1415 508 1468 efficaciam
529 1415 686 1480 prosperitatis
703 1414 779 1464 uruitas
799 1411 868 1461 lldei„

45 1493 207 1552 repraesentat.
223 1489 257 1539 Ne
277 1494 353 1540 tamen
366 1490 427 1553 quod
447 1493 535 1539 nature
549 1488 663 1551 languoris
678 1484 749 1536 eausa
768 1496 852 1534 oonsu-

45 1562 109 1626 litur‚
126 1564 152 1612 in
171 1563 355 1626 presumptionis
372 1562 498 1626 perniciem
514 1560 754 1621 convertatur‚nullus
768 1562 866 1619 absque.

46 1639 164 1698 proventu
179 1635 278 1698 patentis
294 1635 405 1685 molestie
425 1633 531 1683 minister
548 1631 585 1681 rel
598 1631 719 1689 sacerdos,
736 1627 787 1678 oium
803 1640 854 1677 rae-

47 1706 125 1769 perit,
140 1706 277 1769 imperfecta
291 1705 366 1756 oldoia
376 1708 501 1770 presumat
512 1703 604 1753 omnino
614 1701 755 1763 relinquere;
768 1699 788 1748 si
802 1699 853 1760 quis

47 1778 92 1828 boc
107 1776 233 1829 temerarie
250 1777 436 1842 presumpserit,
455 1772 697 1826 excommunicationis
716 1770 852 1822 sententiam

47 1849 182 1900 sustinebit.
200 1865 214 1896 n

80 1923 115 1972 ad
128 1923 253 1972 secundum
267 1922 402 1985 dicendum,
417 1921 477 1985 qubd
487 1919 528 1970 ubi
540 1917 652 1969 dibeultas
665 1913 781 1974 occurrit,
793 1926 853 1963 sem-

49 2007 91 2056 per
111 1997 149 2044 est
167 1994 325 2058 accipiendum
348 1995 402 2045 illud
426 1994 488 2057 quod
507 1992 575 2042 babet
596 1988 672 2038 minds
690 1990 719 2038 de
741 1985 853 2049 periculo.

50 2065 150 2116 Maxime
163 2071 240 2116 autem
255 2068 409 2130 periculosum
421 2066 481 2116 circa
495 2067 539 2115 boc
549 2065 715 2113 sacramentum
728 2063 780 2122 est,
795 2057 855 2120 quod

51 2141 88 2187 est
96 2143 178 2188 contra
186 2139 351 2202 perlectionem
361 2139 430 2201 bujus
438 2135 584 2195 sacramenti,
591 2133 645 2198 quia
655 2135 700 2182 boc
709 2135 745 2181 est
755 2130 856 2179 immane

51 2209 214 2272 sacrilegium3
228 2211 305 2260 minus
323 2216 398 2260 antem
416 2213 452 2260 est
463 2209 518 2258 illud
534 2207 595 2271 quod
608 2204 711 2269 pertinet
720 2202 749 2251 ad
762 2200 857 2263 qualita-

51 2285 100 2331 tem
114 2284 235 2333 sumentis.
251 2283 279 2332 Et
289 2284 354 2342 ideo,
370 2282 390 2333 si
407 2282 528 2341 sacerdos,
546 2281 599 2342 post
617 2275 812 2327 consecrationem
821 2271 857 2320 in-

53 2358 170 2417 emptam,
186 2355 317 2406 recordetur
336 2368 360 2405 se
373 2355 458 2416 aliquid
471 2352 600 2403 comedisse
611 2348 757 2405 imbibisse,
770 2343 859 2393 nibilo-

53 2425 132 2476 minus
141 2426 211 2476 debet
225 2427 334 2490 perlicere
347 2426 481 2476 sacritlcium
495 2429 519 2475 et
531 2434 620 2474 sumere
634 2422 809 2470 sacramentum.
824 2415 859 2465 si-

54 2497 151 2559 militer,
162 2501 182 2548 si
198 2499 329 2550 recordetur
343 2513 367 2549 se
379 2501 497 2564 peccatum
513 2493 603 2558 aliquod
619 2491 776 2548 commisisse,
792 2487 860 2538 debet

54 2568 169 2630 paenitere
184 2583 236 2620 cum
254 2570 370 2634 proposito
381 2568 504 2620 confitendi
518 2571 541 2617 et
551 2563 721 2625 satisfaciendi3
737 2560 803 2610 etsic
814 2570 861 2608 non

55 2639 167 2704 indigne,
183 2643 223 2692 sed
244 2641 357 2693 fructuose
379 2646 455 2692 sumet
468 2641 644 2690 sacramentum.
660 2637 689 2684 nt
706 2633 784 2683 eadem
802 2627 860 2678 ratio

55 2716 102 2773 est,
117 2713 137 2762 si
149 2714 280 2764 meminerit
290 2727 314 2764 se
328 2710 561 2764 excommunicationi
573 2707 708 2769 cuicumque
724 2703 858 2766 subjacere,

57 2785 125 2834 debet
143 2786 205 2837 enim
225 2799 341 2838 assumere
356 2786 496 2852 propositum
510 2781 625 2831 humiliter
639 2776 805 2829 absolutionem
819 2785 860 2835 pe-

57 2857 130 2920 tendi,
145 2857 216 2908 etsie
229 2871 270 2923 per
280 2858 419 2909 invisibilem
428 2854 566 2908 Pontificem
575 2851 656 2900 Jesum
665 2847 779 2899 cbristum
792 2844 859 2893 abso·

56 2924 169 2978 lntionom
181 2933 346 2994 consequetur,
355 2927 466 2993 quantbm
479 2927 509 2976 ad
519 2927 583 2976 bunc
592 2925 678 2985 aetum,
687 2917 747 2985 quod
760 2917 855 2982 peragat

50 3005 64 3027 ἱ
