1942 3284
137 155 170 194 ns
187 153 295 193 samm
309 153 482 194 montmarin
498 153 613 200 chanaon
628 154 662 194 sn
677 157 787 198 srncms.
817 147 865 200 'aaa

90 233 228 296 despondeo
243 232 381 293 dicendum,
396 231 459 296 qnid
477 232 503 281 in
517 233 560 283 hoc
575 237 718 284 sacramento
731 235 776 286 tria
790 237 867 288 oonsi-

62 305 138 354 derare
150 317 290 368 possumus,
302 303 390 354 scilicet
402 303 425 354 id
434 303 496 367 qnod
505 307 540 354 est
552 309 740 356 sacramentam
754 309 865 368 tantiam,

57 376 119 440 qnod
136 380 174 427 est
186 375 257 440 panis
269 379 293 426 et
304 375 398 437 rinnm3
419 378 444 426 et
458 374 484 424 id
500 375 560 438 qood
575 378 610 426 est
628 391 668 425 res
685 380 709 426 ct
725 391 866 430 samonaco-

60 450 131 505 tam,
144 447 241 498 scilicet
252 460 336 510 corpas
348 445 436 496 Christi
447 445 537 509 aenim3
545 449 570 496 et
583 447 643 510 quod
653 451 688 498 est
699 463 740 498 rer
755 451 867 508 tantam,

59 518 145 569 scilicet
158 520 260 569 effectas
271 517 342 583 hujus
359 517 504 568 sacramenti.
518 517 632 576 onanthm
645 519 715 581 igitar
726 521 790 570 adid
802 522 867 585 qnod

57 593 93 640 est
108 593 305 640 scammoniam
322 589 438 646 tantam,
453 587 577 652 potissima
591 589 661 652 figura
672 589 718 640 init
730 591 781 656 cjrrs
792 603 868 644 sacm-

60 665 129 714 menti
148 665 238 716 ohtatio
262 662 498 726 melchisedechiani
523 663 605 714 ohtnlit
625 676 706 728 panem
733 670 757 716 et
776 666 866 718 vinnm.

61 735 177 794 Quantirnr
187 739 265 786 antem
278 737 307 786 ad
320 737 396 800 ipsam
409 734 525 784 Christum
536 747 637 797 passam,
647 735 687 798 qui
698 736 829 788 continetur
841 738 868 789 in

61 805 103 856 hoc
119 811 281 870 sacramento,
296 807 374 870 dgnre
391 806 442 870 ejas
456 805 550 856 inerant
565 807 641 856 omnia
657 807 766 858 sacrificia
782 809 867 860 veteris

60 876 216 941 Testamenti,
231 877 347 942 precipue
361 876 499 927 sacrificinm
515 876 669 940 expiationis,
684 879 744 942 qnod
763 883 811 930 erat
828 893 867 932 so-

60 945 241 999 lemnissimum.
251 947 365 1008 Quanthm
376 950 453 998 antem
463 948 494 997 ad
504 947 624 1008 effectum,
638 948 680 997 duit
693 949 806 1014 praecipua
816 953 867 1015 ejns

60 1016 131 1080 figora
154 1033 258 1083 manna,
272 1021 333 1084 quod
347 1017 473 1069 «hahebat
486 1019 510 1068 in
527 1031 551 1068 se
569 1019 643 1069 omnis
660 1021 748 1084 saporis
765 1022 868 1072 suavita·

60 1091 136 1153 tem»
151 1095 182 1142 nt
190 1092 275 1142 dicitnr
289 1093 362 1154 Son..
376 1090 553 1155 XV1,sicutot
567 1090 638 1154 gratia
650 1091 719 1155 huius
731 1093 868 1144 sacramenti

61 1162 173 1222 qaantirm
187 1164 215 1214 ad
226 1163 302 1215 omnia
313 1163 387 1214 rehcit
402 1166 513 1213 mentem.
528 1162 573 1212 Sed
587 1175 660 1225 agnus
670 1163 782 1227 paschalis
796 1175 868 1228 quan·

60 1231 110 1284 thor
128 1237 161 1286 ad
179 1237 230 1287 hnc
252 1235 298 1285 tria
317 1234 477 1299 prefigurahat
494 1233 538 1284 hoo
559 1237 733 1286 sacramentum.
753 1233 867 1294 Quanthnt

62 1305 124 1356 enirn
143 1309 176 1358 ad
191 1306 305 1372 primunr,
319 1307 373 1370 qnia
388 1305 565 1356 manducabatur
583 1317 635 1354 cum
649 1306 747 1369 panibus
761 1306 849 1372 azymis
857 1340 867 1370 ,1

63 1379 195 1428 sesnndhm'
211 1379 267 1429 ithrd
281 1377 377 1434 and„
393 1377 434 1427 n'h
449 1391 456 1426 ε
474 1392 488 1425 c
502 1377 575 1426 Edent
589 1389 669 1427 carnes
682 1380 706 1428 ot
718 1390 812 1442 azymos
826 1391 868 1442 pa·

65 1461 113 1501 nm.
124 1466 140 1498 n
150 1449 268 1512 Quanthm
276 1450 332 1502 verh
344 1451 371 1500 ad
383 1449 520 1514 secundnm,
532 1447 585 1512 quia
595 1449 754 1500 immolabatur
765 1451 794 1500 ah
805 1449 868 1501 omni

63 1522 210 1575 multitudine
224 1522 322 1573 tiliorum
334 1522 404 1572 israel
416 1519 505 1572 decima
519 1519 599 1585 quarti
618 1519 686 1584 luna3
703 1525 726 1571 et
738 1521 783 1573 init
796 1521 868 1584 figura

65 1594 180 1656 pessimis
201 1594 302 1656 christi,
322 1595 362 1658 qni
382 1597 476 1659 propter
498 1591 652 1642 innocentiam
675 1592 756 1642 dicitur
782 1595 868 1656 dgnus.

65 1663 181 1722 Qffinthm
201 1665 257 1716 sord
275 1667 304 1715 ad
323 1667 443 1728 edoctum,
461 1663 514 1727 qnia
532 1675 574 1726 per
593 1662 728 1726 sanguinem
746 1662 800 1726 agni
818 1675 871 1726 paa-

69 1735 141 1786 chalis
156 1737 257 1801 protecti
274 1741 327 1788 sunt
343 1737 383 1787 dlii
398 1734 494 1786 israela
508 1735 641 1784 devastante
653 1733 743 1796 angelo,
756 1738 780 1784 et
795 1733 872 1784 educti

64 1805 95 1857 de
105 1807 244 1874 AEgyphaoa
253 1808 372 1859 servitute.
383 1809 413 1857 Et
426 1803 538 1871 qnanthrn
552 1805 580 1854 ad
593 1805 637 1855 hoc
650 1803 743 1868 ponitur
756 1805 870 1868 precipua

68 1876 140 1942 isara
168 1880 237 1941 huius
259 1879 395 1931 sacramenti
416 1889 490 1942 agnas
516 1874 644 1942 paschalis,
663 1875 716 1940 quia
740 1876 867 1927 smnndhm

69 1951 146 2001 onnia
162 1952 239 2017 ipsum
258 1955 416 2016 representat.

98 2022 129 2072 Et
140 2035 181 2087 per
191 2026 244 2075 haec
254 2027 318 2088 patet
329 2021 449 2088 responsio
461 2022 491 2072 ad
502 2019 602 2084 obiecta.

416 2207 519 2222 fl

308 2367 476 2439 ddhtdlh
493 2366 629 2432 LXXIV.

102 2516 135 2565 De
146 2517 254 2565 atomio
266 2481 421 2562 auctoricio
433 2516 553 2574 donatiam
563 2512 597 2562 ad
611 2511 729 2574 speciem,
744 2513 775 2559 iat
788 2514 839 2559 octo

360 2588 481 2655 articulos
493 2585 585 2634 dicias.

18 2710 19 2713 Ἴ
77 2705 82 2716 ¹
103 2737 185 2790 heindc
198 2712 435 2790 considerandnmest
449 2711 587 2789 demetenda
601 2735 673 2798 hujus
685 2733 829 2786 sacramenti.
847 2733 876 2782 ht

18 2814 20 2872 ;
76 2807 144 2871 orioro
162 2813 192 2862 do
206 2810 286 2877 specie
301 2809 416 2873 mamma,
436 2808 550 2873 secando,
565 2809 593 2858 de
607 2804 759 2858 conversione
772 2804 839 2869 panis
850 2806 875 2853 et

18 2873 20 2924 i
79 2878 122 2932 riri
141 2883 166 2934 in
186 2895 273 2947 corpus
287 2882 392 2947 Christi3
406 2881 490 2947 tertio,
503 2882 532 2934 do
550 2879 618 2931 modo
639 2877 753 2930 existendi
770 2873 876 2940 corocrh

164 2995 210 3035 ΠΙ.
767 2977 781 3024 8
