1942 3284
150 207 183 243 ΒΕ
202 202 389 246 mmmmm
404 203 437 247 ss)
454 201 630 246 Slffllffllw!
645 202 763 244 nunaut.
813 196 858 244 103

58 284 112 336 tatio
127 282 193 336 eirca
211 294 294 346 aquam
305 281 408 334 tedred
419 293 461 347 per
471 280 613 346 alammion
625 281 800 345 commiscendo,
808 283 859 336 siro

57 355 185 418 domndo,
200 367 248 404 non
265 355 426 404 transmutatur
437 351 527 417 speeies
541 365 614 418 aquae.
628 353 693 404 Unde
706 353 731 404 in
746 353 787 406 tali
802 367 859 418 aqua

55 431 127 490 potest
140 425 193 476 fieri
206 425 351 489 baptismus,
364 423 411 474 nisi
426 423 485 476 [ortt
501 436 559 487 aqua
570 423 721 474 admisceatur
734 439 775 489 per
786 429 860 478 artem

53 499 77 548 in
86 502 132 548 um
141 509 215 560 parva
225 494 352 559 quantitate
365 495 434 546 alienu
446 494 543 559 corpori,
556 494 616 558 qubd
626 495 775 559 compositam
785 495 859 560 magis

55 569 85 620 sit
95 568 159 618 alind
173 565 244 630 quim
258 578 329 629 aqua,
344 565 403 616 sient
415 565 487 616 lutum
501 565 574 629 magis
587 568 622 616 eat
636 569 695 616 terra
706 565 775 630 qulam
787 580 855 630 aqua,

51 643 76 689 et
92 639 173 691 rmum
184 637 331 702 lymphatum
341 635 414 700 magis
423 641 459 689 est
472 636 551 688 uiuum
560 635 628 701 quim
642 649 709 701 aqna.
725 637 769 690 Sed
780 641 859 688 bans-

55 709 149 760 mntatio
169 721 224 772 quau
244 707 271 758 fit
284 707 297 758 d
308 711 404 772 natura,
416 709 550 772 quandoque
564 708 655 772 quidem
673 709 773 772 speeiem
794 722 858 772 aquae

56 780 137 844 soluit3
153 784 179 831 et
192 781 238 830 boo
251 779 277 828 fit
290 780 380 841 quando
396 792 455 844 aqua
470 779 568 832 eliditur
584 793 625 844 per
640 783 744 832 naturam
760 780 788 832 de
804 782 859 832 snb·

54 853 136 904 stantia
153 852 255 915 alicuius
269 851 369 915 corporis
382 850 464 914 mixti,
476 851 537 902 siout
550 865 609 916 aqna
622 865 730 904 munerea
744 852 767 901 in
782 852 857 916 liquo-

52 938 100 976 rem
108 938 176 987 uuan,
188 927 226 974 est
235 923 324 986 uinum3
332 923 394 973 unde
403 936 450 974 non
458 923 528 974 babet
536 922 637 987 speciem
647 935 719 987 aque.
731 923 859 988 Aliquando

52 1001 128 1048 autem
138 997 167 1049 tit
178 1008 222 1059 per
235 996 339 1044 naturam
354 995 511 1044 transmutatio
528 1007 592 1057 aquae
606 995 656 1046 siue
672 995 785 1046 solutione
801 1009 859 1060 spe·

54 1070 112 1133 aiei,
127 1071 154 1119 et
166 1069 214 1118 boe
229 1069 276 1118 um
289 1078 331 1130 per
349 1064 518 1128 alterationem,
537 1066 595 1116 siout
607 1070 671 1130 patet
684 1067 712 1118 de
729 1079 787 1131 aqua
800 1067 860 1118 eale·

54 1140 114 1191 iacta
128 1138 143 1189 l
160 1139 226 1199 sole,
237 1136 307 1201 quam
320 1135 387 1188 otiam
400 1150 440 1201 per
451 1137 603 1202 mixtionem,
614 1136 675 1189 siunt
686 1141 749 1202 patet
759 1138 787 1189 de
801 1151 860 1203 aqna
920 1182 929 1198 ,

55 1211 156 1262 luminis
168 1209 261 1260 turbida
272 1223 301 1263 ex
316 1208 464 1272 permixtione
478 1209 619 1260 terrestrium
631 1209 741 1274 partium.
754 1209 793 1260 Sio
806 1223 860 1273 erqo

56 1283 175 1336 dieendum
185 1285 221 1332 est
234 1280 296 1345 qubd
308 1281 333 1331 in
343 1281 444 1345 qualibet
460 1293 519 1345 aqua
533 1282 727 1344 qualitercumque
745 1284 860 1332 transmu-

57 1359 118 1419 tata,
133 1353 261 1406 dummodo
277 1366 325 1403 non
337 1354 438 1405 soluatur
455 1354 545 1416 speeies
558 1365 637 1416 aqua,
650 1357 726 1418 potest
743 1350 792 1402 deri
804 1352 861 1416 bap-

57 1427 150 1489 tismus3
166 1425 187 1478 si
201 1424 260 1479 rard
272 1425 372 1476 soluatur
385 1425 474 1489 speeies
488 1437 568 1489 aquae,
584 1437 630 1478 nou
648 1427 724 1490 potest
738 1424 787 1476 fieri
800 1424 862 1488 bap-

59 1499 145 1551 tismus.
305 1494 311 1502 '

90 1571 120 1620 ld
128 1571 233 1635 primum
244 1581 298 1633 ergo
307 1568 436 1630 dicendum,
448 1567 509 1632 qudd
522 1568 683 1620 transmutatio
695 1569 757 1620 laeta
765 1568 790 1621 in
803 1581 862 1632 aqua

65 1642 137 1707 nans,
151 1644 176 1692 et
195 1640 306 1692 etiamid
326 1639 377 1689 aliis
394 1640 459 1704 aquis
472 1654 523 1704 quaa
536 1653 608 1704 penes
625 1653 667 1690 nos
679 1642 747 1702 sunt,
760 1654 807 1691 non
826 1643 862 1692 est

62 1716 118 1764 tanta
131 1712 195 1778 qubd
217 1711 293 1762 soluat
306 1711 405 1775 speeiem
418 1724 492 1775 aqna.
506 1711 536 1762 llt
553 1711 605 1762 ideo
617 1711 643 1761 in
653 1712 785 1776 hujusmodi
797 1711 862 1776 aquis

60 1789 130 1849 potest
144 1784 197 1836 lieri
211 1782 345 1848 baptismus.

87 1858 119 1908 bd
131 1857 263 1907 meandum
271 1854 401 1920 dicendum,
408 1852 469 1920 qudd
478 1854 588 1907 admixtio
597 1853 727 1906 chrismatis
738 1868 784 1906 non
795 1856 863 1908 soluit

60 1931 156 1994 speeiem
173 1941 250 1993 aquae,
264 1927 323 1977 sicud
332 1940 376 1977 neo
391 1929 461 1978 etiam
474 1939 530 1992 aqua
543 1927 683 1978 deoootionis
696 1927 797 1978 earnium
805 1967 814 1993 ‚
823 1934 863 1980 aut

60 2001 152 2052 aliorum
165 2000 317 2065 hujusmodi3
333 1998 378 2052 nisi
390 2000 449 2052 fortb
461 2000 491 2052 sit
507 1998 566 2050 faeta
583 2003 647 2052 tanta
660 1999 768 2052 resolutio
781 2013 859 2066 nonpo-

59 2088 106 2124 mm
115 2074 241 2125 lixatornm
250 2073 276 2124 in
285 2085 353 2136 aqua,
365 2072 426 2137 qudd
435 2073 511 2135 liquor
519 2073 570 2140 plus
580 2072 662 2122 babeat
676 2072 703 2122 de
720 2073 793 2124 aliena
803 2074 862 2128 sub-

59 2146 141 2196 stantia
160 2143 231 2208 quam
245 2143 274 2194 de
290 2155 364 2208 aqua,
379 2144 439 2206 quod
455 2157 485 2194 ex
502 2143 647 2208 spissitudine
661 2143 760 2208 perspici
778 2147 861 2208 potest.

60 2218 83 2267 Si
95 2221 175 2269 umen
194 2228 224 2265 ex
242 2215 332 2279 bqnore
350 2214 385 2266 sio
397 2213 518 2279 inspissato
533 2215 673 2280 exprimatur
685 2227 744 2279 aqua
758 2217 861 2282 subtilis,

61 2292 134 2353 potest
147 2287 175 2340 'nn
192 2300 220 2340 aa
234 2287 284 2338 lieri
294 2287 430 2353 baptismus,
444 2286 505 2337 siout
523 2290 546 2338 et
559 2287 583 2338 in
594 2299 653 2352 aqua
665 2301 715 2352 quaa
730 2287 863 2352 exprimitur

62 2374 86 2411 ex
98 2361 148 2412 luto
154 2398 164 2424 ,
177 2359 234 2412 liodt
247 2359 272 2412 in
285 2359 333 2411 luto
345 2359 473 2423 baptismus
490 2359 541 2410 lieri
553 2373 599 2412 non
609 2358 692 2422 possit.

91 2435 123 2487 bd
138 2432 235 2486 tertium
250 2431 385 2491 dcundum,
400 2429 461 2494 qndd
482 2443 541 2496 aqua
557 2433 631 2484 linens
650 2433 678 2482 de
697 2432 765 2482 latere
783 2432 867 2486 Christi

64 2505 181 2570 pendentis
194 2506 220 2560 in
235 2517 303 2558 eruco
317 2516 364 2555 non
381 2503 425 2554 luit
441 2506 523 2555 bumor
535 2503 715 2568 phlegmaticus,
730 2508 757 2556 ut
773 2505 866 2570 quidam

66 2578 181 2641 dixerunt3
197 2577 224 2629 in
239 2575 282 2627 tali
301 2574 362 2625 enim
384 2577 479 2626 humore
498 2589 545 2626 nou
560 2579 638 2641 posset
655 2575 705 2628 fleri
723 2575 866 2640 baptismus,

69 2649 123 2700 sieut
133 2663 177 2701 neo
188 2649 216 2703 in
232 2647 344 2712 sangnine
357 2645 476 2709 animalis,
493 2648 532 2699 aut
544 2645 568 2698 in
585 2646 654 2709 vino,
668 2650 708 2696 aut
723 2660 866 2710 quocumque

68 2719 150 2783 liquore
171 2719 269 2783 alicujus
282 2717 374 2782 planta.
398 2717 452 2768 Fuit
472 2722 547 2768 autem
561 2730 619 2782 aqna
640 2730 711 2782 pura,
733 2717 868 2772 miraculose

10 2818 11 2843 ;
71 2791 181 2854 apodians
200 2790 215 2840 a
233 2802 329 2853 corpore
347 2792 451 2852 mortuo,
470 2789 529 2839 siout
547 2791 571 2840 et
586 2788 693 2853 sanguis,
715 2791 743 2840 ad
762 2803 866 2852 compro-

10 2866 11 2875 *
72 2860 865 2926 bandamuenitatemllominioioorporiscontramaniohaeorumerro

74 2946 129 2998 rem,
142 2937 167 2984 ut
178 2935 266 2992 scilicet
281 2947 323 2999 per
339 2946 421 3000 aquam
434 2932 502 2997 (qua
515 2935 551 2984 est
565 2945 636 2985 unum
652 2933 749 2996 quatuor
767 2931 866 2982 elemen-
