1942 3284
119 185 168 232 teo
290 192 350 232 nens
366 192 408 242 ιιι,
423 191 519 238 gunter.
535 191 612 242 uxvrn,
624 191 685 230 aur.
703 191 748 231 vn.

119 269 319 334 eicunturmatur.
331 268 376 318 Sed
387 268 494 319 cbristus
507 267 635 334 baptizetur
644 280 695 320 uon
710 271 748 320 est
761 269 792 320 ab
808 270 902 336 atiquo
916 273 941 324 de

121 343 184 394 tonte
200 343 336 404 susceptus3
351 339 751 404 sed‚sicutdiciturb1ottb„tlt,
767 357 783 390 c
797 341 939 406 baptizatus
959 371 960 376 κ

119 415 189 465 iesus
201 411 321 464 confestim
337 411 439 462 ascendit
456 411 485 462 dc
499 424 566 476 equa.
582 427 596 458 ιι
617 411 676 475 Ergo
694 411 787 464 videtur
804 413 879 476 qubd
900 429 940 466 nec

120 485 147 536 in
160 484 255 534 aliorum
265 483 378 547 baptismo
385 483 513 548 requiratur
522 482 604 548 aliquis
617 483 657 548 qui
667 483 809 548 baptizatum
823 486 859 536 de
874 499 938 538 saum

121 557 186 608 fonte
200 555 317 620 suscipiat.

151 632 177 676 t.
191 629 317 692 Praeterea,
330 628 458 692 baptismus
475 629 512 678 est
524 626 647 692 spiritualis
662 627 821 692 regeneratio,
841 634 874 680 ut
888 632 938 682 die-

120 704 170 751 tum
188 703 225 750 est
244 699 305 764 (art.
319 702 358 762 e).
372 700 417 750 Sed
435 698 559 749 incarnati
578 699 723 762 generatione
741 711 789 750 non
805 701 938 764 requiritur

121 771 167 822 nisi
179 771 317 836 principium
330 771 512 837 dubiumquod
524 774 560 820 est
573 775 647 834 pater,
659 774 684 822 et
700 768 845 835 principium
861 773 936 837 passi·

122 857 194 908 vum,
205 845 266 908 quod
279 847 315 894 est
334 847 416 894 mater.
429 843 513 908 igitur,
527 841 579 892 cium
596 841 620 893 in
638 843 751 907 baptismo
765 843 850 894 locum
867 844 938 908 patris

123 916 225 969 obtineat
238 915 277 966 itle
289 915 329 980 qui
341 915 457 980 baptizat,
468 915 546 966 locum
560 918 636 966 auteur
647 913 725 964 matris
738 914 868 980 ipsaeque
885 917 936 979 bap

123 989 199 1051 tismi‚
214 992 241 1039 ut
259 989 397 1054 Augustinus
414 987 471 1038 dicit
489 988 513 1038 iu
534 988 632 1053 quodam
651 1000 755 1038 sermone
773 987 936 1052 Eptptonor

125 1062 221 1126 (serm.
234 1061 252 1110 1.
267 1059 389 1110 bominicae
401 1058 462 1109 intra
479 1063 526 1110 oct.
534 1063 553 1122 t,
568 1057 658 1109 uidetur
669 1057 729 1122 qudd
740 1071 787 1110 non
802 1060 937 1124 requiratur

123 1132 205 1197 aliquis
218 1132 277 1183 alius
286 1131 326 1196 qui
338 1131 477 1196 baptizatum
491 1130 519 1181 de
531 1143 597 1181 sacro
611 1129 674 1181 tonte
687 1130 757 1180 leuet.

157 1207 181 1252 ι.
196 1205 323 1264 Praeterea,
337 1203 362 1252 in
380 1203 528 1254 ornamentis
541 1201 648 1254 Ecctesiae
661 1201 718 1252 nibil
732 1200 875 1254 derisorium
889 1205 937 1256 fieri

124 1277 201 1330 debet.
218 1277 261 1327 Sed
275 1277 320 1326 buc
333 1275 469 1326 derisorium
481 1275 581 1338 videtur,
596 1273 656 1338 quod
667 1274 738 1325 adulti
748 1274 883 1340 baptizati,
898 1276 935 1339 qui

125 1349 214 1414 seipsos
232 1350 361 1398 sustentare
375 1348 486 1411 possunt,
504 1351 528 1397 et
548 1347 575 1398 de
593 1346 734 1398 sacrofonte
748 1344 826 1410 exire,
842 1347 876 1398 ab
892 1348 934 1398 atie

126 1420 287 1484 suscipientur.
301 1419 360 1482 drgo
378 1417 470 1467 uidetur
485 1417 546 1480 qubd
560 1430 607 1468 non
624 1416 750 1480 requiratur
761 1413 864 1480 aliquis,
880 1433 934 1482 pre·

125 1491 193 1555 cipnt
206 1489 357 1554 inbaptismo
373 1488 517 1549 adultorum,
531 1490 571 1553 qui
584 1489 727 1554 'baptizatum
741 1489 769 1540 de
783 1501 851 1540 sucro
871 1489 933 1541 fonte

123 1563 195 1614 Ιιιιι.

157 1636 203 1688 Sed
213 1639 293 1687 contra
304 1640 352 1698 est,
366 1635 426 1698 quod
440 1633 562 1700 Dionysius
572 1633 634 1698 dicit,
646 1635 678 1685 ll.
695 1646 746 1698 cap.
766 1631 862 1683 Ecetec.
884 1635 934 1684 bie

127 1710 222 1764 reret„
246 1707 307 1772 qnod
329 1707 488 1758 «secerdotes
508 1709 650 1758 assumentes
668 1705 824 1771 baptizatum,
840 1707 933 1758 tradunt

125 1792 180 1831 eum
192 1781 222 1830 ad
233 1779 391 1830 educationem
403 1777 531 1843 susceptori
542 1782 567 1829 et
579 1777 641 1828 duci.
653 1794 668 1825 ιι

159 1849 428 1917 (Consumto-Sicut
436 1849 525 1914 paruuli
538 1863 612 1914 nuper
622 1849 707 1900 carnali
717 1847 866 1914 generatione
876 1849 932 1910 noti,

127 1922 255 1973 nutricibus
270 1926 294 1973 et
305 1921 436 1986 pedagogis
453 1921 580 1973 inotmendi
592 1922 724 1984 traduntur,
737 1921 769 1971 ita
782 1919 933 1985 inspirituali

120 2007 169 2060 ‚per
179 1994 316 2058 baptismum
325 1992 506 2057 regeneratione,
514 1994 596 2059 aliquis
606 1993 736 2058 requiritur,
743 1993 932 2057 qui'bapta'zatnm

129 2067 157 2118 de
171 2066 311 2118 sacrofonte
325 2065 471 2130 baptismatis
481 2065 622 2130 suscipiens,
634 2066 710 2130 ipsum
723 2069 811 2117 tueatur
825 2069 849 2116 et
862 2065 931 2116 insti-

122 2141 178 2189 tuat
190 2137 265 2188 iubis
279 2151 331 2202 que
344 2139 374 2188 ad
388 2137 493 2188 dunum
505 2137 623 2202 pertinent
636 2136 741 2202 cottum.)

159 2211 297 2274 [despondeo
310 2210 445 2273 dicendum,
460 2209 521 2273 qubd
536 2209 660 2274 spiritualis
673 2208 830 2274 regeneratio,
846 2223 898 2274 qum
907 2209 931 2258 tit

126 2296 169 2348 per
177 2282 328 2347 baptismum,
341 2281 478 2334 assimilatur
492 2282 658 2347 quodammodo
671 2281 815 2346 generationi
829 2282 929 2342 carneti;

126 2355 190 2406 unde
202 2354 286 2404 dicitur
294 2355 313 2404 1.
328 2350 441 2408 Petr..it
454 2371 460 2404 :
475 2371 491 2404 u
501 2353 645 2406 sicutmodo
656 2354 728 2418 geniti
739 2354 848 2416 infantes,
862 2354 931 2404 ratiu-

127 2426 203 2499 nabile
216 2425 266 2477 sine
277 2427 329 2477 doto
340 2426 376 2477 lac
389 2427 554 2492 concupiscite.
564 2443 579 2474 ιι
594 2428 619 2476 ln
632 2427 779 2490 generatione
793 2429 870 2476 autem
883 2438 931 2474 ιιι-

127 2498 188 2562 neti,
197 2499 312 2562 'parribus
322 2502 395 2562 nuper
405 2502 474 2550 natus
484 2498 574 2562 indiget
583 2498 671 2548 nutrice
681 2501 704 2548 et
714 2498 848 2562 paedagogo.
859 2497 927 2558 Unde,

126 2574 152 2621 et
163 2572 187 2621 in
198 2568 312 2634 spirituali
322 2570 468 2634 generatione
477 2570 593 2636 baptismi,
602 2569 724 2634 requiritur
735 2570 817 2634 aliquis
827 2569 867 2633 qui
880 2569 928 2618 tun·

126 2646 193 2706 gutur
210 2642 262 2694 vice
281 2642 375 2694 nutricis
395 2646 419 2695 et
439 2643 571 2708 pedagogi,
591 2643 735 2696 informando
752 2648 778 2694 et
799 2641 928 2693 instruendo

127 2727 191 2778 eum,
204 2713 269 2779 quusi
282 2713 395 2767 neritum
404 2714 429 2764 in
438 2714 496 2778 tide,
508 2715 543 2764 de
552 2715 589 2764 bis
599 2728 650 2778 que
661 2714 777 2779 pertinent
788 2714 818 2764 ad
830 2715 895 2764 tidem
905 2715 927 2762 et

126 2786 200 2836 uitam
208 2785 374 2851 christianam,
385 2786 415 2838 ad
425 2785 489 2850 quod
501 2785 592 2850 praelati
606 2785 715 2839 Ecclesiae
726 2799 808 2838 vucrre
820 2799 866 2836 nen
879 2796 927 2850 pes·

128 2862 195 2922 sunt,
210 2857 271 2909 eirca
284 2870 430 2909 communem
444 2869 523 2908 euram
538 2857 617 2922 populi
632 2857 751 2924 occupati,
766 2858 855 2922 parruti
873 2855 924 2908 enin
959 2893 960 2920 ,

127 2932 153 2980 ct
165 2928 365 2998 neritii-indigent
378 2927 474 2994 specieti
489 2928 548 2984 curt
560 2933 648 2995 ιιιιιιι
661 2930 862 2986 -cumerunembt
880 2927 927 2980 ideo
959 2937 960 3012 p
