1942 3284
137 186 183 233 ‘lto
290 197 493 247 ειιιιιιιιιιιτιιι,
509 198 601 242 oussr.
618 197 677 247 xxv,
693 198 745 233 snr.
760 198 776 233 1.

137 272 271 323 remissione
288 272 387 335 indiget,
404 272 535 337 hujusmodi
555 284 625 337 opera
644 272 758 336 leserunt3
774 270 831 323 diss
846 273 927 337 uimque

137 344 202 395 omui
210 344 352 408 indulgentia
367 344 525 395 remissionem
538 348 726 407 commoneretuu
735 345 777 395 sed
786 346 932 395 eommumitrr

138 428 181 479 pro
193 418 241 466 tota
254 414 365 475 Eoolesia,
379 414 439 465 sieut
451 415 633 479 inostensam,
647 432 662 463 s
671 429 697 467 se
707 415 833 480 adimplere
843 429 871 467 ea
885 430 932 480 qua

137 486 222 537 desunt
234 486 366 550 pmsiouuua
382 486 467 536 Christi
483 486 508 535 in
522 498 617 549 corpore
632 499 675 536 suo
693 500 734 549 pro
752 486 869 550 Ecclesia,
883 504 898 535 n
911 490 933 535 al

137 570 206 620 quam
221 557 311 620 scribit,
325 556 391 614 Col..
403 558 427 619 ¹3
440 560 463 607 et
481 556 515 607 sie
527 556 632 620 praedieta
652 556 733 607 merila
743 562 801 607 suut
812 559 934 609 eommunis
959 576 960 581 ι

137 628 209 677 totius
222 628 340 678 Eoclesie.
354 630 385 678 Ea
398 632 474 677 autem
484 640 535 691 quas
547 632 602 677 sunt
611 626 711 692 aienius
719 629 876 680 multitudinis
884 643 936 681 som

140 699 232 763 munia,
245 700 410 751 distribuuntur
423 699 520 763 iugulis
534 700 562 750 de
574 699 734 763 multitudine,
747 701 878 753 secundun
887 702 937 750 arli-

139 771 208 821 trium
225 772 332 836 ejusqui
345 771 484 822 multitudini
503 776 594 835 preest.
609 772 674 823 Unde
683 771 745 822 sieut
759 773 850 838 aliquis
869 787 939 825 some·

138 846 246 905 queretur
256 844 416 895 remissionem
426 857 515 907 poure,
529 843 549 893 si
562 843 621 893 alius
636 856 678 907 pro
691 856 721 893 eo
735 845 904 909 satislean'sset,
914 845 936 893 itu
960 840 961 895 l

139 914 219 965 sisilli
228 914 354 966 satisfactio
368 915 462 967 alterius
475 928 516 979 per
526 928 578 965 eum
591 913 631 979 qui
645 918 736 977 potest,
751 914 914 967 distribuatur.

170 986 206 1037 td
222 985 319 1049 primum
331 1000 385 1050 orgo
398 986 536 1049 dicendum,
547 985 609 1050 quid
628 985 735 1037 remissio
747 1001 806 1051 quae
821 1002 865 1052 per
876 988 939 1038 indul

139 1057 231 1119 gentiss
241 1058 275 1121 iit,
287 1058 402 1109 nontoilit
415 1059 566 1121 quantitatem
580 1070 653 1121 poenm
667 1058 695 1107 ad
711 1059 827 1123 culpam,
845 1061 898 1125 quis
908 1072 938 1123 nn

139 1128 208 1193 eulpa
224 1129 293 1178 unius
306 1129 367 1179 alius
381 1134 463 1193 sponte
476 1142 567 1193 ponam
582 1128 703 1191 sustinuit,
718 1134 746 1179 nt
760 1130 855 1181 dietum
866 1136 908 1183 est.

173 1200 208 1250 nd
218 1199 343 1250 seeundum
351 1199 483 1261 dicendum,
493 1200 553 1264 qnod
563 1199 601 1250 ille
613 1199 652 1263 qui
665 1200 833 1264 indulgentias
847 1201 938 1265 sumni.
961 1220 962 1277 ι

140 1282 187 1321 nou
195 1270 329 1327 absolvitur,
338 1269 473 1334 simpliciter
486 1270 607 1335 loquendo,
615 1269 713 1321 aderito
725 1283 822 1336 poene,
833 1274 876 1325 sed
888 1274 941 1323 datu·
961 1278 962 1285 ³

138 1340 235 1391 munde
248 1341 347 1391 detritum
361 1342 445 1393 solvat.

171 1411 309 1462 idiosum
322 1412 462 1476 dicendum,
480 1412 542 1477 quod
556 1412 649 1463 effeetus
662 1414 851 1467 sacramentalis
867 1415 942 1465 absols-

140 1481 210 1533 tiouis
223 1487 261 1533 est
276 1483 399 1534 diminutio
412 1483 506 1546 reatds3
524 1488 548 1534 et
560 1484 598 1533 hie
609 1484 704 1533 ellectus
718 1497 770 1535 nou
786 1485 908 1539 inducitur
916 1497 944 1549 ptr

139 1554 311 1619 indulgentias,
327 1557 368 1606 sed
387 1556 474 1607 iaciens
487 1554 639 1617 indulgentias
652 1567 748 1619 poeuam
768 1570 819 1621 pro
834 1571 880 1621 eo,
891 1569 943 1621 quan

139 1627 233 1691 deluit,
247 1627 317 1679 soluit
334 1630 363 1681 de
383 1627 451 1679 trinis
473 1626 582 1679 Eoelesie
601 1626 783 1689 communibus,
799 1634 829 1681 ιιι
848 1644 881 1682 ex
894 1628 944 1680 dls'u
962 1637 963 1699 l

140 1703 214 1763 patet.

171 1771 207 1819 td
227 1774 334 1834 quadum
356 1769 494 1833 dicendum,
513 1768 574 1833 quod
592 1768 667 1833 majus
687 1769 828 1821 remedium
849 1772 944 1837 naseu

140 1846 220 1891 eontra
234 1849 329 1907 poooeta
337 1841 430 1891 vitanda
440 1854 470 1891 ex
485 1842 567 1905 gratia,
579 1840 647 1905 qulm
658 1852 687 1889 ox
696 1843 862 1894 assuetudine
873 1846 944 1894 nostr

140 1924 192 1961 rum
206 1925 317 1976 opernm:
331 1917 357 1963 et
369 1911 423 1977 quia
435 1925 465 1963 ex
478 1913 561 1963 alleetu
574 1924 642 1975 quem
659 1910 783 1973 accipiens
798 1913 945 1979 indulgentis

139 1983 243 2047 wneiuit
255 1985 284 2034 sd
302 1996 408 2044 esuum,
421 1997 463 2047 pro
480 1996 527 2047 qua
540 1981 680 2045 indulgentia
704 1982 792 2046 datur,
817 1988 849 2037 ad
865 1986 945 2050 gratias

140 2051 283 2116 disponitur3
297 2054 351 2105 ideo
363 2054 433 2105 etiam
447 2068 489 2117 per
504 2052 654 2116 indulgentias
670 2054 805 2105 remedium
820 2058 854 2107 sd
872 2060 946 2123 peona

141 2121 235 2174 silenda
253 2124 329 2187 datur,
343 2130 368 2177 et
386 2125 420 2175 ita
434 2138 482 2175 non
500 2129 533 2175 ost
552 2124 576 2173 in
595 2123 778 2175 destructionem
798 2126 947 2193 indulgentis

139 2192 207 2255 dare,
218 2194 263 2245 nisi
275 2196 404 2247 inordinati
418 2198 511 2247 dentur.
531 2195 617 2245 Tamen
629 2195 806 2247 consulendum
817 2204 858 2251 est
871 2200 906 2252 eis
917 2196 944 2260 qu'

139 2263 294 2328 indulgentias
307 2270 490 2331 consequuntur,
505 2278 535 2317 ne
548 2269 641 2330 propter
651 2266 698 2317 tuoe
711 2266 741 2317 ah
756 2271 881 2333 operibus
893 2282 947 2336 porr

140 2337 220 2388 lentie
232 2337 342 2403 injunctis
355 2339 484 2390 sustineant
492 2376 500 2401 ,
509 2342 536 2387 ιιι
548 2338 616 2389 etiam
627 2351 656 2388 ex
669 2338 708 2387 lais
727 2341 871 2395 remedium
880 2353 946 2395 rousr

140 2411 251 2472 quantun
264 2410 370 2473 qmnruis
385 2410 485 2461 ldobito
493 2423 567 2475 perne
576 2412 654 2461 essent
663 2409 796 2474 immunes,
809 2418 838 2465 et
848 2416 945 2481 predis

141 2477 195 2542 quia
208 2481 344 2543 quaudoque
358 2485 414 2533 sunt
429 2480 528 2544 plurium
545 2480 660 2532 debitores
675 2478 748 2543 quam
766 2484 886 2537 credant.
