1942 3284
426 128 514 174 afro
762 137 882 175 uns
911 138 996 185 m,
1023 136 1210 183 Qum.
1239 135 1453 188 unm,
1481 136 1590 175 Aur.
1625 136 1688 174 ιι.

422 214 479 265 ric
500 212 774 265 necessitate
800 212 939 275 huius
968 211 1261 273 sacramenti,
1280 210 1489 276 utsupra
1508 212 1720 262 habitum
1731 213 1801 263 est
1819 210 1935 275 (qu.

422 288 509 335 art.
540 284 631 347 7);
660 288 711 334 et
746 284 851 333 ideo
887 296 975 334 nec
1014 285 1114 335 baec
1154 284 1295 334 verba
1337 287 1444 334 sunt
1478 284 1536 334 de
1566 282 1824 334 substantia
1850 282 1942 333 fori

422 357 537 417 Quia
555 359 709 406 tamen
728 356 786 406 ad
815 356 1058 418 quamdam
1079 356 1406 420 perfectionem
1424 354 1699 406 sacramenti
1714 353 1942 419 pertinet:

422 428 546 481 teriae
580 430 853 478 consecratur
880 440 993 478 usus
1011 426 1160 492 (sicut
1185 428 1390 492 operatio
1418 439 1512 478 non
1545 430 1618 477 est
1637 427 1802 492 prima,
1834 425 1932 477 sed

422 501 567 551 cunda
591 499 899 563 perfectiorei
912 498 953 562 ),
974 500 1077 550 ideo
1094 512 1178 564 per
1207 500 1362 552 omnia
1382 500 1474 550 ista
1493 500 1631 549 verba
1648 498 1928 563 exprimitur

418 569 644 637 perfectio
672 570 814 635 hujus
840 571 1136 621 sacramenti.
1164 572 1224 621 Et
1255 572 1344 622 hoc
1372 572 1508 622 modo
1549 570 1778 628 Eusebius
1801 568 1942 619 intell

426 645 505 705 [ut
530 642 697 707 supra)
728 644 803 694 his
829 643 984 693 verbis
1011 642 1182 693 confici
1209 646 1572 724 sacramentum,
1601 645 1827 707 quantum
1851 640 1922 692 ad

422 726 542 763 mam
577 718 625 765 et
645 716 893 767 secundam
913 714 1241 778 perfectionem
1275 713 1442 778 ipsius..

485 785 555 835 Ad
589 786 773 837 tertium
813 786 1088 846 dicendum,
1125 783 1251 866 quod
1282 785 1334 835 in
1375 787 1660 835 sacramento
1701 783 1927 849 baptismi

422 857 565 907 nister
589 856 784 921 aliquem
804 860 953 908 actum
984 859 1169 907 exercet
1201 856 1325 906 circa
1346 870 1481 906 usum
1520 855 1752 918 materiae,
1777 855 1857 920 qui
1881 868 1942 906 es

422 928 625 979 essentia
650 928 951 991 sacramenti,
968 929 1089 992 quod
1120 941 1214 979 non
1239 927 1386 979 estin
1411 928 1504 979 hoc
1533 931 1837 987 sacramento,
1868 928 1942 978 eti

425 1013 516 1050 uon
546 1003 618 1051 est
645 1000 807 1051 similis
831 999 967 1051 ratio.
1427 1053 1432 1056 ,

486 1073 553 1122 Ad
586 1076 797 1135 quartum
830 1072 1072 1122 dicendum
1089 1108 1103 1131 ,
1136 1068 1262 1135 quod
1304 1069 1490 1133 quidam
1522 1069 1740 1121 dixerunt
1771 1071 1861 1121 hoc
1887 1083 1942 1120 sa

426 1147 627 1193 mentum
652 1142 813 1207 perfici
847 1156 938 1194 non
970 1156 1140 1207 posse,
1169 1141 1402 1206 praedictis
1434 1141 1590 1192 verbis
1625 1141 1834 1206 prolatis,
1859 1146 1911 1192 et
1937 1158 1942 1187 ι

422 1213 774 1277 praetermissis»,
804 1213 1039 1278 praecipue
1067 1226 1170 1276 quae
1199 1216 1308 1263 sunt
1334 1211 1385 1262 iu
1422 1225 1600 1262 canone
1627 1212 1798 1263 Missae.
1819 1212 1912 1263 Sed

422 1289 552 1349 patet
583 1299 684 1337 esse
722 1286 887 1336 falsum
907 1324 921 1348 ,
946 1290 1049 1336 tum
1088 1298 1144 1335 ex
1176 1285 1330 1336 verbis
1357 1283 1584 1335 Ambrosii
1622 1284 1762 1349 supra
1798 1284 1942 1335 induc

426 1361 524 1409 tum
556 1358 696 1408 etiam
723 1359 831 1421 quia
867 1370 1014 1407 canon
1041 1357 1189 1408 Missae
1229 1370 1323 1407 non
1341 1359 1412 1407 est
1433 1356 1555 1407 idem
1589 1356 1714 1420 apud
1739 1369 1925 1419 omnes,

426 1428 676 1481 secundum
696 1430 851 1480 omnia
872 1432 1096 1493 tempora,
1119 1430 1201 1481 sed
1221 1430 1404 1480 diversa
1427 1432 1534 1478 sunt
1553 1427 1793 1478 adiversis
1810 1440 1942 1491 appo:

426 1501 553 1552 Unde
569 1499 815 1551 'dicendum
841 1504 912 1551 est
935 1500 1065 1564 quod
1087 1501 1126 1551 si
1160 1500 1371 1551 sacerdos
1395 1500 1492 1551 sola
1516 1499 1657 1550 verba
1681 1500 1906 1563 proferret
1934 1514 1942 1546 ι

425 1569 679 1624 intentione
714 1572 983 1623 conficiendi
1009 1573 1097 1623 hoc
1128 1575 1488 1634 sacramentum,
1519 1570 1814 1635 perficeretur
1842 1572 1932 1621 hoc

426 1647 728 1708 uramentum,
755 1644 862 1707 quia
891 1643 1087 1694 intentio
1108 1643 1278 1693 faceret
1304 1646 1358 1692 ut
1384 1644 1482 1693 haec
1511 1642 1653 1692 verba
1674 1641 1942 1705 intelligeret

426 1716 557 1777 quasi
590 1729 649 1767 ex
690 1728 885 1779 persona
922 1715 1094 1766 Christi
1125 1716 1334 1780 prolata,
1373 1714 1553 1765 etiamsi
1587 1714 1744 1764 verbis
1780 1726 1942 1783 pratee(

426 1785 549 1837 tibus
584 1788 673 1837 hoc
706 1800 799 1837 non
839 1786 1119 1838 recitaretur.
1149 1786 1360 1837 Graviter
1395 1790 1549 1835 tamen
1583 1789 1798 1848 peccaret
1830 1785 1942 1834 sacer

425 1857 493 1907 sic
522 1856 769 1907 conficiens
790 1858 877 1908 hoc
908 1861 1244 1907 sacramentum
1267 1894 1282 1919 ,
1320 1860 1481 1920 utpote
1508 1855 1646 1905 ritum
1690 1856 1905 1907 Ecclesiae

426 1941 631 1978 servans.
670 1929 766 1978 Nec
791 1932 861 1978 est
886 1927 1038 1978 simile
1066 1929 1122 1979 de
1148 1929 1404 1991 baptismo,
1430 1927 1552 1991 quod
1591 1930 1664 1976 est
1694 1931 1942 1977 sacrament

426 1998 739 2059 necessitatis3
763 1999 991 2049 defectum
1009 2004 1162 2049 autem
1191 2000 1328 2062 hujus
1348 1997 1620 2049 sacramenti
1645 2002 1802 2062 potest
1824 1999 1942 2062 supp

430 2069 677 2133 spiritualis
706 2070 991 2122 manducatio
1005 2107 1020 2134 ‚
1048 2070 1165 2121 sicut
1208 2071 1490 2134 Augustinus
1520 2069 1629 2119 dicit
1656 2070 1844 2133 (Tract.
1872 2070 1942 2120 XX

426 2141 476 2190 iu
500 2140 693 2205 Ioum).

1027 2249 1344 2300 ARTICULUS
1368 2250 1430 2299 11.

438 2376 609 2421 [lirum
630 2377 724 2422 lroec
758 2378 823 2422 sit
848 2378 1129 2423 conveniens
1145 2378 1315 2432 forma
1342 2377 1715 2423 consecrationis
1732 2378 1879 2435 panis
1909 2395 1926 2421 .-

1010 2444 1077 2485 est
1093 2453 1254 2498 corpus
1273 2453 1442 2487 meum.

491 2570 564 2619 Ad
597 2571 847 2621 secundum
894 2570 961 2622 sic
999 2570 1278 2635 proceditur.
1313 2571 1501 2622 Videtur
1544 2571 1666 2635 quod
1707 2573 1814 2623 haec
1854 2585 1942 2624 non

426 2641 706 2692 conveniens
745 2641 889 2693 forma
929 2642 1286 2694 consecrationis
1329 2643 1466 2707 panis
1505 2659 1517 2694 ε
1551 2660 1580 2692 «ι
1614 2644 1711 2695 Ηοε
1757 2649 1829 2697 est
1873 2657 1942 2696 cor

430 2725 599 2764 meum.
633 2728 661 2759 »
691 2714 778 2764 Per
800 2712 998 2764 formam.
1035 2714 1157 2764 enim
1184 2715 1461 2766 sacramenti
1484 2714 1621 2765 debet
1645 2715 1847 2779 exprimi
1877 2728 1942 2766 sar

430 2784 574 2835 ruenti
595 2784 809 2835 effectus,
843 2785 931 2836 Sed
968 2784 1161 2837 effectus
1177 2822 1191 2848 ‚
1215 2784 1298 2850 qui
1323 2784 1376 2835 fit
1407 2786 1460 2835 in
1496 2785 1847 2838 consecratione
1885 2800 1942 2852 pa

430 2860 504 2907 est
524 2857 761 2911 conversio
802 2856 1071 2910 substantias
1109 2857 1244 2922 panis
1269 2857 1320 2909 iu
1347 2870 1514 2923 corpus
1536 2856 1733 2921 Christi,
1763 2872 1868 2924 qure
1890 2872 1942 2909 ιιι4
