1942 3284
744 3 790 8 .,,,,..
798 1 958 13 ..η-...ἡ

306 184 338 220 nr
352 183 495 220 nmrcrrnus
511 185 631 220 rnrrrsrrn.
818 175 863 222 tae

58 261 82 308 in
101 259 197 310 malitia
218 259 253 308 ret
274 258 392 322 sacrilegio
409 262 585 322 perseverante,
601 262 746 321 peccatorum
768 257 864 310 ablutio-

58 344 111 381 nem
125 331 162 396 (1)
182 343 228 380 non
239 329 326 380 sinebat
342 329 399 381 deri.
411 348 426 378 u

88 404 257 464 (Coucnusuo.
266 402 407 458 ‚-Fictione
415 415 457 465 per
465 401 622 466 poeuitentiam
633 401 732 458 remota,
741 401 865 466 baptismus

58 474 168 524 effectum
183 487 249 523 suum
266 473 373 523 continuo
385 472 557 536 consequitur.)

87 545 232 608 despondeo
243 543 375 605 dicendum,
385 543 446 607 qudd
461 543 522 594 siem
533 544 600 608 suprt
613 545 701 594 dictum
712 548 747 594 est
756 545 766 607 (
774 559 813 608 qn.
825 551 863 607 tto,

57 621 99 666 art.
114 618 162 680 9),
179 615 307 680 baptismus
326 620 362 666 est
376 617 479 679 quadarn
497 615 620 679 spiritualis
639 617 787 679 regeneratio.
807 615 864 668 Cium

59 693 132 738 autem
152 688 245 752 aliquid
258 695 394 750 generatur,
413 687 481 738 simut
504 701 555 737 cum
571 687 644 737 torma
662 687 743 750 recipit
758 687 864 737 edoctum

61 758 145 820 iorme,
158 760 209 810 nisi
219 759 249 809 sit
260 759 343 822 aliquid
357 759 502 823 impediens.
517 772 562 822 quo
576 763 678 819 remoto,
692 757 812 810 formaret
825 771 866 822 ge·

59 836 139 881 aerata
155 831 251 896 perficit
268 845 334 880 suum
352 832 470 894 edectnm;
484 831 543 881 sicut
555 831 624 880 simul
638 828 690 880 cbm
701 843 784 893 corpus
797 842 865 892 grave

57 905 193 962 generatur,
210 904 314 952 mouetur
332 901 451 964 deorsum,
465 901 511 951 nisi
524 901 554 951 sit
567 901 651 962 aliquid
669 901 807 965 pmbibens,
820 915 866 965 quo

59 977 161 1034 remoto,
179 974 258 1023 statim
269 972 351 1036 incipit
368 975 455 1024 moveri
469 968 582 1024 deorsum.
597 974 625 1022 nt
642 973 758 1034 similiter,
775 973 866 1037 quondo

59 1043 145 1106 aliquis
159 1044 305 1108 baptizatur,
316 1044 399 1107 accipit
411 1046 563 1095 characterem
575 1045 642 1107 quasi
655 1047 758 1105 formam,
773 1049 797 1095 et
807 1057 867 1094 con·

58 1114 166 1176 sequitur
185 1114 303 1179 proprium
322 1115 443 1176 effectum,
462 1119 503 1178 qui
519 1120 556 1166 est
573 1115 644 1179 gratia
659 1117 778 1166 remittens
790 1115 866 1166 omnia

58 1189 163 1246 peccata.
194 1187 319 1250 impeditur
342 1189 417 1236 autem
438 1187 572 1250 quandoque
593 1200 634 1250 per
652 1187 768 1237 fictionem
784 1202 790 1235 ε
805 1187 866 1236 unde

59 1260 153 1318 oportet
170 1257 249 1321 qubd,
263 1255 349 1308 remota
363 1257 391 1308 cd
404 1271 445 1321 per
459 1258 633 1322 poenitentiam,
649 1259 775 1323 baptismus
791 1259 866 1306 statim

61 1333 219 1392 consequatur
233 1341 298 1378 suum
311 1328 425 1378 effectum.

89 1398 124 1448 nd
138 1397 244 1462 primum
257 1411 310 1462 crgo
324 1399 452 1461 dicendum,
464 1399 524 1464 qubd
535 1402 699 1450 sacramentum
710 1398 817 1463 baptismi
831 1403 869 1448 est

61 1481 117 1532 opus
136 1471 199 1531 Dei,
214 1473 238 1520 et
251 1484 297 1522 non
313 1470 423 1522 hominis.
438 1472 468 1520 Et
478 1471 529 1522 ideo
543 1484 588 1521 nou
600 1476 635 1521 est
645 1474 760 1522 mortuum
773 1470 799 1520 in
814 1471 867 1520 dcto

63 1539 162 1602 quisine
174 1541 287 1592 charitate
297 1541 436 1604 baptizatur.

92 1613 125 1662 nd
144 1612 276 1662 secuudum
298 1611 432 1674 dicendum,
454 1612 513 1676 qubd
533 1612 595 1662 dctio
614 1626 661 1663 uon
680 1616 810 1662 removetur
827 1625 869 1676 per

63 1681 221 1745 baptismum,
233 1683 273 1732 sed
287 1695 328 1746 por
339 1683 497 1747 poenitentiam
511 1687 703 1746 consequentem,
715 1683 760 1746 qut
772 1682 867 1743 remoti,

66 1751 194 1816 baptismus
212 1753 287 1803 aufert
300 1767 391 1804 omnem
402 1756 493 1818 cuipam
509 1757 532 1804 et
542 1760 630 1803 reatum
643 1753 746 1803 omnium
757 1757 869 1817 peccato-

66 1837 112 1874 mm
122 1825 306 1889 precedentium
314 1825 461 1890 baptismum,
471 1830 496 1876 et
504 1826 573 1875 etiam
584 1825 652 1875 mmut
661 1825 806 1875 existentium
816 1839 868 1875 com

65 1895 187 1960 baptismo.
209 1897 274 1948 Unde
293 1898 430 1960 Augustinus
449 1896 645 1947 timiditate
665 1898 799 1960 Baptismo
812 1897 870 1957 (ubi

69 1967 148 2033 suprt)
165 1985 171 2018 :
191 1983 206 2016 o
218 1968 319 2018 Solvitur
329 1970 451 2019 hesternus
465 1969 516 2019 dies
527 2007 534 2030 ,
546 1975 570 2018 et
583 1968 693 2031 quidquid
706 1971 811 2032 superest
824 1967 870 2017 sot·

68 2036 133 2101 uitur,
149 2040 222 2090 etiam
240 2040 291 2104 ipsa
307 2041 363 2090 bora
380 2044 565 2103 momentumque
584 2043 637 2089 aute
654 2039 794 2104 baptismum
808 2041 832 2089 ct
845 2039 869 2087 in

68 2105 194 2173 baptismo,
208 2111 317 2174 deinceps
326 2115 402 2160 antem
416 2110 526 2160 continuo
540 2123 593 2160 rens
605 2123 656 2162 esse
667 2108 757 2174 incipit.
768 2125 783 2156 r>
797 2110 827 2159 nt
837 2109 870 2158 sic

70 2179 95 2228 ad
111 2181 222 2246 baptismi
241 2181 345 2232 effectum
366 2182 549 2244 consequendum
571 2180 683 2232 cobcurrit
701 2180 828 2244 baptismus
847 2182 871 2230 ct

71 2253 221 2315 poenitentia3
236 2253 276 2304 scd
294 2253 420 2316 baptismus
441 2253 499 2303 sicut
514 2266 583 2302 cansa
600 2264 642 2316 per
660 2265 685 2302 sc
700 2264 785 2315 agens,
797 2249 870 2316 poeni·

73 2322 140 2374 tentia
151 2324 212 2374 sicut
229 2335 298 2373 causa
314 2321 475 2386 peraccidens,
487 2323 555 2374 idest
567 2335 688 2374 remouens
704 2321 839 2386 probibent.

100 2396 133 2445 td
143 2394 239 2444 tertium
247 2393 377 2453 dicendum,
392 2393 452 2456 qudd
462 2395 556 2445 effectus
566 2394 674 2458 baptismi
687 2406 732 2444 non
744 2398 779 2444 est
791 2394 871 2444 tollere

73 2470 161 2523 peccata
178 2466 272 2530 tntum,
288 2463 327 2515 sed
345 2467 468 2529 presentia
488 2468 525 2516 vet
540 2466 663 2530 praeterita.
677 2467 708 2515 nt
726 2465 794 2528 ideo,
809 2477 870 2514 rece-

75 2537 136 2588 dente
159 2537 268 2600 fictionc,
290 2541 382 2601 peccata
400 2540 518 2602 sequeutia
538 2539 685 2589 remittuntur
704 2537 810 2602 quidem,
832 2537 872 2586 sed

76 2619 111 2669 per
122 2607 299 2674 penitentiam,
314 2623 360 2658 nou
373 2623 414 2673 per
429 2609 576 2674 baptismum.
591 2610 655 2660 Unde
669 2623 713 2660 uon
727 2609 872 2658 remittuntur
956 2654 957 2659 ,

76 2680 182 2793 {quantiam
201 2681 231 2731 ad
246 2684 318 2730 totum
335 2687 440 2754 reatum,
455 2681 514 2732 sicut
536 2684 629 2743 peccata
651 2678 800 2743 praecedentia
818 2677 873 2739 bap-

84 2761 169 2805 arnume

106 2859 140 2922 (i)
156 2863 221 2908 Attis
235 2861 396 2908 abolitionem.
