1942 3284
219 211 252 248 nr
266 209 424 249 ermenardo
441 209 651 248 noarruaarorrrs.
791 203 837 250 alt

38 290 62 339 in
72 288 193 340 subatione
214 286 310 351 Spiritus
323 289 404 339 sancti.
422 287 487 348 Quod
503 288 563 338 enirn
581 287 721 338 sensibiliter
738 288 837 354 Spiritus

38 364 127 412 sanctus
140 373 208 424 super
226 371 268 409 eos
281 359 397 410 descendit
406 360 431 410 in
445 359 523 422 specie
540 359 609 423 ignis,
618 359 646 409 ad
657 361 760 410 eamdem
770 361 840 425 signi-

38 433 166 483 ficationem
183 432 281 482 retertur
296 432 323 481 ad
336 443 403 494 qnam
424 430 521 482 retertur
532 432 624 496 oleum;
642 431 686 482 nisi
702 432 761 496 qubd
780 433 840 496 ignia

38 505 102 554 babet
113 504 165 554 vim
174 504 284 561 activam,
294 503 369 553 oleum
378 507 453 553 antem
464 504 533 554 babet
542 504 586 552 vinr
596 503 719 567 passivam,
731 505 755 552 in
767 519 839 567 quan-

39 580 81 624 tum
93 580 128 627 est
142 575 240 626 materia
254 578 276 624 et
290 576 414 624 lomentum
427 574 497 638 ignis.
512 575 540 625 Et
552 577 595 626 boc
612 576 667 626 satis
679 577 835 640 competebut;

40 660 87 696 nam
103 660 146 711 per
161 647 278 711 apostolos
298 646 369 709 gratia
382 646 480 710 Spiritus
501 647 574 697 sancti
591 651 638 697 erat
658 648 685 698 ad
703 647 758 698 alins
781 647 840 698 deri·

40 720 114 768 vanda
132 720 209 783 Super
225 719 341 782 apostolos
363 718 432 769 etiam
449 719 549 783 Spiritus
571 723 663 769 sanctus
681 719 797 770 descendit
815 721 839 770 in

43 789 210 854 figuralinguae,
222 791 282 853 quod
292 790 391 840 retertur
400 790 428 840 ad
438 790 499 840 idem
511 790 682 854 significandum
694 793 753 854 quod
767 791 839 855 signi-

41 861 88 911 dcet
98 863 246 925 balsamum;
260 861 306 911 nisi
318 861 379 926 qnbd
392 862 469 925 lingua
483 876 524 926 per
542 862 678 913 locutionem
692 865 728 912 est
739 875 839 913 commu-

39 932 132 982 nicativa
145 933 298 994 adulterum,
313 932 440 982 balsamum
450 934 505 983 verb
518 946 558 996 per
568 934 673 997 odorem,
689 933 742 998 quia
751 933 839 984 scilieet

39 1004 130 1066 apostoli
151 1005 302 1069 replebantur
322 1003 407 1068 Spiritu
429 1009 524 1066 sancto,
539 1009 564 1053 ut
584 1003 637 1056 fidei
662 1007 780 1066 doctores,
799 1005 838 1055 alii

39 1078 108 1125 autem
128 1077 219 1139 fideles,
231 1080 258 1125 ut
269 1079 400 1140 operatores
412 1088 491 1127 eorum
503 1089 555 1140 que
569 1077 684 1141 pertinent
698 1077 725 1127 ad
740 1077 839 1128 edider-

38 1145 117 1198 tinnem
128 1148 242 1199 bdelium.
256 1147 365 1198 Similiter
377 1148 445 1199 etiam
460 1150 489 1198 ad
503 1147 673 1212 impositionem
689 1149 771 1199 mauris
784 1161 839 1213 apo·

39 1220 150 1284 stolorum,
166 1225 192 1272 et
206 1220 275 1271 etiam
290 1221 318 1270 ad
329 1233 407 1271 eorum
418 1221 610 1285 pradicationem,
626 1220 777 1272 descendebat
790 1221 839 1284 ple-

40 1290 111 1358 nitudo
124 1293 229 1356 Spiritus
240 1292 314 1342 sancti
324 1306 392 1357 super
404 1293 483 1344 fideles
496 1293 536 1343 sub
546 1292 674 1343 visibilibus
688 1292 770 1356 signis,
780 1292 839 1342 siout

41 1364 61 1409 et
71 1362 83 1411 t
95 1364 212 1428 principio
228 1365 374 1414 descenderat
386 1378 455 1430 super
465 1364 589 1428 apostolos.
600 1365 664 1414 Unde
679 1365 760 1415 Petrus
773 1363 837 1426 dicit,

42 1434 134 1491 lct.,lll
147 1453 152 1486 :
168 1453 183 1485 «
193 1436 252 1486 Cium
262 1437 383 1500 coepissem
390 1437 461 1500 loqui,
472 1437 553 1487 cecidit
561 1436 659 1501 Spiritus
669 1439 764 1487 sanctus
772 1449 840 1499 super

41 1517 87 1570 eos,
103 1509 167 1559 siout
181 1508 238 1558 etin
253 1521 297 1558 nos
309 1508 333 1557 in
345 1508 421 1558 initio.
436 1526 450 1556 n
466 1510 494 1558 Et
513 1509 564 1558 ideo
584 1521 630 1559 non
649 1511 697 1559 erat
712 1507 839 1558 necessaria

41 1579 144 1630 eudbiris
154 1579 251 1630 materia
260 1582 440 1644 sacramentalis,
451 1580 491 1631 ubi
502 1580 618 1631 sensibilia
632 1581 697 1644 signa
707 1578 839 1630 miraculose

42 1650 201 1703 exhibebantur
214 1651 333 1702 diuinitus.
348 1654 474 1703 Utebantur
489 1657 566 1703 tamen
582 1651 677 1716 apostoli
691 1651 842 1701 communiter

44 1720 159 1775 chrismate
176 1724 202 1773 in
216 1724 354 1776 exhibitione
371 1725 523 1788 sacramenti,
538 1726 629 1787 quando
641 1723 773 1788 hujusmodi
787 1723 842 1773 visi-

45 1790 90 1842 bilia
103 1796 172 1860 signa
189 1809 237 1846 non
253 1796 432 1860 exhibebantur3
448 1795 504 1846 dicit
521 1795 583 1846 enim
593 1795 725 1860 Dionysius,
740 1795 778 1844 lv.
788 1807 838 1858 cap.

45 1863 127 1916 derlee.
142 1867 292 1917 deieraret:
308 1885 323 1916 u
333 1870 374 1919 list
387 1868 491 1932 quadam
505 1867 628 1933 perfectiva
647 1865 757 1930 operatio,
772 1879 841 1928 quarn

48 1934 106 1989 duces
113 1941 189 1991 nostri
200 1940 233 2005 (id
241 1943 278 1990 est
286 1940 393 2005 apostoli)
400 1941 529 1991 chrismatis
539 1940 635 1990 bostiam
646 1938 765 1990 nominant
775 1936 840 2002 (1).»

72 2011 102 2060 td
109 2012 238 2062 secundnm
246 2011 376 2074 dicendum,
387 2011 583 2076 qnbdbaptismus
591 2012 656 2061 datur
664 2011 692 2060 ad
701 2009 841 2074 spiritualem

48 2078 107 2130 vitam
119 2082 257 2148 simpliciter
271 2084 469 2147 consequendam
485 2087 509 2133 et
529 2083 582 2132 ideo
597 2081 706 2146 competit
719 2081 752 2130 illi
766 2091 842 2130 sacra·

51 2157 116 2203 uento
124 2154 223 2204 materia
237 2154 344 2218 simplex.
360 2155 407 2205 Sed
419 2157 463 2205 boc
476 2158 641 2204 sacramentum
653 2155 719 2204 datur
731 2154 757 2203 ad
768 2151 843 2215 pleni-

51 2223 139 2274 tudinem
154 2226 339 2289 consequendnm
353 2226 453 2291 Spiritus
471 2226 560 2288 sancti,
570 2226 636 2288 qu'us
651 2227 685 2274 est
699 2221 843 2275 multilorrnis

52 2297 154 2357 operatio,
165 2296 294 2346 secundum
307 2297 363 2347 illud
378 2298 449 2361 Sap,
465 2298 505 2347 llll
522 2311 527 2345 :
545 2313 558 2344 o
574 2295 613 2344 Est
627 2297 688 2366 eninr
702 2295 725 2345 in
740 2295 778 2344 illa
792 2293 844 2358 Spi-

21 2403 32 2420 .
52 2363 98 2416 titus
118 2369 281 2432 intelligentie
303 2373 408 2434 sanctus,
429 2369 525 2429 unicus,
545 2367 680 2431 multiplex3
699 2385 712 2414 n
729 2369 753 2416 et
766 2367 782 2415 l.
808 2364 845 2414 oct

54 2433 112 2497 tor„
126 2442 178 2503 lili,
188 2440 271 2489 dicitur
282 2455 288 2489 :
298 2458 312 2488 u
322 2440 450 2491 Divisiones
464 2440 585 2504 gratiarum
605 2443 676 2500 sunt,
693 2439 753 2490 idern
768 2440 845 2486 antem

54 2504 145 2569 Spiritus.
159 2529 173 2559 n
184 2513 214 2561 Et
231 2511 285 2562 ideo
299 2512 461 2564 convenienter
470 2511 540 2574 nujus
553 2510 689 2560 sacramenti
704 2513 739 2562 eet
751 2508 844 2558 materia

55 2584 174 2644 composita.

80 2653 109 2702 ld
119 2656 211 2706 tertium
222 2655 353 2711 dicendum.
364 2655 423 2718 qubd
436 2655 589 2720 proprietates
602 2653 646 2705 olei
657 2652 739 2716 quibus
753 2650 846 2716 signiti-

57 2728 109 2774 etur
119 2729 219 2793 Spiritus
235 2732 341 2790 sanctus,
358 2727 432 2791 magis
451 2726 600 2778 inueniuntur
612 2726 637 2775 iu
654 2726 704 2775 oleo
717 2723 842 2784 olivarum,

83 2871 114 2934 ii)
127 2877 190 2922 Siout
201 2881 271 2922 vetus
284 2875 398 2931 interpres
411 2873 485 2919 reddit
499 2874 570 2942 piapen
586 2878 692 2938 τιλετην,
704 2871 743 2916 aed
755 2869 846 2916 moder-

58 2952 100 3004 Μ’,
114 2950 234 3007 mouente·
249 2947 402 3004 mysterium.

137 3058 181 3098 vlt.
741 3043 754 3092 i
