1942 3284
121 201 165 247 tto
289 211 350 248 nans
366 211 406 260 nr,
423 209 517 254 ounsr.
532 210 633 259 ιιιιιιι,
646 209 703 248 ιιι.
719 211 744 247 r.

117 287 170 337 licet
182 286 257 338 vertis
275 289 298 336 et
312 285 392 348 tactis,
408 286 436 335 ad
449 287 493 337 troc
505 285 567 349 qnod
585 285 616 336 sit
627 286 755 350 perfectior
772 286 912 350 significatio

116 357 275 421 significantur
284 360 359 406 antem
370 357 459 420 uerbis,
475 356 500 406 in
517 357 668 407 celebratione
682 357 756 420 liujus
768 360 913 418 sacrament,

118 430 219 490 quedem
231 427 366 491 pertinentia
376 429 403 478 ad
416 429 546 492 passionem
562 429 663 488 Christi,
673 442 726 492 que
744 435 915 492 repraesentatur

118 500 143 550 in
158 501 201 550 lroc
214 503 368 562 sacramento,
380 500 417 550 vel
431 501 500 550 etiam
517 501 545 550 ad
564 513 648 563 corpus
664 500 803 564 mysticum,
818 503 914 564 quodu-

119 571 239 634 gnilioatur
253 570 277 619 in
286 573 329 621 hoc
342 575 482 622 sacramento
492 589 499 634 3
510 575 534 620 et
543 572 647 634 quaedam
661 572 803 634 pertinentia
816 573 847 622 ad
857 586 914 622 nsum

119 644 350 706 hujussecmmenti.
364 644 403 706 qui
418 643 485 693 debet
494 656 545 693 esse
554 657 606 692 cum
617 643 740 693 devotione
749 645 913 695 etrererentia.

120 716 149 765 Et
163 714 213 764 idco
223 713 402 765 incelebratioue
412 714 481 778 liujus
496 713 607 778 mysterii,
617 714 723 776 quedam
731 719 836 777 aguntur
847 717 874 766 ad
885 729 915 764 re

120 787 301 848 presentandam
314 787 441 850 passionem
451 786 591 845 Christi‚rel
600 785 670 835 etiam
685 785 861 848 dispositionem
873 801 915 836 onr-

121 857 182 920 poris
193 857 301 922 mystici,
317 861 340 908 et
353 858 455 921 quadam
466 860 566 919 ¹anguntur
578 855 715 922 pertinentia
729 857 758 906 ad
777 857 914 908 devotorum

119 932 143 978 et
158 929 309 980 reuerentiam
322 930 393 994 hujus
406 929 551 980 sacramenti.

151 1001 182 1050 td
197 1000 294 1064 primum
315 1015 369 1064 ergo
383 1001 520 1062 dmendum,
537 1001 599 1066 qudd
620 1001 705 1052 ablutio
727 1014 840 1052 manuum
857 1002 915 1052 titia

119 1072 270 1124 celebratione
284 1073 361 1124 missae
373 1077 466 1137 propter
480 1073 631 1124 reuerentiam
645 1073 716 1136 hujus
729 1075 878 1124 sacramenti.
890 1074 915 1122 dt

119 1144 163 1194 hoe
179 1145 299 1210 dupliciter
312 1161 318 1194 ;
330 1144 404 1196 Primd
422 1145 529 1208 quidem,
546 1145 599 1208 qaia
615 1144 810 1208 miauapretiosa
827 1150 916 1195 tractare

120 1228 166 1264 non
177 1215 407 1278 consuevimus‚nisi
421 1217 526 1266 manilius
540 1217 631 1278 ablutis,
640 1217 702 1266 unde
711 1216 824 1266 indecens
833 1217 915 1266 mdetm

120 1286 179 1348 qnod
193 1287 221 1336 ad
235 1290 323 1336 tanturn
340 1291 505 1336 sacramentum
519 1287 708 1350 aliquis'aocedat
729 1288 839 1337 manilius
851 1287 914 1337 etiam

120 1359 268 1422 corporaliter
279 1357 414 1421 inquinatis.
427 1357 641 1423 Secondd,propter
648 1359 851 1422 significationem,
858 1360 914 1422 enm,

120 1433 146 1478 ut
158 1429 279 1495 Dionysius
292 1429 354 1492 dicit,
367 1430 396 1480 lll
407 1430 499 1480 Erotes.
512 1429 646 1486 hierarch„
656 1432 828 1480 extremitatum
836 1431 914 1481 ablnd'o

121 1501 233 1564 significat
248 1501 431 1552 emundationem
444 1501 513 1551 eliam
527 1501 542 1551 a
558 1501 658 1550 minimis
669 1503 784 1566 peccatis,
798 1501 914 1552 oecunddnr

120 1571 175 1622 illud
190 1574 271 1630 loon„
288 1573 356 1624 Xlll:
373 1589 387 1620 ι
398 1572 440 1632 Qui
458 1571 520 1622 lotus
529 1576 579 1634 est,
595 1585 641 1622 non
655 1572 745 1636 indiget
757 1573 804 1624 nisi
814 1577 840 1622 ut
849 1574 914 1637 pedes

120 1643 190 1694 lavet.
199 1663 214 1694 u
229 1647 257 1696 Et
267 1645 321 1698 talis
329 1643 459 1695 emundatio
468 1644 590 1708 requiritur
603 1645 631 1694 ali
646 1658 674 1695 eo
685 1645 724 1708 qui
739 1646 912 1696 acreditadlioc

121 1721 296 1768 sacramentum.
310 1716 374 1776 Quod
391 1714 458 1766 etiam
477 1715 618 1779 significatur
630 1730 671 1780 per
684 1717 854 1768 contessionem
867 1730 911 1780 ιιι

121 1787 147 1837 tlt
158 1793 213 1839 ante
223 1789 340 1839 introitum
353 1787 437 1838 misse.
458 1789 484 1837 Et
497 1789 542 1839 troc
551 1787 613 1838 idem
628 1789 772 1851 significabat
783 1787 868 1839 ablutio
880 1800 911 1836 ra·

121 1861 237 1910 cerdotum
253 1861 278 1910 in
288 1861 360 1910 veteri
369 1860 433 1922 lege,
444 1865 469 1909 ut
479 1859 562 1910 ibidem
574 1859 696 1924 dionysius
704 1860 770 1910 dicit.
784 1863 832 1912 Nee
843 1865 911 1910 umen

121 1931 222 1982 Ecclesia
239 1933 283 1982 hoc
301 1935 376 1980 servat
393 1935 501 1995 anquam
519 1932 670 1982 ceremoniale
686 1933 773 1982 veteris
790 1933 848 1996 legis
862 1944 910 1996 paratL

121 2005 223 2064 ceptum,
241 2001 281 2050 sed
292 2001 357 2064 quasi
370 2001 398 2050 ab
412 2003 513 2054 Ecclesia
529 2003 673 2067 institutum,
690 2004 750 2054 sicut
767 2005 869 2068 quiddam
880 2014 911 2052 se·

121 2071 218 2121 curiddm
235 2085 259 2122 se
274 2072 421 2124 conveniens.
435 2075 464 2123 nt
475 2074 529 2125 ideo
543 2089 588 2125 non
602 2077 681 2127 eodem
696 2077 766 2126 modo
776 2077 909 2132 odeemtur,

121 2142 179 2192 sicut
197 2147 259 2192 tanc.
276 2141 462 2196 pretermittitur
482 2147 544 2196 enim
562 2148 647 2210 pedum
667 2149 767 2210 ablutio,
781 2153 806 2198 et
818 2151 909 2199 serualur

121 2214 205 2264 ablutio
223 2227 344 2277 manuum,
360 2229 410 2278 qua
424 2219 500 2280 potest
513 2216 562 2271 lieri
575 2220 648 2281 magis
662 2218 686 2268 in
699 2216 822 2283 promptu,
834 2223 857 2269 et
866 2229 908 2279 om

121 2285 207 2334 sufficit
221 2287 248 2336 ad
262 2286 434 2349 significandam
448 2289 572 2352 perlectam
591 2290 764 2340 mundationem
772 2307 780 2354 ;
795 2290 846 2340 edm
858 2289 907 2340 enim

122 2367 202 2406 manns
214 2356 244 2406 sit
258 2373 272 2404 «
282 2370 391 2420 organum
404 2371 552 2421 organorum,
564 2376 579 2407 n
594 2363 619 2409 ut
632 2361 715 2410 dicitur
727 2362 769 2411 tlt.
785 2363 822 2411 De
833 2362 906 2410 omno

123 2425 191 2489 (tent.
205 2427 255 2490 38),
270 2428 347 2480 omnia
355 2441 425 2492 opera
439 2429 591 2480 attribuuntur
602 2431 722 2494 maritum
736 2433 800 2484 unde
811 2434 835 2483 in
848 2427 904 2482 reat
949 2416 951 2475 l

121 2495 191 2556 XXV,
203 2498 285 2547 dieitur
299 2513 305 2546 z
318 2515 331 2545 c
342 2499 432 2548 Lavabo
445 2499 504 2548 inter
517 2500 651 2552 innocentes
664 2515 747 2552 manns
757 2517 828 2554 meas.
842 2520 855 2550 ι

154 2570 188 2620 dd
197 2571 320 2620 secondom
332 2570 466 2632 dicendum,
478 2571 540 2635 qudd
551 2573 619 2623 etiam
635 2573 805 2625 thurificatione
818 2587 861 2624 non
871 2570 905 2621 nti
949 2624 950 2631 χ

122 2653 172 2690 mur
185 2641 249 2704 quasi
266 2642 411 2692 ceremoniali
422 2647 537 2706 precepto
549 2645 616 2708 legis,
629 2647 669 2696 sed
682 2646 743 2696 sicut
756 2648 858 2698 Ecclesiae
868 2650 906 2694 rte
949 2638 951 2691 ἕ

122 2713 180 2763 tuto.
193 2712 256 2762 Unde
272 2725 317 2761 uon
328 2713 409 2764 eodem
425 2715 492 2764 modo
502 2716 598 2776 utimur,
612 2718 671 2766 sicut
684 2715 710 2766 in
725 2718 777 2782 lege
790 2716 859 2768 reteri
866 2717 906 2765 ent

122 2784 240 2832 statutum.
257 2783 360 2834 Pertinet
370 2787 447 2834 antem
461 2785 489 2834 ad
501 2787 545 2837 duo
560 2801 566 2834 :
582 2786 655 2850 primd
667 2788 759 2850 quidem
771 2789 800 2839 ad
814 2798 906 2838 reveren

121 2851 177 2902 tiam
191 2856 260 2918 limus
275 2855 428 2914 sacramenti,
442 2858 468 2904 ut
480 2857 567 2909 scilieet
577 2872 619 2922 per
635 2860 720 2910 bonum
736 2861 828 2911 odorem
840 2856 904 2920 deotl-

121 2920 192 2986 latur,
208 2923 227 2974 si
243 2926 296 2993 quid
317 2926 464 2999 corporaliter
478 2930 546 3000 praui
563 2930 678 2987 odorisio
692 2931 745 2984 loco
762 2932 842 2993 luerit,
854 2924 903 2994 ortt
