1942 3284
239 243 270 280 DE
284 243 442 282 sicutmho
458 243 630 283 minumum.
792 240 836 286 195

47 315 137 367 uadum
153 317 256 380 diuersa,
272 317 306 368 sio
318 331 364 370 nou
376 322 413 370 est
430 320 576 370 contrarietas
593 318 669 382 gaudii
684 321 707 370 et
725 318 831 370 tristitie.

48 387 105 438 llude
117 388 173 439 nihil
190 389 293 452 prohihet
306 391 421 440 homiuem
432 390 499 442 simul
511 391 608 453 gaudere
620 393 644 440 et
656 390 752 453 tristeri3
767 396 831 453 putu,

48 458 186 510 sirideeunus
197 459 281 524 justum
293 459 378 524 afflui,
391 461 459 511 simul
474 462 550 524 placet
562 460 628 510 nohis
644 462 694 523 ejus
704 461 792 524 justitia
810 466 835 512 et

47 528 144 592 displicet
158 529 261 581 dilictio.
272 530 301 580 ht
314 533 359 582 hoc
370 531 437 582 modo
454 530 522 580 simul
535 533 611 593 polest
625 530 693 580 alicui
710 530 832 596 displicere

46 601 98 662 quod
107 600 218 664 peccarit,¹
231 603 254 650 et
262 601 350 664 placere
361 601 419 665 qnod
434 602 477 652 hoc
485 601 512 668 ¹ei
524 600 627 664 displicet
637 615 687 650 curu
698 615 739 664 spe
748 604 830 659 uenio.

46 668 72 718 ita
82 673 140 732 quod
154 673 206 735 ipsu
220 671 313 722 tristitia
326 671 356 722 sit
371 672 465 722 materia
482 672 567 734 gaudii.
584 672 648 720 llude
664 677 687 722 et
697 674 833 734 Augustinus

46 740 95 788 dicit
106 742 130 790 iu
145 742 186 792 lih.
202 743 239 792 De
253 744 401 792 Paenitentia
414 743 450 805 (ut
460 741 556 805 sopiit:
572 742 690 805 «Semper
697 744 773 794 doleat
782 757 831 810 poe·

45 811 123 875 uitcus,
133 816 158 863 ct
167 813 244 864 dolere
254 813 357 878 gaudeat.
368 831 381 861 n
395 813 419 863 Si
428 818 505 862 tarneu
516 812 609 864 tristitia
620 814 682 864 nullo
692 815 757 866 modo
770 828 832 865 cortr-

44 885 152 942 palerelur
166 883 212 933 sihi
226 885 342 948 gaudium,
358 898 399 948 per
409 885 452 935 hoc
462 898 510 936 uon
521 884 635 935 tolleretur
646 885 768 936 habitualis
780 898 832 937 con-

45 952 131 1002 tinuitas
144 954 300 1017 poeuiteuliae,
312 955 352 1005 sed
366 954 468 1005 actualis.

71 1025 207 1076 intertium
224 1025 358 1087 dicendum,
373 1025 432 1089 quhd
452 1024 576 1076 secuudum
596 1025 759 1088 Philosophum
775 1027 799 1076 iu
813 1029 832 1077 ll

45 1093 121 1144 Ethic.
134 1097 203 1160 (cap.
214 1101 244 1157 6,
256 1097 293 1146 uel
307 1101 320 1145 ι
332 1095 352 1159 ),
366 1096 394 1146 ed
408 1095 512 1146 uirtutem
525 1095 623 1160 pertinet
641 1099 719 1146 tenere
732 1097 832 1147 medirrat

43 1162 65 1211 iu
77 1165 228 1228 passionibus.
240 1165 340 1216 Tristitia
357 1169 432 1216 autem
444 1181 494 1229 quae
503 1166 529 1216 in
542 1166 646 1230 appetitu
659 1166 767 1216 sensitivo
782 1181 831 1230 pua·

43 1235 131 1287 nitentis
140 1236 289 1300 consequitur
302 1250 330 1287 cx
342 1236 482 1300 displicentia
495 1237 633 1299 uoluntatis,
645 1238 722 1300 passio
730 1239 831 1300 quedm

44 1308 74 1354 est
88 1308 164 1357 :unde
180 1308 313 1358 moderanda
331 1311 367 1356 est
380 1307 504 1358 secuudum
517 1307 639 1370 sidetem,
654 1311 677 1357 et
690 1309 742 1371 ejus
754 1320 833 1370 supcr-

43 1375 113 1427 tluites
122 1380 159 1428 est
171 1377 267 1438 uitiosa,
283 1378 334 1441 quia
344 1377 432 1428 inducit
446 1378 470 1427 lu
483 1379 672 1442 desperationem.
684 1379 747 1437 Quod
757 1377 831 1439 sigui·

43 1444 90 1495 sucat
102 1448 225 1511 hpostolus
239 1447 270 1498 ihi
283 1449 359 1498 dicens
373 1463 380 1494 ¹.
398 1448 455 1498 «Ne
471 1448 552 1510 majori
564 1449 658 1499 tristitia
677 1448 830 1506 absorbeatur,

43 1516 79 1576 qui
98 1518 212 1582 ejusmodi
225 1521 269 1568 est.
288 1533 301 1565 u
321 1519 350 1568 ltu
361 1519 394 1568 sic
407 1519 549 1579 consolatio,
561 1519 589 1570 dc
607 1533 651 1582 qua
664 1518 696 1568 ihi
713 1519 833 1582 Apostolus

42 1584 142 1651 loquitur,
153 1592 191 1640 est
200 1588 335 1638 morleratira
346 1587 454 1652 tristitiae,
468 1601 514 1638 nou
526 1593 602 1640 eutem
612 1587 713 1639 totaliter
723 1588 831 1638 thiatira.

331 1755 491 1821 laurentus
507 1768 536 1818 x.

120 1893 206 1938 Uirium
218 1896 391 1936 sacromentum
407 1882 548 1947 penitentie
564 1890 645 1934 doleat
659 1889 752 1934 iteruri.

69 2020 99 2069 ht
109 2018 224 2069 decimum
238 2016 270 2066 sic
281 2015 414 2080 proceditur.
428 2013 522 2066 Videtur
534 2014 595 2078 quod
607 2018 772 2065 sacramentum
782 2029 833 2082 pon·

40 2090 138 2140 nitentiae
151 2102 199 2140 nou
208 2087 289 2139 dehent
298 2085 383 2136 iteruri.
399 2083 457 2135 Dicit
471 2085 532 2134 enirn
546 2085 668 2148 Apostolus
681 2086 766 2140 lietu..
781 2087 830 2136 ll:

41 2177 54 2207 u
66 2161 206 2224 impossihile
218 2161 253 2208 est
262 2169 301 2208 eos
314 2157 353 2220 qui
363 2157 432 2206 semel
443 2160 497 2205 sunt
506 2155 636 2217 illuminati,
646 2159 671 2207 et
683 2159 832 2218 gustaverunt

42 2233 130 2283 coteste
147 2231 241 2291 donum,
252 2233 276 2280 et
283 2227 406 2292 participes
414 2226 528 2277 suuttacti
538 2227 634 2289 Spiritus
647 2227 733 2288 sancti,
745 2230 770 2278 et
780 2241 834 2292 pro-

39 2301 93 2366 lapsi
108 2307 176 2360 sunt,
188 2299 292 2351 renouari
304 2311 382 2348 rursus
396 2297 423 2346 ad
436 2296 601 2361 poeuitcutiaua.
610 2312 625 2343 n
635 2297 680 2347 Sed
693 2297 831 2360 quicumque

39 2373 204 2436 poenituerunt,
218 2373 271 2421 suut
290 2367 409 2418 illuminati
432 2371 454 2418 et
475 2370 611 2430 acceperuut
631 2368 715 2419 douuru
732 2367 831 2432 Spiritus

39 2445 115 2493 suncti.
135 2443 195 2505 Ergo
206 2440 342 2504 quicumque
352 2441 432 2502 peccat
444 2441 497 2502 post
509 2437 680 2500 poenitentiam,
698 2451 745 2488 non
756 2443 833 2504 potest

41 2513 122 2564 sterutd
134 2512 257 2576 penitere.

68 2589 92 2632 ι.
108 2585 230 2644 Praeterea‚
241 2579 372 2632 Ambrosius
384 2578 437 2628 dicit
445 2578 468 2628 iu
478 2578 520 2628 lih.
538 2577 575 2626 De
585 2578 735 2629 Poeuitentio
747 2597 756 2629 .·
766 2584 831 2630 «ιιι-
879 2575 882 2580 ’

41 2653 157 2716 puniuntur
170 2652 210 2716 qui
224 2650 306 2714 sepius
321 2649 429 2712 agendum
443 2647 599 2712 poeniteutiam
615 2652 705 2710 putant,
714 2649 754 2712 qui
765 2651 832 2699 luxur-

39 2725 122 2774 riautur
132 2725 158 2774 iu
166 2721 267 2782 christo;
283 2731 334 2770 naun
346 2718 551 2770 siverdinchristo
561 2719 718 2781 penitentiam
730 2725 831 2781 agerent,

38 2792 160 2844 iterandam
172 2795 253 2856 postea
266 2803 312 2840 nou
322 2792 435 2853 putarent,
445 2789 498 2852 quia
509 2789 570 2837 sicut
579 2801 649 2837 nurum
663 2793 699 2840 est
706 2789 828 2852 baptisma,

38 2863 68 2912 ita
84 2868 107 2914 et
121 2864 188 2914 unica
198 2867 233 2912 est
241 2861 380 2924 poenitentia.
391 2875 405 2906 u
414 2860 458 2912 Sed
469 2859 593 2922 baptismos
601 2871 648 2910 uon
659 2860 764 2911 iteratur.
772 2859 831 2922 Ergo

39 2950 78 2986 uec
91 2931 235 2997 poenitentia,
