1942 3284
136 196 184 246 ete
264 207 465 256 monumnenta,
481 207 577 252 oum.
590 208 687 256 mvn,
704 208 763 246 aar.
780 209 810 244 11.

132 283 274 350 parcitatem
291 284 461 346 ministrorum,
475 284 554 334 omnia
566 282 675 334 interiora
687 283 818 334 ministeria
837 285 931 336 maen

132 356 343 417 committebantur,
354 358 381 404 ut
396 357 460 418 patet
475 366 518 419 per
530 354 666 419 Dionysium
679 355 745 406 tertio
766 355 848 418 capite
861 357 934 406 diceto

131 428 246 477 atccticoe
259 425 425 482 iteraretis,
440 425 480 476 uhi
493 425 549 476 dicit
562 441 569 476 ι
581 443 595 472 a
610 425 764 476 llinishonrm
778 425 821 475 alii
833 429 898 476 stat
912 427 934 476 al

132 501 211 560 portas
230 495 311 561 tempti
326 496 433 558 clausas,
449 495 488 546 alii
506 495 568 547 aliud
586 496 673 560 proprii
687 497 774 546 ordinis
794 500 934 562 opsnatu:

133 568 174 618 alii
190 571 266 618 summ
288 568 445 618 sacerdotibus
462 572 594 632 proponunt
614 580 684 631 super
705 568 779 618 altare
791 581 889 620 mern
902 582 936 632 pr·

132 651 200 701 nem,
218 641 241 689 ct
260 637 427 689 benedictionis
443 638 548 690 calicem
567 656 581 685 u
598 637 754 689 Nihilominias
773 644 843 689 erant
862 652 936 690 omnes

132 711 249 775 predicte
260 713 402 774 potestates,
412 711 453 762 sed
465 708 593 774 impliciti,
608 709 634 761 in
648 723 695 760 uua
705 709 799 760 dhconi
808 715 937 775 pslmista:

134 781 176 832 sed
192 779 272 843 posted
294 781 416 844 ampliatus
439 784 474 832 est
494 781 569 831 cultus
585 780 694 844 divinus,
710 785 734 832 ct
757 782 868 832 Ecclesia
885 782 937 846 cuod

132 850 242 915 inpliciti
252 852 351 903 hahehat
363 852 388 904 in
402 865 449 903 nno
462 852 554 917 ordine,
566 851 676 916 expliciti
686 852 817 902 tradiditin
825 854 933 908 diram:

131 926 155 972 et
173 921 300 974 secundnm
320 924 365 974 hoc
383 923 439 976 dicit
460 922 566 985 Magister
577 922 604 973 in
617 923 695 974 littera
711 925 755 987 (ut
771 923 862 988 cupri)
876 924 933 989 quit
962 924 963 967 ἲ

130 991 234 1044 Ecclesia
251 994 309 1046 alios
321 994 412 1046 ordines
423 994 467 1046 sihi
479 993 590 1046 institnit.
963 1006 965 1057 t

164 1065 199 1116 td
209 1066 302 1118 tertium
317 1068 436 1120 dicendum
444 1105 452 1132 ,
462 1067 524 1132 qnhd
534 1067 626 1119 ordines
637 1066 797 1132 principaliter
807 1068 937 1120 ordinum
963 1060 965 1147 J

131 1137 343 1190 adscendentem
359 1138 520 1200 Eucharistiae,
534 1139 565 1190 ad
580 1137 626 1190 alia
635 1143 715 1190 autem
726 1153 771 1204 per
781 1153 936 1205 messmam,
963 1166 964 1203 3

132 1207 188 1271 cuia
199 1209 269 1260 etiam
281 1210 326 1260 alia
338 1214 481 1262 sacramenta
491 1211 519 1260 ah
531 1222 558 1261 eo
568 1210 631 1273 quod
642 1208 667 1260 io
675 1211 721 1261 hoe
731 1217 882 1264 sacramente
889 1225 937 1263 rm

131 1278 219 1330 tinctor
237 1281 377 1332 derivantur.
391 1281 455 1332 Unde
472 1295 520 1334 uon
537 1284 626 1345 oportet
638 1279 701 1344 quod
714 1282 892 1345 distinguantur
906 1295 937 1332 or-
964 1312 966 1363 7

131 1350 197 1403 diues
210 1351 334 1403 meandum
346 1355 498 1404 sacramenta.
964 1366 966 1453 y

163 1422 514 1487 adquertnmdicsndumqudd
521 1422 596 1488 anpelt
603 1423 935 1490 unemutepcetemtpropr«

131 1491 176 1542 hoe
190 1491 215 1542 in
232 1491 267 1543 eis
283 1497 358 1556 potest
374 1506 425 1546 esse
443 1495 547 1546 diuersus
565 1495 648 1546 modus
660 1493 795 1558 accipiendi
809 1495 936 1558 dirime

130 1561 183 1614 ideo
203 1562 273 1616 etiam
292 1563 387 1617 dvenae
404 1565 537 1617 hierarchia
552 1565 578 1616 in
590 1565 625 1617 eis
637 1565 819 1630 &unguuntur
838 1583 846 1618 z
864 1567 931 1619 celia
965 1618 966 1625 χ

131 1633 264 1688 hominihus
277 1635 366 1688 mamm
384 1640 420 1688 est
433 1650 480 1688 nna
492 1636 634 1699 hierarchia,
647 1640 744 1702 propter
758 1653 836 1690 annm
852 1638 932 1690 ndu

131 1707 259 1770 accipiendi
277 1707 355 1758 diuina
368 1709 408 1772 qui
421 1708 568 1772 consequitur
580 1709 705 1760 humanam
719 1709 842 1772 speciem,
857 1710 931 1762 solae

131 1789 174 1841 per
182 1779 342 1832 similitudines
351 1793 426 1831 rerum
439 1780 591 1831 scusihdinnr.
600 1781 631 1830 Et
639 1779 692 1830 ideo
703 1779 828 1832 dmfinctio
836 1781 931 1832 ordin

130 1847 157 1898 in
170 1851 258 1915 angelis
272 1865 318 1902 nou
331 1855 409 1916 potest
422 1865 471 1903 csse
489 1863 531 1916 per
541 1849 736 1915 comparationem
744 1849 777 1900 ad
791 1852 886 1916 ahqned
899 1865 933 1902 aa·

131 1926 284 1984 manentum,
294 1923 354 1972 sicut
362 1927 397 1974 est
411 1925 469 1988 apud
479 1936 522 1973 nos
534 1938 540 1972 :
551 1922 591 1973 sed
605 1920 679 1972 solim
689 1934 733 1985 per
743 1925 932 1987 companium·

131 1992 161 2044 ad
179 1993 329 2044 hierarchicas
345 1995 463 2057 actiones,
476 2007 533 2058 quas
548 1993 575 2046 in
589 1991 711 2044 interiores
730 1998 829 2043 exercet
846 1994 934 2058 quitiht

130 2061 187 2114 erdo
203 2063 227 2114 in
241 2065 292 2116 eis:
308 2069 332 2116 et
347 2065 473 2116 secundnm
488 2067 534 2116 hoc
546 2064 619 2116 nostri
632 2062 724 2114 ordime
736 2063 773 2114 eis
786 2066 933 2129 respondeat,

131 2132 186 2194 qnia
205 2135 230 2184 iu
249 2140 326 2188 nostra
343 2137 472 2188 hierarchia
490 2141 543 2187 snut
561 2141 607 2187 tres
626 2135 720 2187 ordines
740 2136 872 2189 mudum
892 2141 933 2188 tet

129 2201 283 2258 hierarchicas
301 2207 403 2262 actiones
427 2206 544 2270 distincti,
557 2207 616 2258 sicin
636 2206 660 2256 in
678 2205 783 2269 quatiet
804 2208 932 2262 hierarchia

129 2285 176 2326 nna
192 2277 333 2337 angelornm.

162 2347 197 2398 td
216 2346 321 2408 quintum
338 2349 475 2414 dicendum,
497 2349 558 2415 quhd
572 2349 734 2401 Psalmistatns
749 2361 799 2400 uon
812 2353 851 2402 eet
863 2351 932 2408 udo.

130 2419 171 2470 sed
187 2416 287 2467 osticium
307 2420 382 2472 ordini
396 2435 511 2473 annexum
526 2438 532 2472 r
548 2421 602 2486 quia
617 2420 680 2472 enim
693 2421 778 2470 Psalmi
793 2433 850 2470 eum
868 2425 932 2472 mute

129 2489 312 2552 pronuntiantur,
328 2489 380 2542 idco
394 2491 476 2544 dicitur
490 2492 609 2544 Psalm‘nta
619 2497 644 2544 ct
654 2496 742 2544 raama.
755 2492 847 2544 Cantor
857 2497 932 2545 aule·

130 2571 178 2610 nou
189 2564 224 2610 cst
236 2571 320 2610 nomeu
334 2562 422 2614 ordinis
432 2564 551 2628 speciatim
560 2568 610 2614 tum
621 2564 677 2628 qnia
686 2568 779 2614 canuae
793 2562 895 2626 pertinet
905 2562 932 2615 al

131 2631 206 2680 totam
225 2631 333 2691 chorum,
351 2635 400 2683 tum
417 2635 471 2699 quia
485 2648 532 2686 uon
545 2636 614 2687 hahet
626 2635 726 2699 aliquam
746 2635 874 2698 specialem
894 2648 932 2686 re-

130 2699 239 2752 lationem
255 2699 283 2750 ad
297 2700 446 2756 Eucharistic
468 2711 645 2758 sacramentnm.
662 2706 722 2766 Quia
734 2709 816 2757 umen
832 2705 932 2760 oncis·

127 2770 312 2902 ffidlatzomssst,
327 2771 389 2824 iuter
407 2776 501 2828 ordines
520 2777 584 2842 largo
602 2779 670 2830 modo
688 2780 796 2840 acceptos
810 2777 931 2842 aliquado
