1942 3284
195 193 231 230 mn
245 191 437 238 cernissemus
454 191 709 242 murmuraret.
808 182 857 244 tta

33 268 278 332 transelementatus
291 267 412 332 episcopus
425 279 507 318 manns
518 266 626 332 imponit,
640 268 680 317 sed
702 265 772 320 etiem
783 280 858 324 sacer-

33 339 116 401 dotes
130 337 257 398 adstantes.
271 339 330 403 largo
344 352 390 392 non
402 337 465 390 solus
484 337 606 406 episcopus
617 337 705 401 content
717 338 803 391 ordinis
815 351 854 403 sa-

35 414 248 545 “agelglrtgffireu
260 484 314 531 tunc
325 481 448 545 unicuique
460 481 526 532 dator
534 485 637 547 potestas
650 481 750 541 ordinis,
761 480 853 549 qnandd

35 551 67 604 id
83 553 108 604 ei
123 552 244 604 exhibetur
254 554 313 616 qnod
331 554 360 604 ad
375 556 451 604 actum
466 553 504 604 sni
516 553 602 605 ordinis
615 553 725 618 pertinet.
740 553 788 604 Sed
802 553 856 616 snb·

36 623 153 676 diaconis
167 624 232 674 datur
250 623 356 674 urceolus
369 637 423 676 oum
441 636 518 688 aqua,
531 625 618 674 mantili
631 627 655 675 et
671 621 813 688 manutergio
826 623 858 674 ab

36 695 225 759 archidiacono3
245 695 349 746 similiter
367 695 462 761 acolytis
483 697 642 750 candelabrum
659 710 711 747 cnm
730 708 812 761 cereo,
830 699 856 756 et

37 765 158 818 urceolus
170 779 263 818 vacuus.
274 767 333 830 Ergo
345 779 391 818 non
403 769 465 820 solus
482 767 605 832 episcopus
617 768 705 820 confert
719 766 807 820 ordinis
820 780 857 834 sa·

38 841 203 892 crementum.

81 915 107 960 a.
124 913 239 961 Praeterea
248 947 255 971 ,
264 909 303 960 illa
315 924 366 974 quas
379 914 434 961 sunt
449 911 535 962 ordinis
545 924 592 962 non
606 914 702 976 possunt
715 911 782 962 alicui
791 924 853 970 ccm-

40 982 112 1034 mitti
132 981 172 1044 qui
191 983 324 1032 nonhabet
345 981 457 1034 ordinem.
476 983 520 1032 Sed
537 982 639 1032 conlerre
653 983 744 1034 ordines
757 983 859 1045 minores

40 1053 203 1106 committitur
215 1052 328 1116 aliquibus
341 1052 380 1116 qui
395 1067 442 1104 non
452 1058 507 1104 sunt
518 1052 638 1118 episcopi,
649 1052 709 1104 sicut
718 1054 857 1120 presbyteris

38 1125 216 1177 cardinalibus.
238 1125 296 1190 Ergo
318 1123 422 1176 conterre
441 1124 534 1176 ordines
554 1129 651 1176 nonest
669 1123 807 1188 episcopalis
821 1139 858 1188 or·

42 1195 122 1248 dinis.

83 1269 109 1321 t.
119 1267 246 1328 Fraterno,
257 1266 390 1331 cuicumque
399 1267 548 1319 committitur
556 1268 695 1332 principale,
704 1266 853 1330 oemmittitor

43 1342 74 1392 et
84 1339 247 1390 accessorium.
262 1338 308 1388 Sed
319 1337 404 1389 ordinis
416 1342 585 1390 sacramentum
601 1339 718 1390 ordinator
727 1339 755 1390 ad
770 1339 856 1391 encha-

43 1409 158 1472 ristiam,
173 1409 231 1460 sient
247 1409 399 1462 accessorium
414 1411 443 1462 nd
461 1409 597 1476 principale.
615 1410 672 1461 Cim
686 1424 740 1475 erpo
753 1409 858 1463 sacerdos

48 1485 175 1535 consecret
183 1480 354 1541 euehadstiam,
366 1481 416 1546 ipse
427 1482 497 1533 eliam
507 1482 593 1546 poterit
606 1482 697 1533 ordines
710 1482 823 1533 conterre.

87 1557 111 1614 5.
126 1553 251 1616 Praeterea,
260 1552 314 1616 plds
324 1552 391 1602 distat
400 1553 527 1604 sapendosi
537 1554 645 1617 damno,
655 1554 723 1619 qnam
733 1553 856 1618 episeopus

48 1625 83 1678 alt
95 1624 214 1688 episcopo.
222 1624 268 1674 Sed
277 1625 398 1688 episcopus
412 1627 491 1688 polest
499 1636 634 1676 consecrare
643 1625 786 1690 episcopum.
796 1623 856 1688 Ergo

47 1699 77 1752 et
90 1696 196 1746 sacerdos
210 1699 287 1760 potest
298 1708 431 1758 promovere
445 1695 575 1752 decorum.

85 1767 132 1818 Sed
140 1771 219 1818 contra
233 1783 238 1820 :
256 1766 366 1818 Nobiliori
376 1767 443 1818 modo
456 1766 598 1830 applicantur
609 1768 638 1818 ad
651 1766 755 1818 divinum
769 1767 856 1821 cultum

48 1838 156 1894 ministri
171 1851 213 1904 per
228 1838 328 1900 ordines,
343 1838 412 1902 quam
428 1850 482 1888 rasa
495 1850 568 1888 sacra.
580 1838 626 1888 Sed
638 1836 778 1889 consecratio
788 1850 856 1889 vaso·

49 1924 108 1974 pum
121 1910 220 1974 pertinet
234 1911 261 1960 ad
277 1909 350 1960 solnm
364 1908 506 1974 episcopum.
520 1908 581 1974 Ergo
597 1908 669 1959 multd
682 1906 765 1958 iortiirs
775 1919 858 1961 conse·

48 1979 127 2034 oratio
141 1981 302 2033 ministrorum.

88 2053 215 2118 Preterea,
230 2055 397 2103 sacramentnm
408 2050 496 2103 ordinis
504 2056 540 2102 est
553 2047 702 2102 excellentius
715 2047 784 2113 qnam
797 2062 857 2112 eop-

53 2123 199 2176 firmationis.
214 2124 260 2174 Sed
274 2125 336 2174 solus
346 2122 467 2188 episeopus
483 2121 611 2173 confirmat.
625 2115 684 2184 Ergo
698 2120 770 2174 multd
783 2121 857 2194 magis

53 2195 120 2248 solus
132 2195 219 2246 conlert
231 2194 316 2245 ordinis
331 2199 505 2245 sacramentnm.

89 2267 219 2328 Preietos,
237 2266 336 2330 virgines
355 2280 396 2332 per
412 2265 594 2316 benedictionem
620 2277 666 2316 non
687 2265 857 2316 constituuntur

55 2340 84 2391 in
93 2338 167 2402 aliquo
179 2339 247 2402 gradu
262 2337 386 2404 spiritualis
398 2337 529 2402 potestatis,
539 2337 601 2386 sicul
610 2335 707 2386 ordinati
716 2337 858 2386 ronstitnnn·

55 2414 106 2463 tur.
127 2407 170 2459 Sed
189 2408 290 2472 virgines
308 2407 442 2458 benedicere
460 2413 497 2457 est
513 2405 584 2457 solius
600 2406 703 2471 episcopi
720 2405 791 2471 (dist.
811 2410 858 2468 68,

56 2494 110 2544 cap.
127 2480 274 2544 Quamvis).
289 2481 348 2544 Ergo
362 2477 433 2530 mullei
448 2478 522 2542 magis
540 2477 602 2529 solus
618 2479 670 2542 ipse
682 2479 757 2540 potest
771 2474 859 2540 aliquos

56 2549 171 2606 ordinare.

95 2622 283 2686 (Corsersro.-,
291 2620 350 2674 Cim
362 2621 482 2686 episeopus
492 2623 585 2686 propter
595 2617 778 2671 excellentiorem
787 2630 855 2680 qnam

58 2694 128 2748 habet
143 2697 294 2758 potestatem,
307 2694 371 2745 solus
385 2693 518 2755 confirmet,
533 2691 633 2756 virgines
649 2689 781 2750 consecret,
799 2687 861 2740 etin

59 2763 144 2818 divinis
158 2764 290 2823 rnipisleriis
307 2764 395 2832 aliquos
406 2764 516 2829 collocet,
529 2764 619 2814 adeum
631 2759 700 2812 etiam
715 2758 789 2811 solnm
806 2772 860 2832 per-

59 2837 118 2888 tinet
130 2848 206 2886 sacros
219 2837 310 2888 ordines
324 2837 436 2889 conferre.
449 2835 456 2898 )

92 2908 227 2972 despondeo
242 2909 375 2976 dicendum,
392 2907 452 2978 qudd
473 2909 574 2974 potestas
591 2903 729 2976 episcopalis
745 2903 815 2959 talret
834 2916 863 2956 se
