1942 3284
196 161 227 201 1111
241 157 396 204 securarum
410 165 528 209 mrem
543 169 682 212 unurronrs.
794 168 840 220 791

62 237 196 299 Praeterea,
211 239 238 288 ad
255 239 299 290 boc
315 245 351 292 est
362 241 422 292 ritus
436 241 573 298 universalis
586 249 708 314 Ecclesia,
722 267 772 318 pue
783 256 839 319 qm·-

26 307 135 358 busdam
147 307 299 360 uerbisutitm
312 311 337 361 in
354 314 475 366 collatione
489 317 559 382 buius
568 323 713 374 sacramenti.

63 377 272 443 (Consumto-
283 381 339 432 Cium
351 386 454 437 materie
467 386 601 449 significatio
611 393 639 442 ad
654 395 726 445 multa
738 409 839 450 commu·

23 451 88 512 nis,
104 463 153 500 nou
175 450 219 501 nisi
239 466 281 516 per
302 455 423 506 uerborum
442 457 538 509 formam
559 463 589 511 ad
609 466 697 514 certum
717 471 839 531 quemdam

24 524 147 575 effectum
156 523 329 588 determinetur,
337 529 482 592 perspicuum
493 536 528 582 est
536 532 839 606 formamverborumbujus

23 594 188 656 sacramenti,
202 595 260 646 sicut
273 601 297 646 et
310 598 405 649 aliomm
417 607 624 668 sacramentorum,
640 608 723 660 debere
733 623 786 662 esse
797 613 838 664 de-

23 665 203 728 terminatam.)

62 737 207 802 Respondet
216 736 343 803 dicendum,
356 741 415 804 qubd
430 743 523 805 quidam
535 744 640 798 dixerunt
653 750 714 816 qu'od
728 755 790 804 nulla
802 759 838 806 est

22 809 111 860 forma
130 809 158 859 de
170 809 305 862 necessitate
318 811 387 876 hujus
402 816 550 881 sacramenti3
566 820 607 870 sed
621 820 666 872 boc
683 823 773 874 videtur
792 827 834 876 de-

19 889 117 945 rogare
134 879 224 930 etieetui
244 881 313 948 hujus
337 886 481 936 sacramenti.
501 887 560 946 Quin
582 902 650 942 omne
668 900 834 949 sacramentum

20 951 107 1004 efficit
125 951 285 1017 significand03
302 954 437 1017 significatio
457 960 533 1008 autem
549 961 709 1015 materiamen
728 967 835 1018 determi-

21 1023 103 1072 natur
117 1020 146 1070 ad
160 1021 266 1072 edentum
282 1023 468 1089 determinatum,
481 1025 534 1077 edm
547 1031 576 1080 ad
587 1031 659 1082 multa
669 1046 694 1084 se
707 1036 781 1098 possit
791 1038 835 1088 ba·

21 1093 90 1144 bere
100 1130 108 1155 ‚
119 1091 164 1142 nisi
177 1105 218 1156 per
236 1094 330 1144 termam
345 1095 481 1160 uerborum
499 1102 523 1148 et
535 1099 587 1151 ideo
600 1102 624 1152 in
638 1103 743 1156 omuibus
760 1119 836 1159 sacra-

19 1163 119 1214 mentis
137 1176 202 1214 nove
211 1163 267 1228 legis
280 1179 330 1230 quae
343 1167 448 1218 efficiunt
458 1170 520 1232 quod
529 1171 636 1237 figurant,
650 1179 740 1238 oportet
749 1190 800 1228 esse
811 1183 835 1229 et

18 1247 65 1287 res
76 1238 103 1286 et
112 1234 189 1284 verba.
202 1235 232 1284 Et
245 1241 363 1300 preterea,
373 1239 468 1290 lacobus
477 1243 551 1292 totam
563 1243 610 1294 vim
620 1245 690 1310 hujus
699 1250 835 1300 sacramenti

18 1308 124 1358 videtur
143 1307 281 1358 constituere
295 1307 319 1358 in
334 1309 449 1374 oratione,
464 1325 515 1376 que
533 1319 569 1365 est
581 1314 654 1368 torma
666 1318 736 1383 bujus
754 1331 849 1371 secra·⁴

20 1378 127 1440 menti,
141 1380 167 1427 nt
179 1377 266 1430 dicetur
278 1379 346 1444 pauit
359 1385 425 1446 post;
436 1382 488 1434 ideo
501 1385 607 1448 praedicta
619 1387 697 1453 opinio
709 1403 835 1458 presump-

18 1457 102 1503 tuosa
123 1449 214 1500 ridetur
234 1454 258 1501 et
279 1463 383 1502 erronea.
399 1455 427 1503 bt
449 1460 542 1520 propter
562 1459 606 1510 boc
625 1461 760 1526 dicendum,
775 1465 835 1516 sicut

18 1519 186 1576 communiter
198 1519 288 1586 dicitur,
304 1522 366 1587 qudd
383 1523 452 1576 habet
465 1525 560 1578 formam
574 1530 744 1583 determinatam
750 1571 760 1598 ,
773 1533 834 1588 sicut

17 1601 45 1648 et
59 1593 112 1646 alia
128 1596 276 1644 sacramenta.

55 1665 98 1716 Ad
112 1663 210 1728 primum
225 1677 279 1730 ergo
294 1663 429 1729 dicendum,
439 1667 501 1732 quiid
517 1683 581 1721 sacra
599 1671 714 1738 Scriptura
727 1678 833 1729 omnibns

16 1737 183 1792 communiter
195 1738 341 1802 proponitur;
354 1742 377 1790 et
391 1736 444 1792 ideo
458 1742 531 1792 torma
543 1745 666 1810 baptismi,
678 1747 732 1811 quia
745 1749 773 1798 ab
784 1763 833 1801 om·

16 1813 101 1864 nibus
114 1809 163 1859 dari
176 1813 266 1873 potest,
279 1809 345 1860 debet
357 1809 382 1860 in
394 1824 458 1862 sacra
471 1812 588 1878 Scriptura
599 1818 714 1881 exprimi:
732 1824 755 1870 et
766 1821 831 1872 simi-

12 1885 78 1936 liter
94 1881 167 1930 torma
181 1880 322 1932 eucharistie
328 1917 337 1945 ,
348 1895 398 1946 pum
410 1884 517 1950 exprimit
529 1889 665 1938 sacramenti
677 1888 738 1940 iilius
750 1890 829 1958 tidem,

13 1968 78 2022 quae
92 1955 131 2002 est
148 1953 176 2003 de
194 1951 330 2004 necessitate
342 1953 427 2006 11111111.
443 1955 486 2008 Sed
498 1956 577 2010 tormae
588 1957 684 2010 aliorum
698 1973 829 2014 sacremen-

11 2033 104 2079 torum
123 2037 170 2074 non
188 2023 336 2076 inveniuntur
349 2025 372 2076 in
390 2039 453 2078 seem
472 2030 588 2095 Scriptura
605 2032 711 2096 tradite3
727 2035 767 2085 sed
785 2035 828 2088 has

11 2095 133 2152 Ecclesia
145 2109 175 2146 11
187 2097 307 2148 traditione
322 2100 476 2161 apostolorum
486 2102 569 2166 babet,
581 2103 622 2167 qui
632 2102 749 2156 ibomino
762 2117 829 2158 acce·

11 2172 121 2238 permut,
135 2171 160 2218 ut
174 2167 227 2218 dicii
244 2169 372 2233 Apostolus,
383 2169 402 2218 1.
417 2170 548 2230 Cor.,X1:
565 2175 637 2238 «Ego
651 2175 713 2224 enim
723 2179 801 2243 accepi
815 2178 830 2229 i

11 2240 143 2301 Domino,
157 2239 217 2303 quud
230 2243 254 2289 et
270 2239 351 2290 tradidi
364 2240 438 2305 vobis,
454 2246 524 2294 etc.»
802 2256 805 2259 ’

51 2311 95 2363 Ad
107 2311 233 2362 secundum
243 2311 371 2372 dicendum,
383 2312 444 2375 qudd
455 2314 570 2366 illauerba
581 2329 632 2379 quar
644 2320 699 2367 sunt
711 2319 740 2370 de
750 2331 830 2371 essen·

11 2387 52 2438 tia
73 2382 170 2445 forme,
189 2379 276 2432 scilicet
293 2381 364 2432 oratio
377 2383 534 2448 deprecativa,
547 2386 575 2436 ab
590 2387 695 2439 omnibus
711 2391 829 2456 dicuntur;

10 2457 61 2511 sed
77 2453 186 2516 aliaque
196 2457 250 2504 sunt
263 2455 291 2504 de
303 2452 361 2504 bene
373 2466 433 2518 esee,
447 2469 495 2506 non
508 2457 659 2508 observantur
671 2460 700 2510 ab
714 2462 831 2513 omnibus.

50 2525 93 2578 Ad
104 2522 198 2574 tertium
217 2525 350 2588 dicendum,
362 2525 422 2590 qubd
439 2528 535 2578 materia
545 2527 653 2592 baptismi
667 2532 736 2582 babet
748 2545 833 2595 quam-

10 2605 77 2656 dam
95 2595 296 2649 sanctificationem
312 2611 354 2662 per
370 2610 395 2648 11
415 2611 445 2648 er
461 2597 513 2664 ipso
527 2604 590 2651 tactu
608 2602 685 2654 carnis
698 2603 833 2667 saluatoris,

10 2674 63 2728 sed
81 2684 113 2722 ex
129 2669 201 2720 torma
212 2671 331 2722 uerborum
345 2670 429 2735 accipit
441 2672 647 2725 mortificationem
667 2677 719 2724 actu
731 2675 834 2727 sanctifi·

8 2747 127 2798 eantern.
141 2741 170 2792 Et
185 2741 289 2794 similiter
301 2745 354 2807 post
367 2741 569 2796 sanctificationem
588 2745 689 2796 materie
708 2745 779 2810 bujds
791 2760 832 2816 sa·

9 2813 139 2871 crementi
161 2813 286 2864 eecundbm
305 2827 348 2877 se,
363 2813 483 2879 requiritur
505 2816 656 2868 sanctificatio
675 2817 700 2867 in
717 2830 778 2884 usu,
791 2831 834 2884 per

9 2901 94 2959 quam
111 2889 166 2936 actu
178 2885 312 2938 sanctificet.

123 2999 169 3038 m,
410 3029 413 3034 ,
537 2974 540 2979 “
705 2992 736 3038 aa
