1942 3284
131 160 178 207 ⁸⁸⁸
286 177 489 227 surrtnsnrort,
504 176 596 223 oum.
612 177 670 227 ¹111,
686 177 741 213 aar.
756 176 775 211 ι.

132 254 197 317 ttoni,
207 258 235 306 ut
245 258 310 318 patet
315 254 339 305 in
352 253 455 305 oemtate
466 256 491 304 et
497 252 575 304 causis
585 253 647 317 ejus.
658 252 688 302 st
699 256 778 303 umen
789 264 869 305 tam
877 267 925 318 pso

133 324 179 376 cati
186 325 309 390 praedicta,
318 337 363 376 non
373 326 427 375 sunt
436 324 577 375 sufficientes
587 336 671 384 cause,
686 322 739 372 cium
752 337 784 374 ex
795 322 833 375 eis
844 337 891 376 uos
901 327 927 377 ts

132 396 267 448 necesiute
279 398 388 458 sequatur
401 398 537 459 peccatum,
552 393 593 445 sed
603 397 658 445 sant
671 394 807 445 ooosuoues
816 396 925 458 quatern

132 480 176 519 nec
190 466 272 518 iterim
287 464 413 516 satistactio
426 462 477 516 sine
487 465 529 517 itei
540 465 625 515 auritio
637 465 677 527 ot,
688 465 744 529 quia
754 465 808 517 sine
819 467 926 517 emisio

131 551 183 589 osse
195 550 243 590 non
251 540 343 602 potest,
356 540 383 587 ut
392 536 480 587 dicetur
490 536 549 601 (qu
562 538 608 598 tt,
622 540 667 586 art
681 535 727 600 s).

88 650 98 671 ,
162 610 197 661 at
208 612 313 674 quarum
322 609 460 670 dicentum,
474 609 537 671 qood
548 608 653 671 momnis
664 606 806 671 paenitentia
816 621 850 659 ex
860 609 926 673 prins
957 615 958 670 ξ

131 681 168 733 aui
180 680 325 731 institutione
337 680 389 731 sive
401 680 530 731 intentione
551 679 661 742 respiciat
677 679 841 743 preteritum·
856 686 926 731 tames

130 752 199 803 etiam
210 762 240 801 ex
251 751 415 815 consequenti,
428 750 531 800 futurum
540 749 635 813 respicit
645 749 672 799 in
684 753 801 813 quantum
813 755 856 801 est
863 752 927 803 ursi

131 823 182 873 cina
193 833 352 887 preservans,
364 827 390 873 et
400 821 435 873 sic
444 822 513 871 etiam
527 820 662 872 satisfactio.

160 894 312 957 acquantum
324 891 526 957 dicentum,un
538 893 677 955 Augustinus
695 892 779 944 definit
789 892 926 945 satisoetio·

130 978 194 1029 nem,
203 964 327 1016 secantium
337 964 397 1027 quod
407 963 433 1013 tit
442 963 498 1023 Deo,
506 963 544 1013 cui
556 962 725 1013 secundimrei
737 964 866 1017 estimem
877 964 925 1015 niti
957 1015 958 1024 ,

130 1036 234 1087 subtrahi
243 1040 335 1101 potest,
344 1034 449 1099 quamvis
458 1037 574 1099 peccator,
584 1033 728 1098 quantumin
741 1047 770 1084 se
782 1040 822 1086 est
831 1074 840 1098 ‚
850 1036 924 1100 atiqsfl

128 1107 249 1158 subtrahat
259 1121 268 1157 s
277 1110 302 1158 ot
319 1106 371 1156 ideo
383 1105 407 1155 in
421 1104 462 1154 tati
475 1102 631 1155 satisfactione
644 1103 800 1167 principalius
809 1108 925 1170 roquirim

128 1178 256 1229 emendatio
271 1178 296 1227 in
307 1176 409 1227 tutorum
415 1209 426 1239 ‚
435 1175 505 1240 quim
517 1174 697 1238 recompensatio
711 1177 925 1241 praeteritorumtt

127 1252 223 1312 propter
233 1249 277 1298 noc
286 1260 317 1297 ex
328 1249 392 1311 parte
407 1245 452 1296 ista
465 1244 604 1308 Augustinus
619 1243 724 1295 detinirit
735 1246 923 1298 satistmtiones

129 1317 281 1369 Nihilominus
302 1320 377 1367 omen
387 1328 417 1367 ex
429 1316 517 1366 cautela
531 1314 658 1366 futurorum
669 1316 783 1379 cognosci
799 1322 880 1381 potest
892 1329 925 1369 rs·

128 1387 283 1453 compensatio
290 1386 467 1451 preteritorum,
476 1384 924 1450 quiafitcircseadem,eonrersomoos

127 1460 155 1509 tn
176 1458 291 1524 preterita
307 1457 368 1508 enim
382 1455 546 1521 respicientes,
560 1468 642 1507 causas
669 1461 820 1521 pomorum
840 1463 923 1524 propte

126 1532 221 1595 peccate
229 1530 376 1589 detestamur,
385 1528 399 1578 i
407 1527 509 1593 pensatis
516 1527 651 1592 incipientes
661 1527 827 1581 dctssutiouis
834 1536 922 1591 motam

125 1601 167 1651 sod
177 1599 203 1651 in
212 1600 300 1652 mutela
313 1598 327 1651 t
339 1599 414 1649 causis
433 1598 570 1663 incipimus,
583 1602 611 1649 ut
625 1598 701 1649 causis
718 1598 864 1665 subtractis,
875 1601 923 1651 tas
956 1661 957 1664 Ἴ

125 1670 171 1725 liits
188 1675 283 1737 potesta
301 1670 408 1721 nmmos.

156 1742 191 1793 at
203 1743 308 1807 quintum
318 1741 454 1803 dicendum,
465 1738 528 1804 queo
537 1751 585 1790 nou
595 1742 632 1791 cst
642 1739 815 1794 inconveniens
827 1744 921 1808 quitto

124 1812 205 1864 cotem
215 1812 297 1867 dentur
307 1812 403 1863 dimisa
412 1810 577 1875 assignationes
589 1810 714 1861 wcuottrrn
724 1812 834 1878 diversa,
844 1814 920 1880 quain

124 1882 175 1947 ipso
189 1882 344 1945 inveniuntur,
359 1887 384 1931 et
395 1880 430 1932 sic
441 1886 478 1933 ost
488 1882 513 1931 iu
527 1882 654 1946 proposito,
665 1885 691 1931 ut
704 1894 736 1931 ex
747 1883 819 1935 dictis
831 1889 902 1949 patet

156 1953 190 2003 td
199 1956 289 2003 sextam
301 1951 435 2014 dicendum,
446 1952 507 2017 qood
522 1952 656 2015 intelligitur
667 1951 773 2003 debitum
787 1957 852 2020 quod
862 1955 921 2006 teit-

124 2034 175 2072 mus
195 2022 241 2073 tteo
253 2021 340 2073 ratione
353 2023 427 2087 culpo
440 2023 582 2088 commissa,
595 2022 650 2087 quis
667 2023 774 2075 debitum
794 2026 921 2090 paenitente

123 2091 230 2157 respicit,
244 2099 270 2144 ut
280 2090 344 2157 prins
360 2093 502 2147 dictumest.

382 2435 554 2507 osssstlo
570 2436 654 2505 xiii.

139 2580 174 2624 De
183 2579 359 2638 satisfactionis
369 2580 545 2637 possibilitate,
557 2584 589 2628 iss
601 2583 662 2629 duos
680 2586 804 2631 orticasios
817 2588 903 2632 (tisias.

151 2724 236 2775 osinoe
249 2723 437 2777 considerandam
449 2731 485 2778 est
498 2728 527 2779 do
546 2729 699 2794 possibilitate
712 2732 887 2784 satisfactionis.

128 2856 133 2867 ι
150 2793 216 2843 Circa
227 2794 288 2857 qnod
301 2801 432 2858 qoaerontnr
441 2799 486 2849 duo
503 2802 546 2847 :1⁰
559 2798 639 2849 Utruim
652 2800 722 2852 homo
732 2802 808 2866 possit
820 2804 865 2855 Deo
882 2815 914 2853 sa·

116 2861 230 2912 trstaoerc.
255 2866 283 2911 2⁰
300 2864 379 2915 Utrinr
399 2865 481 2931 aliquis
494 2881 535 2932 pro
549 2869 593 2920 atio
600 2859 737 2922 ‘satisfacere
750 2872 835 2936 possit.
