1942 3284
123 251 154 298 86
261 241 268 273 ⁹
298 250 376 297 'urus
392 258 434 308 ru,
450 258 543 304 ouasr.
560 257 617 309 cxv,
633 259 688 297 aur.
705 260 732 296 rr.

121 336 260 400 hujusmodi.
275 335 456 396 Quidamtamen
471 335 549 386 dicum
564 338 689 388 extremam
702 335 839 388 unctionem
851 303 926 389 muer
952 357 953 360 ¹

122 408 213 459 veniale
223 411 341 473 peecatum
351 406 513 470 ordinemsed
530 407 558 458 de
570 408 615 458 lroc
627 421 669 459 suo
680 408 731 460 loce
745 407 848 460 dicetur.

343 569 347 579 '
421 585 580 638 rerrcutus
595 585 623 636 11.

154 715 240 762 Utrieor
255 717 407 760 memento
424 712 591 758 convenienter
606 712 749 758 ordinentur
767 715 904 760 emendem
952 727 953 738 ³

395 777 493 822 modum
507 775 653 832 predictam.

155 905 188 955 ld
197 904 319 955 secundum
330 904 363 954 sic
371 903 499 968 proceditur
508 901 552 966 (l).
562 901 657 954 Videtur
666 899 726 967 quid
735 904 927 956 inconvenienter

123 981 264 1028 sacramente
276 975 409 1027 ordinentur
420 974 544 1025 secundem
559 975 651 1026 modum
661 975 805 1038 predictum.
818 977 851 1027 Ut
869 977 927 1026 enin
952 1005 953 1030 ,

124 1049 246 1114 Apostolus
264 1047 319 1098 dicit
334 1049 352 1097 l.
368 1047 404 1096 ad
419 1047 490 1105 Cor„
503 1045 543 1096 llll
559 1061 566 1096 ι
583 1046 678 1096 «Prius
697 1049 807 1110 estquod
824 1053 862 1098 est
881 1047 926 1098 eni·

124 1122 200 1183 male,
214 1119 296 1170 deiude
316 1120 375 1183 quod
387 1117 514 1182 spirituale.
524 1133 538 1166 n
550 1117 596 1168 Sed
613 1131 654 1182 per
668 1117 841 1170 matrimonium
856 1133 927 1184 geue·
952 1119 953 1212 l

125 1198 186 1243 ratur
199 1193 266 1242 homo
280 1189 353 1255 prima
367 1190 524 1254 generatione,
539 1203 589 1252 quae
602 1195 638 1240 est
651 1189 772 1252 animalis,
783 1205 828 1254 per
844 1191 927 1256 baptis·
952 1215 953 1256 3

125 1279 188 1314 mum
201 1267 276 1314 autem
289 1265 435 1325 regeneretur
446 1263 515 1312 homo
530 1263 631 1312 secunda
648 1260 812 1326 generatione,
826 1279 881 1329 que
895 1267 927 1313 est
952 1257 953 1306 ἒ

124 1335 255 1402 spiritualis.
269 1335 329 1398 ltrgo
343 1332 512 1383 matrimonium
526 1333 592 1383 debet
604 1334 730 1398 precedere
744 1334 898 1397 baptismum.
952 1365 953 1400 3

156 1413 181 1458 2.
200 1410 328 1469 preterea,
345 1419 387 1469 per
399 1407 564 1456 sacramentum
584 1404 669 1456 ordinis
688 1403 771 1468 aliquis
781 1407 871 1471 accipit
890 1419 926 1469 po·
952 1401 953 1478 t

126 1483 232 1531 testatem
240 1477 321 1542 agendi
331 1475 624 1527 actionessacremeutales.
633 1476 680 1527 Sed
689 1490 761 1539 egeus
770 1478 880 1544 estprior
889 1489 926 1528 sua
952 1483 953 1534 t

125 1551 221 1602 actione.
233 1551 293 1614 Ergo
310 1550 366 1601 ordo
379 1550 448 1600 debet
460 1548 590 1613 precedere
603 1547 740 1612 baptismum
752 1551 775 1598 et
788 1549 837 1600 alia
854 1561 927 1600 secra·
952 1613 953 1616 Ἴ

124 1625 210 1673 menta.
952 1641 953 1686 p

159 1699 182 1744 3.
197 1695 319 1758 Praeterea,
331 1691 466 1745 eucharistia
476 1696 512 1743 est
524 1691 640 1756 spirituale
653 1691 817 1742 nutrimentum
827 1709 834 1758 ;
845 1693 926 1746 confir·

126 1767 195 1819 matio
211 1771 288 1817 eutem
307 1769 450 1829 comparatur
463 1766 593 1826 augmento.
615 1763 783 1814 Nutrimentum
799 1770 880 1817 eutem
894 1766 925 1814 est

125 1851 195 1888 causa
210 1837 344 1900 augmenti,
359 1839 399 1898 et,
413 1849 454 1900 per
467 1848 620 1898 consequeus,
634 1835 698 1898 prius
711 1847 747 1886 eo.
768 1835 830 1899 Ergo
844 1836 925 1888 eccm·
952 1891 953 1910 χ

125 1909 190 1961 ristia
204 1912 240 1960 est
250 1909 311 1972 prior
319 1906 498 1958 confirmatione.
952 1953 953 1956 ,

159 1983 183 2031 t.
194 1981 320 2041 Praeterea,
332 1979 468 2042 poeuiteutia
478 1980 590 2041 preparet
601 1976 705 2030 homines
715 1979 745 2030 ad
756 1981 923 2032 eucharistiam.

126 2053 171 2104 Sed
190 2051 309 2117 dispositio
322 2051 431 2116 precedit
443 2049 618 2115 perfectionem.
633 2051 693 2116 Ergo
706 2051 844 2116 penitentie
863 2052 926 2104 debet
952 2075 953 2106 t

126 2126 255 2190 precedere
270 2123 438 2174 eucharistiam.
952 2119 953 2164 ἶ

159 2201 183 2246 5.
197 2199 326 2257 preterea,
341 2195 402 2260 quod
418 2199 454 2246 est
468 2195 618 2260 propinquius
631 2196 672 2246 lini
684 2196 780 2260 ultimo,
794 2201 833 2248 est
845 2200 924 2264 poste·
952 2201 953 2274 ,

125 2270 181 2320 rius.
202 2269 245 2320 Sed
266 2272 366 2319 extrema
382 2267 474 2329 unctio,
490 2265 550 2317 inter
564 2267 639 2318 omnic
657 2272 810 2329 sacramente,
827 2267 921 2334 propin·
952 2303 953 2306 ,

126 2342 191 2404 quior
203 2343 240 2392 est
251 2339 331 2391 ultimo
345 2339 385 2388 fini
398 2337 554 2390 beatitudiuis.
567 2335 626 2402 Erge
644 2339 711 2390 debet
721 2339 805 2390 haltere
820 2339 924 2392 ultimum
952 2373 953 2380 1

126 2411 202 2463 locum
216 2412 276 2462 iuter
288 2414 437 2462 sacramenta.
952 2407 953 2460 ἶ

157 2485 183 2532 ln
195 2480 332 2533 contrarium
344 2486 390 2544 est,
400 2481 463 2545 qudd
474 2481 627 2533 communiter
641 2479 773 2534 ordinentur
784 2481 812 2531 ab
821 2481 924 2534 omnihus
952 2477 953 2532 ξ

127 2557 282 2617 sacramenta,
294 2553 353 2605 sicut
364 2553 428 2618 prids
441 2553 526 2606 dictum
539 2558 583 2606 eet.
952 2577 953 2580 ¹

163 2628 322 2685 (Concurrere.
341 2627 443 2676 -lnter
465 2629 620 2688 sacramenta,
638 2625 693 2676 ordo
711 2628 735 2676 et
757 2622 924 2676 matrimonium
952 2621 953 2674 l

127 2697 206 2748 ultlmd
215 2701 339 2763 ponuntur,
351 2698 486 2762 poenitentia
500 2697 554 2749 rere
569 2700 592 2748 et
601 2699 700 2748 extrema
712 2695 788 2746 unctio
802 2695 923 2759 posteriora
952 2695 953 2738 l

128 2773 181 2821 sunt
195 2769 309 2834 baptismo
316 2808 325 2835 ,
339 2770 509 2823 confirmatione
523 2773 547 2821 et
561 2767 710 2833 eucharistie,
723 2767 836 2832 posterior
849 2772 922 2818 temen
952 2791 953 2836 p

163 2931 196 2993 (1)
213 2935 246 2980 Dc
255 2934 291 2980 his
301 2935 372 2982 etiem
380 2938 423 2995 lv,
435 2935 511 2986 test„
521 2935 576 2981 dist.
588 2933 611 2994 2,
620 2945 661 2991 qu.
673 2933 697 2992 i,
706 2937 750 2979 nrt.
761 2932 826 2987 3;et
837 2933 891 2980 etrt.
900 2925 923 2987 7,

129 3007 170 3054 (lll-
184 2996 214 3057 1,
227 3005 271 3046 ert.
284 2999 313 3061 l,
326 3000 463 3060 guertium.
474 2997 504 3055 ὃς
519 3003 544 3044 et
557 2998 589 3046 od
601 2998 700 3058 Beier..
709 2999 740 3058 V,
754 2997 779 3042 iu
791 2995 849 3045 linc.
