1942 3284
130 159 176 208 12⁰
326 169 385 206 runs
398 167 439 219 nr,
453 169 545 214 oumsn.
560 167 629 218 nxvr,
643 167 698 206 nur.
713 170 736 206 x.

125 250 168 297 art.
182 249 216 309 t).
232 247 282 304 Quo
293 244 382 309 quidem
391 243 504 309 baptismo
515 257 560 294 non
570 244 713 309 baptizantur
726 243 812 296 fideles
818 283 829 310 ,
845 247 889 298 sed
901 257 936 310 po

123 319 169 370 liirs
187 316 301 382 baptismo
316 316 420 380 Christi3
436 315 581 381 quiquidem
598 317 665 367 babet
679 317 811 368 olricaciam
835 333 869 370 ex
887 305 949 384 pas-l

124 390 190 442 sione
206 381 292 439 Cbr'isti
299 426 308 452 ‚
320 388 445 439 secundirm
460 389 517 440 illud
532 391 611 447 Rom„
625 391 655 440 Vl
671 405 676 437 :
693 389 872 454 «Quicumque
884 379 949 454 bap-l

123 461 188 512 tizati
204 475 282 511 sumus
299 461 324 510 iu
337 461 429 512 Christo
447 461 519 526 iesu,
537 462 561 513 iu
576 465 646 512 morte
668 461 741 526 ipsius
761 462 886 526 baptizati
904 453 949 518 sul

125 535 222 596 mus31»
237 535 260 582 ιι
269 545 297 582 err
307 533 392 597 Spiritu
403 535 493 598 sancto,
507 532 630 584 secuudum
639 533 694 584 illud
704 533 790 589 Jourr„
803 535 857 584 ill:
873 533 936 583 «Nisi

126 605 179 668 puis
194 608 288 654 renatus
303 603 373 654 inerit
389 619 417 656 ex
433 617 492 670 aqua
508 608 532 655 et
547 603 633 669 Spiritu
647 608 740 667 sancto,
750 621 764 652 u
775 609 828 656 etc.
846 607 878 656 nt
891 606 935 654 ideo
948 627 949 682 ι

126 676 235 727 solemnis
249 676 376 742 baptismus
393 677 467 740 agitur
479 678 505 727 in
519 677 635 739 Ecclesia,
656 679 680 727 el
693 676 717 725 iu
731 675 817 739 vigilia
832 677 935 734 Pascha,
948 691 949 722 ι

126 749 217 812 quando
230 749 255 798 lit
268 749 453 800 commemoratio
462 747 586 799 bomiuicae
595 748 715 812 sepultura
725 751 748 798 et
757 748 935 799 resurrectionis

127 820 230 884 ejusdem
247 821 352 886 (propter
367 822 427 884 quud
445 824 468 872 et
481 820 591 871 Dominus
606 823 657 884 post
669 820 870 872 resurrectionem
886 833 936 884 pra-

127 896 219 957 ccplum
234 893 262 944 de
274 893 388 957 baptismo
397 892 514 964 discipulis
526 893 600 954 dedit,
609 896 634 942 ut
643 893 737 942 habetur
751 893 864 950 Matilo„
875 891 936 954 ult),

128 965 189 1016 etin
207 965 286 1029 vigilia
305 966 467 1030 reomenses,
479 965 569 1029 quando
582 965 663 1030 incipit
676 964 786 1015 celebrari
803 965 935 1016 solemnitas

127 1035 227 1101 Spiritus
237 1037 319 1088 sancti.
331 1038 397 1088 Unde
407 1042 430 1088 et
441 1037 539 1102 apostoli
548 1039 653 1102 leguntur
664 1039 713 1102 ipso
729 1036 766 1087 die
776 1037 935 1094 Pentecosten,
948 1065 949 1080 ι

129 1121 175 1171 quo
188 1109 298 1173 Spiritum
311 1114 415 1160 sanctum
429 1114 576 1175 receperant,
591 1110 634 1161 tria
652 1109 722 1160 millia
740 1109 870 1160 hominnm
889 1109 936 1168 bap

128 1178 221 1231 timsse.

162 1255 195 1305 ld
217 1255 342 1305 secundum
365 1253 503 1318 dicendum,
524 1253 585 1318 quod
608 1266 747 1318 numaque
771 1253 901 1304 adhibetur
917 1235 949 1304 ul

129 1327 243 1392 baptismo
255 1327 322 1392 quasi
332 1327 449 1392 pertinens
461 1327 490 1377 ad
502 1325 651 1378 substantiam
664 1327 814 1391 sacramenti,
833 1327 876 1378 sed
886 1336 934 1374 usus

132 1400 177 1451 olei
187 1401 226 1451 rel
240 1399 368 1450 chrismatis
383 1400 501 1450 adhibetur
513 1401 539 1449 ad
550 1399 671 1462 quamdam
683 1398 873 1462 solemnitatem,
888 1409 933 1446 nau
948 1447 949 1450 ,

130 1471 205 1536 primo
219 1471 368 1535 baptizandus
384 1471 501 1533 inungitur
514 1471 563 1522 oleo
575 1473 668 1532 sancto,
683 1473 707 1520 et
726 1469 750 1519 iu
763 1473 864 1534 pectore
878 1473 902 1518 et
917 1467 949 1516 in?

132 1542 232 1607 scapulis
239 1581 247 1607 ,
266 1560 281 1590 u
294 1543 360 1607 quasi
373 1543 458 1594 athleta
475 1541 529 1605 liei,
542 1559 556 1610 u
570 1545 597 1591 ut
610 1541 741 1592 Ambrosius
754 1541 811 1590 dicit
829 1542 856 1591 in
867 1540 906 1590 lib.
918 1537 931 1585 l.
948 1529 949 1574 l

133 1615 170 1664 Dc
183 1615 357 1664 Socromeatis
369 1617 433 1678 (cap.
445 1613 484 1678 2),
501 1613 561 1664 sicut
571 1613 660 1678 pugiles
669 1611 750 1676 inungi
758 1612 932 1664 consueverunt.
948 1647 949 1650 ,

132 1686 212 1749 Unde,
225 1687 284 1737 sicut
296 1685 441 1737 Innocentius
455 1685 510 1736 dicit
521 1685 546 1736 in
563 1687 660 1750 quadam
673 1683 797 1746 decretali,
813 1686 855 1734 De
868 1695 934 1732 soora

134 1760 269 1809 unctione:
284 1757 503 1822 «baptizandus‘iu
517 1762 607 1822 pectore
623 1755 754 1825 inungitur,
769 1760 795 1806 nt
812 1770 857 1820 per
872 1749 935 1804 sancti

133 1829 232 1894 Spiritris
246 1830 330 1880 donum
347 1829 439 1893 abjiciat
449 1841 546 1879 errorem
557 1832 580 1878 et
592 1827 751 1892 ignorantiam,
768 1831 790 1878 et
802 1828 875 1878 iidem
891 1836 933 1872 rec-

133 1905 181 1971 tam
195 1901 317 1966 suscipiat,
334 1903 386 1966 qnia
397 1903 473 1964 iustus
486 1913 515 1952 en
529 1900 573 1951 fide
588 1900 654 1949 vivit.
668 1901 727 1950 lnter
745 1901 850 1964 scapulas
866 1899 933 1946 anun
948 1951 949 1966 χ

133 1972 266 2037 inungitur,
276 1978 301 2024 ut
316 1986 357 2037 peu
370 1972 468 2036 Spiritus
475 1974 550 2024 sancti
564 1973 658 2037 gratiam
668 1971 768 2022 ennuntiat
777 1967 933 2036 negligentiam
948 1973 949 2040 p

136 2049 160 2097 et
173 2051 302 2111 torporem,
316 2048 340 2096 et
351 2045 435 2096 bonam
452 2046 608 2110 operationem
623 2049 734 2106 exerceat,
755 2044 808 2108 quia
820 2044 881 2094 fides
893 2039 935 2089 siue
948 2041 949 2102 t

134 2117 242 2183 operibus
259 2119 348 2168 mortua
360 2121 411 2182 est;
426 2121 453 2167 ut
466 2131 509 2182 per
525 2118 577 2168 fidei
599 2119 764 2167 sacramentum
783 2115 814 2166 sit
829 2107 933 2163 munditia
948 2109 949 2134 l

133 2189 297 2254 cogitationum
318 2189 342 2239 in
362 2194 470 2256 pectore,
484 2195 508 2240 el
523 2204 565 2254 per
580 2189 654 2254 operis
677 2187 809 2238 exercitium
830 2181 949 2256 tortitudo]

133 2263 250 2324 labomm;
271 2261 295 2311 in
315 2263 430 2327 scapulis,
444 2268 470 2313 ut
485 2276 528 2328 per
548 2261 692 2312 dilectionem
713 2265 827 2325 operetur.
847 2275 862 2306 ι)
885 2254 949 2320 Post,

134 2334 273 2399 baptismum
287 2333 356 2398 verb,
366 2339 392 2385 ut
401 2335 510 2386 Rabanus
522 2333 577 2385 dicit
587 2333 640 2397 (lib.
652 2333 671 2383 l.
684 2333 721 2382 De
736 2333 849 2382 irrutilat.
865 2324 931 2380 cleri·
948 2347 949 2352 ¹

135 2421 239 2462 coram,
256 2419 307 2472 cap.
326 2410 386 2470 28),
402 2423 416 2454 ιι
426 2408 505 2458 statim
521 2406 622 2468 signatur
633 2405 657 2456 iu
673 2405 763 2456 cerebro
777 2403 791 2456 i
807 2401 933 2472 presbytero

135 2494 187 2531 cum
203 2491 267 2529 sacro
281 2480 422 2539 chrismate,
437 2481 547 2542 sequente
563 2478 631 2528 simul
648 2482 671 2528 et
684 2478 802 2540 oratioue,
817 2482 842 2526 ut
853 2469 931 2526 Cirristr
948 2497 949 2500 ι

135 2550 200 2616 regni
212 2551 327 2617 particeps
336 2553 385 2613 liat,
402 2550 452 2602 etl
468 2549 561 2600 Clrristo
575 2549 737 2600 Christianus
750 2549 823 2614 possit
832 2541 930 2598 uocauit
948 2585 949 2588 ,

134 2623 195 2684 Vel,
219 2624 277 2674 sicut
295 2623 428 2675 Ambrosius
447 2621 503 2672 dicit
520 2621 575 2685 (lib.
593 2622 629 2671 De
650 2621 801 2678 initiandis,
816 2633 867 2684 cap.
887 2613 930 2675 fil:
948 2685 949 2688 Ἴ

138 2711 153 2742 ιι
167 2695 313 2760 Unguentum
326 2708 395 2758 super
405 2698 474 2758 caput
484 2693 622 2756 effunditur,
635 2693 687 2756 qaia
699 2706 780 2744 seusus
794 2687 900 2756 sapientis
910 2683 929 2731 in

136 2768 211 2832 capite
225 2769 286 2831 ejus.
295 2784 309 2816 u
324 2768 381 2828 llel,
393 2766 453 2817 sicut
468 2780 557 2816 rursum
569 2765 723 2827 Innocentius,
737 2765 776 2815 ubi
788 2763 874 2828 supr'a:
890 2756 931 2805 «ΙΙ1

137 2838 223 2889 uertice
237 2839 343 2902 ungitur,
357 2842 384 2888 nt
399 2838 431 2889 sit
447 2841 539 2904 paratus
556 2837 619 2890 omui
638 2836 725 2904 petenti
742 2836 770 2888 de
788 2835 831 2886 fide
846 2831 931 2885 reddere

136 2911 281 2963 utrumn.»
338 2918 340 2924 ·
