1942 3284
315 179 345 214 na
362 177 416 218 nuru
433 177 509 215 nurus
526 175 685 215 secuntum.
854 171 900 217 tte

92 256 119 307 id
137 259 193 315 est,
212 252 264 304 circu
286 255 359 304 adbuc
378 254 481 304 tenebre
502 258 581 304 esseut
601 256 655 303 aute
675 253 823 306 manifetum
845 258 900 309 solis

93 332 186 378 crtum.

126 401 161 450 td
186 397 289 461 quintum
310 396 449 460 dicendum,
470 397 531 461 qubd
553 397 614 448 sicut
631 399 728 448 babetur
751 399 789 448 De
813 400 899 460 Cous„

90 471 149 522 dist.
160 471 177 528 1,
189 483 219 520 ex
230 469 322 519 Decreto
334 469 453 519 Alexandri
464 473 533 532 Papa
548 485 554 518 ι
571 486 586 517 n
598 469 688 519 Sufficit
700 471 814 522 sacerdoli
830 486 900 523 unam

91 543 189 592 missam
200 541 225 591 iu
239 541 276 590 die
290 553 335 589 uua
349 539 476 602 celebrare;
489 541 542 604 quia
556 541 662 590 Christus
676 541 747 590 semel
761 555 842 606 passus
852 549 896 605 cst,

92 617 117 664 et
130 617 206 664 tolum
221 612 328 662 mundum
340 611 448 673 redemit;
467 615 491 662 et
499 612 566 663 valde
578 612 634 662 ielix
644 615 689 674 cst,
701 612 741 675 qui
751 627 821 663 uuam
829 614 899 678 digne

91 686 211 737 celebrare
227 688 311 748 potest.
325 683 420 742 Quidam
434 687 512 734 tamen
529 697 570 747 pro
582 683 697 734 deiunctis
711 698 779 734 uuam
795 687 897 748 iaciunt,

91 759 190 808 alteram
209 757 237 806 de
251 755 301 818 die,
318 755 338 804 si
350 767 443 806 necesse
452 756 491 817 sit3
503 756 542 819 qui
556 755 608 806 verb
622 769 662 818 pro
675 756 770 819 pecunia
785 762 826 806 aut
838 759 898 808 adu÷

90 827 219 878 latiuuibus
238 827 395 887 secularium,
414 841 460 877 uua
478 827 515 877 die
531 831 674 891 presumunt
692 828 768 891 plures
783 829 898 880 celebrare

91 899 194 960 missas,
210 911 256 948 nou
277 899 363 950 estimo
385 900 479 949 evadere
503 899 679 949 damnationem.
697 914 711 946 n
726 899 755 948 lit
767 902 843 948 eatan
866 899 899 950 de

90 971 183 1020 celebr.
203 971 295 1032 trunco,
308 971 362 1020 dicit
376 971 524 1021 Innocentius
539 972 577 1031 lll,
594 970 654 1033 qudd
668 976 788 1034 «excepto
806 970 843 1021 die
857 984 899 1020 na·

92 1041 194 1092 ciuitatis
213 1041 353 1103 dominice,
371 1041 416 1092 nisi
434 1055 503 1092 causa
522 1041 666 1092 necessitatis
686 1043 796 1104 suadeat,
811 1041 897 1091 suflicit

91 1112 207 1164 sacerdoli
221 1111 293 1162 semel
311 1111 335 1162 in
349 1112 385 1162 die
396 1125 466 1161 uuam
484 1112 576 1163 missam
595 1111 736 1163 solummodo
748 1111 894 1162 celebrare.»

387 1289 550 1342 demontus
563 1290 601 1341 111.

96 1421 185 1468 Utrr'cm
194 1423 300 1477 oporteat
309 1420 351 1464 boc
360 1424 534 1492 sacromentum
543 1421 659 1465 celebrari
668 1422 695 1464 e'o
703 1420 786 1474 donno,
797 1425 820 1465 et
829 1422 894 1465 vasis

452 1494 534 1527 nuens.

124 1618 158 1667 ad
179 1615 271 1665 tertium
288 1614 322 1664 sic
335 1612 473 1678 proceditur.
489 1613 583 1663 Videtur
595 1613 656 1676 qudd
670 1626 716 1663 nou
728 1617 832 1677 oporteat
850 1617 894 1666 boc

91 1692 260 1738 sacramentum
274 1686 382 1738 celebrari
395 1685 420 1736 in
434 1687 500 1735 domu
513 1689 538 1734 et
550 1686 611 1735 nnsis
628 1685 708 1736 sacris.
723 1686 771 1735 Hoc
781 1687 843 1736 euim
855 1700 892 1736 sa·

91 1761 236 1809 crantentum
264 1760 299 1808 cst
320 1755 530 1822 representantem
556 1755 679 1806 llomiuice
706 1756 827 1819 passionis.
852 1759 896 1808 Sed

92 1830 200 1880 Christus
214 1842 261 1879 uon
280 1832 317 1880 est
333 1842 413 1892 passus
423 1827 447 1877 in
456 1829 540 1887 dumo,
554 1827 895 1895 cadentemcadentem,

92 1902 222 1952 secuudum
235 1900 290 1950 illud
304 1900 388 1956 Hebe„
403 1900 436 1948 ult
447 1915 453 1948 z
465 1915 478 1946 u
496 1899 561 1949 lesus
572 1902 598 1948 ut
611 1897 764 1948 sanctificaret
775 1911 893 1962 persuum

93 1973 231 2036 sauguinem
241 1972 359 2035 populum,
370 1974 433 2022 extra
445 1974 534 2034 portam
549 1983 630 2033 passus
641 1973 685 2020 est.
697 1986 711 2016 n
724 1971 783 2033 Ergo
793 1970 893 2033 ridetur,

93 2045 155 2106 quod
175 2044 219 2094 boc
235 2047 400 2093 sacramentum
421 2055 467 2110 nou
487 2041 570 2091 debeat
588 2040 698 2092 celebrari
717 2040 741 2090 iu
757 2041 840 2103 domo,
856 2041 896 2092 sed

94 2113 168 2178 magis
184 2115 226 2163 sub
241 2113 285 2164 dio.
601 2143 615 2169 0

127 2191 150 2236 t.
166 2187 295 2247 Praeterea,
309 2185 334 2235 in
346 2185 497 2236 celebratione
507 2185 577 2249 buius
588 2185 724 2236 sacramenti
734 2185 802 2235 debet
814 2185 894 2235 liccle-

94 2256 129 2307 sia
143 2256 228 2306 imitari
243 2269 329 2308 morem
342 2255 426 2306 Christi
439 2260 463 2307 ct
480 2257 649 2320 Apostolorum.
664 2257 710 2308 Sed
719 2257 801 2307 domus
813 2255 838 2305 iu
850 2269 896 2319 qua

93 2327 169 2391 primb
190 2326 294 2379 Christus
315 2330 358 2379 boc
380 2332 546 2378 sacramentum
561 2329 673 2391 coniecit,
687 2341 733 2378 uon
754 2328 798 2377 luit
814 2339 895 2378 couse-

94 2405 165 2463 crata‚
177 2401 217 2450 sed
231 2399 276 2448 init
289 2399 400 2462 quoddam
419 2411 540 2449 commune
550 2399 701 2459 caenaculum,
717 2398 840 2461 aquodam
854 2409 895 2460 pa-

95 2470 228 2520 tratamilius
241 2475 399 2536 preparatum,
412 2474 437 2521 ut
447 2471 624 2529 habacurtem„
639 2469 894 2531 xxl131egituretiam

95 2543 165 2598 Act,
180 2543 210 2601 ll,
224 2541 285 2604 quod
300 2541 394 2606 apostoli
408 2546 471 2593 eraut
484 2543 632 2606 perdurantes
647 2540 785 2591 unanimiter
796 2541 820 2590 iu
836 2544 895 2589 teur-
929 2549 931 2551 ·

95 2614 146 2676 plo,
162 2618 186 2664 el
202 2613 332 2676 frangentes
348 2614 408 2664 circa
429 2613 509 2664 domos
521 2626 620 2677 pauent,
642 2621 665 2664 et
682 2613 802 2664 sumebant
819 2612 895 2661 cibum

95 2699 146 2734 cum
165 2685 313 2736 exultatione.
332 2703 345 2732 c
360 2686 418 2748 Ergo
434 2698 477 2734 uec
494 2686 560 2735 modo
574 2687 663 2748 oportet
679 2684 758 2741 domos
771 2695 823 2733 esse
840 2695 895 2732 corr·

96 2761 210 2816 secretas,
226 2755 250 2806 in
271 2757 351 2819 quibus
372 2759 415 2807 lroc
429 2760 596 2806 sacramentum
610 2755 743 2805 celebretur.

127 2833 152 2876 3.
168 2829 293 2887 Praeterea,
306 2827 362 2878 nihil
376 2827 458 2878 irnstrl
467 2826 490 2876 iu
509 2826 610 2877 Ecclesia
623 2826 672 2876 lieri
686 2827 766 2888 debet,
778 2839 830 2888 que
845 2823 895 2887 Spi-

97 2899 141 2949 ritu
161 2901 241 2950 sauoto
256 2899 401 2962 gubernatur.
417 2900 462 2952 Sed
481 2898 566 2949 iruslr'a
584 2898 672 2948 ridetur
690 2895 795 2948 adhiberi
812 2908 898 2948 couse-
