1942 3284
130 188 175 235 idi
278 198 587 246 surranumrua,ou1usu.
606 198 667 244 xxv,
684 198 741 233 nur.
758 198 783 233 u.

128 274 196 325 sandi
214 272 347 338 hujusmodi
358 274 491 323 thesaurum
501 312 507 333 ,
519 276 543 323 et
558 273 615 321 unio
630 274 681 337 ejus
693 273 731 322 cui
742 273 891 335 dispensatur
907 273 930 319 ad

131 358 184 394 eum
194 344 236 410 qni
249 344 377 395 mmebatnr
390 344 459 407 (quod
475 344 502 393 nt
510 350 552 408 per
565 343 720 403 coeuntem),
733 348 758 394 et
771 343 833 394 ratio
843 344 931 406 dispen-

132 416 227 466 sationis
245 413 369 466 smunddm
387 426 457 477 quam
473 413 576 465 salvetur
589 413 688 465 intentio
701 414 796 465 illorum
814 414 857 477 qui
871 427 930 478 open

131 486 249 538 monteria
266 486 386 547 lecerunt,
400 485 504 535 lecerunt
520 484 583 535 enim
604 484 634 535 ad
647 487 760 536 honorem
780 486 826 535 Dei
843 489 867 535 et
879 484 931 534 utili·

132 562 204 607 tatem
223 556 333 607 Ecclesia
352 556 503 619 ingenerati.
525 556 590 606 Unde
603 569 757 620 quecumque
778 570 852 607 causa
874 556 931 605 adu't

134 642 186 693 qne
199 628 360 679 inutilitatem
375 628 482 678 Ecclesia
496 631 520 677 et
535 629 647 678 honorem
662 628 704 678 ltei
717 632 811 691 vergat,
827 628 933 679 sufficiens

134 706 172 751 εει
191 701 249 751 ratio
263 699 418 763 indulgentias
438 698 547 749 faciendi.
562 700 591 748 Et
608 698 660 749 ideo
678 698 811 749 secundini
832 700 892 751 alios
907 706 934 748 est

134 771 270 831 dicendum,
286 771 347 834 quod
361 770 510 833 indulgentia
523 770 657 834 simpliciter
668 768 763 819 tantum
776 771 862 821 nalem
873 784 933 835 qma·

132 844 183 894 tium
196 844 354 909 predicantur,
369 844 492 894 dummodo
512 856 541 893 ex
560 847 623 907 parte
643 842 719 893 dantis
732 842 765 893 sit
779 846 932 897 auctoritas,

133 919 199 966 etex
214 920 280 980 parte
295 914 426 979 recipientis
441 916 570 972 cionitas,
584 918 608 965 et
623 927 652 965 ex
668 918 737 977 parte
754 927 835 965 causa
848 918 930 979 pietus.

133 999 185 1051 quc
199 987 374 1051 comprehendit
386 988 495 1037 donnum
506 986 547 1037 liei
560 990 583 1037 et
594 986 693 1051 proximi
708 985 850 1037 utilitatem.
861 986 905 1037 dee
916 987 932 1034 ir

133 1059 178 1107 lton
191 1058 218 1109 dt
231 1058 301 1109 nimis
314 1071 422 1120 magnum
431 1059 506 1107 lorum
521 1058 549 1107 de
557 1056 718 1107 misericordia
733 1057 778 1108 llei
792 1060 840 1120 (ut
853 1058 931 1120 qmdan

134 1129 239 1195 dicunt),
251 1129 386 1181 necdivina
395 1128 491 1193 justitiae
502 1130 630 1193 derogatur,
642 1129 697 1193 qnia
711 1129 774 1179 nihil
784 1130 817 1180 de
831 1143 899 1195 poena
908 1130 933 1179 tli-
960 1125 961 1128 ’

134 1200 240 1264 mittitur,
251 1202 292 1252 sed
303 1200 372 1251 nnius
381 1213 449 1264 pruna
462 1201 527 1251 alteri
541 1204 694 1263 computatur.

167 1272 370 1336 Adpnmumergo
382 1272 514 1333 dicendum,
525 1270 585 1336 qudd
595 1271 676 1331 clauis,
692 1272 755 1322 sicud
769 1273 844 1337 snprl
861 1272 933 1324 dicun

134 1344 237 1407 est(qu.
254 1346 294 1404 ta,
308 1346 352 1392 art.
371 1342 416 1407 ι),
431 1348 468 1394 est
486 1344 582 1407 duplex,
598 1342 685 1393 scilicet
698 1343 807 1393 ordinis
823 1350 850 1395 et
860 1344 933 1409 juni*

135 1413 266 1463 dictionis.
281 1412 360 1464 Clanis
373 1413 461 1464 ordinis
472 1414 635 1465 sacramentale
652 1414 771 1477 quoddam
786 1420 836 1466 est.
848 1418 879 1467 Et
892 1415 932 1479 nna

134 1488 327 1535 mmementorum
341 1484 435 1535 edoctus
449 1498 495 1535 non
509 1490 563 1536 sunt
574 1486 718 1536 determinati
732 1486 763 1536 ab
778 1486 891 1546 homine,
902 1486 932 1534 sol

135 1556 150 1606 l
163 1556 226 1619 Boo,
237 1556 290 1607 iden
303 1569 351 1607 non
359 1560 436 1620 potest
448 1560 527 1607 taxare
541 1557 659 1619 sacerdos,
672 1560 789 1619 qnantum
801 1571 848 1623 per
860 1558 931 1609 chrm

136 1628 221 1679 ordinis
240 1628 266 1679 in
278 1629 327 1679 loro
341 1628 492 1679 muressionis
512 1629 539 1679 de
557 1640 626 1693 poena
645 1627 723 1679 detrita
743 1628 891 1691 dimittatur5
903 1626 932 1677 sel

135 1703 225 1749 tamum
237 1699 359 1751 dimittitur
369 1703 481 1763 qnantum
498 1700 558 1750 Deus
578 1698 701 1750 ordinavit.
717 1698 764 1749 Sed
785 1700 865 1750 clavis
877 1698 932 1763 juria

135 1769 244 1822 dutmnis
263 1784 311 1822 non
326 1775 363 1823 est
380 1772 434 1836 quid
445 1772 623 1831 sacramentale,
637 1774 661 1821 et
673 1771 773 1821 edoctus
785 1774 843 1837 ejus
856 1768 933 1821 arbim

136 1842 236 1893 hominis
246 1844 359 1906 subjacet3
368 1847 392 1894 et
402 1842 533 1908 hujusmodi
544 1842 614 1892 clavis
625 1842 720 1892 effectus
729 1846 768 1891 est
778 1842 890 1893 remifflo
897 1854 933 1905 qm

136 1916 173 1962 est
190 1927 232 1977 por
246 1914 413 1977 indulgentias,
430 1913 483 1963 cum
501 1926 548 1963 non
563 1913 678 1976 pertineat
699 1913 728 1963 ad
747 1912 933 1978 dispensationes

136 1989 329 2036 armamentorum
342 1984 395 2034 tatis
404 1984 518 2045 muriano,
531 1984 572 2035 sed
584 1984 611 2034 ad
621 1984 825 2047 dispensationem
837 1986 933 2037 bonoim

132 2056 292 2105 communium
313 2056 436 2119 Ecclesiae3
452 2060 475 2107 et
490 2055 542 2106 ideo
562 2056 631 2106 etiem
653 2055 724 2118 legati
741 2068 792 2106 non
816 2058 934 2108 mcerdotrs

135 2125 290 2189 indulgentias
302 2126 377 2178 lacere
388 2132 496 2191 possum.
511 2126 575 2178 Unde
585 2127 610 2177 in
620 2126 714 2176 arbitrio
726 2126 810 2177 daulis
824 2128 934 2192 indulgen-

135 2194 192 2244 tiam
207 2200 259 2261 est,
273 2201 353 2249 taxare
366 2202 476 2263 quantum
491 2212 532 2262 per
544 2197 709 2261 indulgentiam
732 2198 762 2247 de
778 2212 854 2261 paena
868 2198 934 2249 renit-

136 2269 208 2317 tatur.
221 2267 247 2317 Si
263 2272 342 2321 umen
355 2268 484 2321 inordinate
496 2270 612 2329 remittat,
627 2270 659 2318 ita
672 2268 733 2332 qudd
755 2270 872 2321 homines
883 2268 933 2335 quaa

10 2395 11 2406 ἶ
136 2337 261 2404 pronihilo
273 2340 302 2389 ab
313 2341 421 2404 operibns
437 2340 580 2405 poenitentia
592 2344 742 2403 revocentur,
758 2343 847 2405 peccat
861 2341 933 2392 iacun

9 2415 12 2476 ζ
83 2381 122 2467 J
136 2413 195 2461 tulos
217 2410 386 2476 indulgentiam
406 2412 556 2462 nihilominus
580 2412 631 2475 quis
655 2412 748 2476 plenam
774 2412 931 2477 indulgenti:

10 2491 11 2498 ’
137 2483 291 2547 consequitur.

170 2554 203 2605 nd
218 2554 342 2604 meandum
351 2554 485 2616 dicendum,
497 2555 558 2620 qnod
567 2554 670 2619 quamvis
677 2553 833 2618 indulgentiae
848 2556 931 2606 multia

10 2657 12 2752 t
86 2685 119 2725 a
136 2625 932 2762 :ditrd'ttttlttdtillttantillitati

10 2755 12 2830 l
135 2764 226 2815 finitum
238 2766 321 2816 modus
331 2771 368 2817 est
379 2767 447 2830 qulam
464 2766 567 2818 muriano
582 2780 656 2832 penne
670 2769 814 2832 temporalis.

10 2843 11 2852 ¹
167 2835 202 2884 ild
217 2837 313 2887 tertium
325 2837 465 2899 dicendum,
480 2837 541 2901 qudd
554 2839 644 2901 quando
664 2839 732 2889 datur
744 2840 888 2903 indulgentia
902 2840 930 2888 iu-

136 2902 286 2980 determinata
301 2906 324 2956 ei
339 2906 379 2970 qui
389 2908 429 2958 dat
441 2908 552 2959 auxilinm
569 2908 595 2959 ad
605 2909 713 2961 morimur
724 2910 841 2973 eulasia,
856 2910 930 2961 intelli·
