1942 3284
97 174 154 220 ‘ets
281 183 341 222 runs
357 185 396 232 nr,
411 163 505 228 ounsr.
522 183 608 234 nuru,
625 181 680 222 rur.
698 183 731 224 ru.

104 261 189 312 dehent
204 261 339 323 respondere
347 260 423 310 mbos.
434 260 479 310 Sed
495 261 540 310 hoc
552 263 722 312 sacramentnm
737 265 771 312 est
783 273 865 320 unum,
877 263 899 310 ot
939 277 944 289 ·

105 331 190 414 dictum
199 335 234 382 est
244 331 296 396 (art.
306 330 342 395 ι).
357 331 416 393 Ergo
429 344 475 382 non
485 332 552 382 debet
565 331 667 396 pluribus
681 332 811 384 nominibus
826 332 898 384 nomi·

107 418 166 455 narr.

137 480 162 525 ι.
176 476 300 536 Preterea,
315 473 406 539 species
428 486 475 524 non
492 473 619 526 notificatur
641 475 805 527 convenienter
825 475 898 537 perid

106 548 166 611 quod
180 551 215 597 cst
229 559 348 598 commune
359 547 402 597 toti
417 547 503 610 generi.
520 547 563 598 Sed
577 547 714 597 eucharistia
726 551 761 598 cst
774 559 899 598 sacramen·
950 581 951 586 ,

105 621 154 669 tum
172 632 239 670 nore
257 618 323 682 legis.
338 619 448 669 Omnibus
462 621 539 668 autern
560 619 707 670 sacramentis
724 632 845 670 commune
863 623 899 680 cst,
950 605 951 670 1

104 689 166 753 qnid
184 691 208 740 in
225 690 259 742 eis
278 691 394 742 confertur
409 691 494 755 gratia3
510 692 571 754 qnod
587 691 701 755 significat
718 704 802 742 nomen
819 690 901 741 eucta-
948 673 951 750 1

106 763 263 826 etenimquod
280 767 316 814 cst
328 763 388 813 idem
398 762 459 826 qoud
469 761 531 812 boon
545 765 641 826 pratia.
655 762 736 813 Omnia
750 763 820 813 etiem
835 775 901 813 sacn-
948 775 951 834 1

105 839 183 884 menta
195 835 318 886 remedium
331 834 397 884 nobis
410 834 507 884 afferunt
521 833 546 882 in
559 833 598 883 ria
615 829 739 898 presentis
752 835 823 896 vitm,
844 835 899 898 quod

104 905 205 968 pertinet
218 907 246 956 ad
259 907 369 957 rationem
389 907 488 955 viatici.
504 907 531 955 tn
548 905 654 956 omnibus
673 906 743 956 etiarn
757 905 900 956 sacramentis
950 939 951 958 2

105 976 130 1026 nt
138 977 223 1042 aliquid
233 992 330 1041 sacrum,
340 979 399 1042 qnod
411 977 509 1040 pertinet
518 978 545 1028 ad
557 978 667 1028 rationem
680 979 815 1041 sacrificii.
827 979 857 1028 nt
866 991 901 1041 per

105 1050 181 1099 omnia
199 1055 339 1101 sacramenta
359 1049 403 1099 sibi
423 1049 522 1100 invicem
541 1049 708 1100 communicant
730 1050 825 1114 fideles,
847 1047 901 1113 quod
950 1051 951 1120 1

105 1120 218 1184 significat
235 1125 278 1173 hoc
298 1121 382 1172 nomen
402 1121 508 1184 symonis
527 1120 551 1170 in
567 1133 657 1184 graeco,
672 1121 709 1170 vet
722 1120 900 1170 commentitio
950 1157 951 1192 1

105 1191 184 1244 latino.
198 1196 257 1257 Ergo
278 1196 328 1244 tuaec
346 1191 435 1243 nomina
457 1204 503 1242 non
521 1191 681 1242 convenienter
698 1191 839 1256 adaptantur
854 1191 901 1243 huic

105 1270 255 1316 sacramento.

137 1342 160 1387 3.
175 1338 304 1398 Preterea,
319 1333 394 1385 hostia
415 1335 504 1384 videtur·
521 1348 572 1386 csse
596 1336 657 1386 idem
674 1337 734 1399 quod
757 1335 897 1386 sacrificium.

105 1408 169 1458 Sicut
181 1420 235 1471 ergo
249 1420 294 1457 non
305 1405 395 1470 proprie
410 1405 492 1456 dicitur
506 1406 651 1470 sacrificium,
660 1406 693 1456 ita
707 1419 750 1458 nec
764 1407 858 1473 proprie
871 1406 900 1456 di-

104 1479 163 1530 citnr
175 1479 259 1530 hostia.

135 1553 180 1602 Sed
192 1555 270 1602 contra
283 1555 326 1613 est,
340 1551 399 1614 qood
413 1563 468 1600 usus
479 1549 580 1600 fidelium
594 1549 671 1600 habet.

138 1623 298 1686 (Concnnsro.
311 1649 341 1660 -
351 1621 498 1673 Eucharistiae
509 1625 685 1683 sacramentum,
698 1623 725 1670 ut
734 1622 769 1672 est
782 1622 899 1673 dominice

104 1695 218 1756 passionis
234 1694 472 1755 commemoratirnm,
483 1693 638 1757 sucrificium
651 1691 794 1756 nominatur3
813 1698 841 1744 nt
852 1691 900 1742 reri

104 1767 279 1817 ecclesiasticam
299 1766 408 1816 unitatem
429 1765 548 1828 designat,
562 1765 702 1815 commuuio
728 1764 764 1815 rel
782 1766 899 1830 synnair;

104 1839 130 1886 ut
143 1842 219 1889 antem
229 1840 302 1889 beate
316 1842 341 1888 ει
353 1841 445 1888 aeterum
457 1836 572 1888 fruitionis
582 1836 735 1900 figurativum,
747 1838 899 1888 eucharistia

104 1913 128 1961 et
141 1913 268 1960 viaticum
282 1909 382 1971 dicitur.)

135 1983 271 2046 Respondeo
285 1981 414 2044 dicendum,
426 1979 488 2044 quid
505 1982 549 2033 hoc
570 1983 735 2032 sacramentum
749 1983 820 2034 habet
832 1981 899 2046 tripti-

104 2067 153 2105 cem
164 2053 358 2117 significationem.
365 2053 437 2102 Unam
446 2052 537 2117 quidem
549 2056 653 2117 respectu
661 2055 781 2118 preteriti,
795 2055 821 2105 in
832 2067 899 2120 quon·

103 2129 150 2175 turn
167 2124 253 2174 scilicet
274 2126 310 2174 cst
329 2123 552 2174 commemoraturum
570 2123 688 2174 dominium
702 2124 833 2191 passionis,
853 2137 898 2190 qne

103 2196 148 2247 init
159 2210 240 2246 uerum
250 2194 382 2246 sucrificium
393 2233 400 2259 ,
413 2199 441 2246 ut
450 2196 518 2262 suprt
529 2196 612 2246 dictum
628 2200 663 2246 est
673 2199 680 2259 (
691 2211 730 2260 qu·
742 2200 782 2260 ta,
797 2204 840 2250 art.
852 2197 895 2256 31;

103 2272 126 2318 ει
144 2266 268 2318 secundnm
277 2268 321 2317 hoc
332 2267 463 2317 nominatur
474 2268 641 2332 sucrificium.
655 2267 728 2318 Aliam
742 2273 820 2320 autem
833 2267 897 2333 sigri-

102 2339 230 2390 ficationem
242 2339 311 2388 habet
325 2343 427 2403 respectu
440 2341 474 2390 rei
490 2339 624 2403 presentis,
640 2339 725 2390 scilicet
742 2341 897 2392 ecclesiastice

101 2410 211 2470 unitatis,
229 2409 266 2459 cui
277 2411 382 2461 homines
397 2415 546 2475 aggregantur
563 2424 605 2475 per
621 2413 665 2461 hoc
678 2417 860 2476 sacramentum
874 2413 894 2460 et

101 2481 224 2533 secundum
240 2483 284 2532 hoc
298 2483 427 2532 nominatur
436 2484 579 2533 commuuio
593 2482 631 2534 vel
642 2485 761 2548 synomis;
774 2483 831 2536 dicit
841 2481 894 2534 enim

100 2553 261 2615 Damascenus,
273 2555 312 2604 IV.
322 2555 362 2604 lib.
376 2555 423 2618 (De
431 2555 484 2620 fide
493 2554 604 2612 orthod„
619 2568 670 2619 cap.
683 2555 734 2619 tt),
746 2555 809 2618 quod
818 2556 893 2608 dicitur

100 2625 260 2681 corumptum,
274 2625 327 2689 qnia
340 2626 532 2677 communicamus
545 2639 586 2690 per
598 2625 672 2690 ipsam
684 2625 790 2688 Christo,
805 2632 828 2678 et
846 2623 895 2692 qnia
950 2637 951 2644 ¹

98 2696 261 2760 participamus
277 2698 328 2762 ejus
342 2710 410 2748 carne
422 2701 446 2748 et
459 2697 590 2762 diuinitate,
605 2703 629 2749 ει
639 2699 692 2763 quia
705 2698 893 2750 communicamus
950 2727 951 2780 t

101 2770 125 2818 et
133 2769 223 2818 unimur
231 2770 258 2820 ad
272 2770 369 2821 inuicem
379 2769 511 2835 peripsam.
519 2771 615 2822 Tertiam
628 2769 820 2835 significationem
832 2770 894 2822 nabet
950 2783 951 2844 }

99 2845 204 2904 respectu
224 2842 307 2904 futuri,
327 2841 478 2907 inquantum
500 2842 589 2896 scilicet
608 2844 653 2894 hoc
673 2847 842 2894 sacramentum
861 2841 892 2891 cst
950 2845 951 2930 1

100 2913 292 2978 prefiguratirum
310 2912 424 2966 fruitionis
440 2914 493 2980 Dei,
509 2927 559 2979 que
572 2914 616 2966 erit
630 2914 656 2965 iu
668 2913 756 2979 patria3
771 2918 797 2966 ει
812 2923 888 2968 seem·
950 2939 951 2978 1
