1942 3284
273 213 304 251 ΒΕ
319 212 412 251 stttttto
427 213 608 251 consessionis.
791 222 833 268 651

28 300 63 339 ex
80 286 240 351 negligentia,
250 286 359 351 quianon
368 288 400 337 ita
409 289 500 351 plenam
509 288 666 339 remissionem
679 291 835 353 consequitur,

28 360 100 409 sicut
117 356 175 409 alias
185 363 318 409 consecutus
330 358 420 420 fuisset,
431 371 474 409 uec
486 357 577 408 tantirm
587 363 699 422 meretur;
711 365 734 410 et
745 364 836 412 tenetur

27 431 125 481 iterum
138 428 249 491 confiteri,
261 428 312 479 cium
325 431 354 481 ad
367 428 499 480 memoriam
511 434 626 492 peccatum
643 431 739 481 venerit.

65 502 105 552 Ad
122 504 229 564 quartum
240 499 376 562 dicendum,
387 499 447 563 qudd
463 500 592 564 ignorantia
600 500 660 564 J'uris
673 515 717 553 uon
731 506 835 564 escunt,

27 573 94 637 quia
108 572 161 636 ipsu
179 574 296 635 peccatum
316 575 365 636 est,
379 574 419 623 sed
431 571 559 635 ignorantia
572 572 627 623 lacti
646 580 740 624 excusat
755 588 761 622 :
776 576 837 627 unde

27 642 124 707 aliquis
137 643 165 693 de
178 642 222 693 hoc
237 641 298 706 quod
311 654 356 694 nou
370 641 492 693 confitetur
503 646 613 705 peccata,
628 644 682 705 quia
696 644 770 694 nescit
782 657 834 695 esse

27 717 135 778 peccata
148 714 240 777 propter
252 711 402 776 ignorantiam
411 711 470 775 Juris
484 711 571 773 divini,
582 725 629 763 nou
639 714 836 766 excusatoriis·

27 786 117 845 tione3
129 785 276 833 excusaretur
286 786 372 845 autem,
385 781 404 832 si
416 781 516 831 nesciret
530 794 559 832 ea
572 794 624 834 essa
636 788 729 847 peccata
741 788 835 849 propter

27 854 192 921 ignorantiam
206 852 348 918 particularis
358 852 544 915 circumstantie3
556 852 615 903 sicut
627 854 649 904 si
660 855 768 918 manauit
777 856 834 906 alie·

29 939 107 987 nam,
126 936 195 989 quam
209 923 302 975 credidit
317 936 367 975 esso
381 936 455 975 suam.
467 923 514 974 Sed
530 923 615 975 obliuio
632 924 661 974 de
677 929 729 975 actu
746 925 835 989 peccati

29 997 110 1048 habet
126 994 280 1057 ignounuam
300 993 354 1045 tacti
370 998 412 1045 :et
424 992 476 1044 ideo
490 997 584 1045 excusat
598 994 612 1045 d
624 998 719 1058 peccato
739 994 837 1047 fictionis

30 1068 60 1117 in
74 1065 232 1127 confessione,
244 1064 305 1129 quod
316 1064 416 1115 tructam
431 1064 581 1129 absolutionis
593 1068 617 1117 et
629 1064 779 1117 coulessionia
791 1066 835 1117 im·

31 1137 113 1201 pedit.

316 1402 479 1473 tumulto
497 1403 549 1469 xl.

76 1544 113 1593 Do
128 1544 211 1603 rigillo
225 1544 397 1604 confessionis,
409 1544 439 1589 in
454 1545 564 1603 quinque
575 1544 695 1589 articulos
707 1543 796 1590 diotae.

71 1691 159 1743 Deinde
170 1690 280 1755 quaeritur
289 1692 318 1742 de
330 1690 405 1754 sigillo
415 1689 574 1741 confessionis.

71 1763 101 1813 Et
114 1760 175 1812 circa
183 1763 227 1813 lroc
237 1766 368 1826 quaeruntur
380 1762 480 1826 quinque
494 1764 536 1811 :1⁰
546 1760 626 1811 Utrdm
634 1760 658 1810 iu
667 1760 769 1824 quolibet
778 1772 833 1814 meu

34 1835 146 1885 teneatur
158 1833 227 1884 homo
242 1831 314 1884 celare
328 1846 369 1897 ea,
383 1845 434 1897 que
453 1831 495 1884 suh
505 1832 580 1895 sigillo
589 1831 739 1883 consessionis
755 1833 832 1883 habet.

33 1910 67 1954 2⁰
77 1901 159 1955 Utrum
173 1901 272 1965 sigillum
281 1903 433 1955 consessionis
445 1916 469 1954 se
482 1904 590 1954 extendat
602 1900 704 1961 adalia,
719 1915 788 1966 quum
801 1902 830 1952 ad

35 1975 143 2037 illaque
155 1973 231 2025 hahita
245 1978 299 2025 suut
312 1975 340 2025 de
352 1974 504 2026 confessione.
519 1977 546 2023 ³⁰
559 1972 639 2025 Utrdm
653 1972 715 2023 solus
727 1973 832 2023 sacerdos

34 2044 140 2107 sigillum
153 2044 301 2096 confessionis
313 2046 407 2096 ualeat.
424 2048 450 2095 t⁰
461 2044 542 2096 Utrirm
555 2044 584 2095 de
598 2042 691 2094 licentia
705 2043 833 2095 condientis

33 2114 114 2180 possit
130 2117 235 2167 sacerdos
249 2116 299 2178 ejus
310 2115 430 2175 delictum,
443 2116 504 2179 quod
514 2116 582 2165 habet
594 2114 637 2165 snt)
649 2112 724 2178 sigillo
737 2114 833 2164 oouies-

35 2184 129 2246 sionis,
139 2184 204 2234 alteri
216 2186 320 2249 prodere.
331 2190 358 2234 5⁰
367 2183 447 2236 Utrum
459 2188 565 2235 teneatur
577 2184 633 2234 illud
643 2185 730 2247 nemra,
741 2183 833 2235 etiamsi

33 2254 213 2306 aliter'noverit.

337 2356 497 2409 sustentus
512 2359 531 2409 Ι.

55 2476 146 2523 Utritm
161 2477 189 2521 ἐπ
201 2476 371 2533 quolibetcosu
385 2475 700 2521 teneaturrueerdoecetore
716 2480 818 2531 peoeato,

204 2550 255 2595 qno
271 2537 315 2583 sud
332 2538 413 2595 ciuilio
429 2537 582 2594 couseosiom'a
597 2536 673 2583 dodel.

71 2659 106 2712 td
115 2658 215 2723 primum
222 2656 256 2707 sic
262 2657 400 2721 proceditur.
410 2656 505 2709 Videtur
512 2656 574 2720 quod
583 2668 630 2708 uon
637 2656 663 2708 iu
670 2656 833 2721 quolibetmsu

37 2733 148 2783 teneatur
158 2728 264 2779 sacerdos
276 2727 348 2778 celare
361 2730 467 2791 peccata,
476 2740 529 2791 qua
539 2728 582 2779 sub
594 2727 669 2791 sigillo
678 2728 830 2779 muressiouis

13 2856 22 2879 ι
38 2799 121 2863 noait3
133 2799 196 2863 quia,
208 2796 267 2847 sicut
275 2796 331 2846 dicit
342 2796 470 2849 nemarcos
480 2796 517 2861 (l)
533 2807 568 2845 :u
579 2797 645 2856 Quod
654 2801 691 2848 est
703 2797 832 2849 institutam

73 2905 107 2971 (t)
126 2905 298 2963 AEquisalouter
314 2905 409 2965 saltam,
424 2904 480 2953 ticet
498 2904 551 2953 aliis
568 2906 645 2953 uerbis
661 2903 744 2952 etalii
761 2918 831 2953 ocea-
