1942 3284
111 201 144 238 na
158 201 313 240 renarrannrn
327 201 454 240 snennnnrr
470 200 535 246 onon
549 201 593 238 ner
608 201 702 240 arnrna.
766 187 811 236 ter

21 277 125 342 subjecte.
137 276 186 328 Alie
200 277 283 339 modo,
293 275 415 328 secundnm
425 275 485 341 qnid
494 276 579 342 rirtna3
593 280 617 328 et
627 277 669 338 sic,
683 277 743 328 sieut
758 277 806 329 ‹tie-

21 353 65 396 tnm
76 350 126 410 eet,
140 351 176 398 eet
188 348 275 412 speeies
286 345 393 411 justitie.
410 347 501 398 iustitia
520 351 615 410 antem,
630 352 658 398 nt
670 347 695 398 in
712 349 731 398 11
745 352 805 413 part

21 417 117 468 habitum
130 421 166 469 eat
180 419 190 484 (
198 423 212 468 t
226 423 250 479 t,
265 432 305 483 apr.
318 423 357 479 ti,
373 421 417 468 art.
429 419 551 482 eptatici
562 433 604 484 pro
622 421 725 485 sabjecta
736 432 807 484 appe·

22 488 82 537 titnm
94 487 205 552 rationis,
220 489 260 553 qui
277 490 313 540 eat
325 488 443 551 rotantem
457 488 519 539 ante
536 489 681 541 manifestum
693 494 729 541 eet
745 489 808 554 quaid

22 559 162 622 penitentia,
176 557 300 610 meantem
314 557 375 622 qaid
386 559 521 623 eat-virtue,
530 562 568 611 eat
576 559 602 610 in
616 560 732 612 voluntate
743 564 770 610 at
781 559 808 610 in

22 629 131 692 subjecte,
144 632 169 681 et
186 630 291 693 proprius
310 630 361 694 ejns
378 633 441 680 aetna
461 633 498 681 est
514 631 655 696 propositam
671 629 808 683 emendandi

22 697 70 749 iilud
87 701 147 764 qued
168 704 245 752 rantra
258 702 330 752 iteum
341 699 488 750 commissum
507 704 550 752 eat.

50 771 196 834 reprimam
216 783 270 834 erge
292 771 430 834 dicendum,
445 769 505 834 qma
522 770 579 822 ratio
598 771 638 822 ilia
660 769 762 838 preeenit
779 770 808 822 de

23 840 163 904 penitentia,
180 840 308 892 secandam
324 840 384 904 quin
404 844 442 893 eet
459 842 545 905 penaio.

50 912 81 962 Ad
91 911 216 962 seeundum
231 911 364 976 dicendum,
382 911 442 976 qnid
455 912 580 963 vindictam
595 916 702 976 appetere
714 926 744 965 ex
756 925 809 977 paa-

24 979 80 1032 siane
91 982 120 1033 ae
135 981 198 1045 alie,
211 981 310 1046 pertinet
323 981 352 1032 ael
369 981 523 1045 irascibilem
540 982 581 1032 aet
599 986 705 1046 appetere
721 983 758 1034 ret
775 983 810 1033 ia·

25 1063 70 1167 lcere
85 1051 210 1102 vindictam
226 1063 256 1103 er
271 1051 357 1102 ratione
370 1051 398 1102 de
411 1063 438 1102 aa
451 1052 488 1102 nel
503 1051 533 1103 de
543 1050 602 1115 alin,
612 1053 711 1117 pertinet
722 1052 752 1102 nat
769 1064 811 1102 ro·

34 1125 136 1172 anatem.

51 1191 183 1242 ittertiam
198 1191 327 1255 dicendum,
341 1191 402 1256 qnid
415 1192 523 1242 memoria
539 1195 575 1243 eet
587 1191 625 1242 nia
646 1189 811 1256 apprehenaira

25 1262 139 1326 preteriti3
153 1262 288 1326 paenitentia
307 1265 383 1312 autem
397 1275 443 1314 nen
454 1263 556 1326 pertinet
569 1262 597 1312 ad
616 1261 663 1312 vim
684 1263 811 1327 apprehen·

27 1332 104 1397 sinam,
116 1335 158 1384 aen
175 1333 204 1383 ad
221 1331 384 1396 appetitivam,
397 1347 449 1398 qna
468 1333 622 1398 praeaappenit
642 1335 812 1397 netum'appre·

27 1401 128 1455 tremine.
142 1403 210 1454 Unda
226 1403 360 1466 penitentia
372 1415 419 1454 non
428 1407 465 1454 est
476 1403 503 1453 in
519 1403 644 1468 memoria,
655 1404 696 1455 aed
706 1415 813 1468 praeap-

18 1473 87 1535 ponit
101 1487 162 1525 eam.
896 1473 900 1478 ’

56 1544 198 1608 tdqnartam
209 1543 341 1608 timendam,
356 1544 416 1609 quid
428 1545 545 1608 noluntas,
560 1544 622 1595 aient
636 1543 662 1592 in
674 1542 684 1593 1
696 1546 756 1606 part.
769 1544 813 1594 ha·

29 1611 94 1664 bitum
109 1611 217 1679 eattqa.
241 1619 284 1677 82,
302 1616 404 1678 arti),
425 1618 503 1666 menet
523 1627 604 1665 omnes
622 1613 679 1663 atina
698 1614 814 1677 potentias

33 1684 113 1737 mima.
128 1687 158 1737 Et
173 1685 225 1737 iden
237 1698 284 1737 nen
293 1689 329 1737 est
341 1686 505 1737 inconveniens
514 1685 535 1735 ai
549 1684 685 1749 paenitentia
699 1684 725 1733 in
734 1684 814 1734 reiun-

32 1757 73 1806 tnte
86 1758 197 1820 existens,
207 1756 290 1822 aliqnid
303 1757 328 1808 in
342 1757 437 1822 singulis
449 1755 561 1820 potentiis
569 1755 649 1806 enimn
659 1758 774 1818 operetur.

317 1933 475 1986 Atticinus
489 1931 519 1983 V.

132 2059 219 2104 Utre'em
229 2057 371 2117 principium
380 2055 524 2113 poentientiae
535 2055 569 2101 eit
576 2067 606 2100 ιω
615 2055 705 2101 timere.

60 2181 92 2231 td
109 2181 215 2245 quintam
235 2181 269 2232 eie
288 2181 416 2244 proceditur
425 2181 471 2245 (tt.
484 2179 578 2231 timim
598 2179 659 2243 quta
678 2177 815 2244 principiam

34 2249 164 2309 penitentie
177 2265 225 2303 non
237 2252 268 2302 sit
279 2264 309 2302 ex
319 2247 406 2302 timore.
421 2249 559 2302 Paenitentia
567 2249 628 2300 enim
641 2249 721 2314 incipit
729 2248 754 2299 in
767 2249 814 2301 die·

35 2318 132 2379 picentia
139 2325 292 2386 peecatorum.
306 2321 350 2372 Sed
361 2322 404 2371 hae
413 2320 512 2385 pertinet
520 2320 548 2370 ad
557 2320 705 2382 charitatem,
714 2323 740 2368 at
748 2320 816 2383 sapri

35 2387 109 2440 dictam
122 2396 157 2442 ert
174 2393 232 2457 (art.
247 2393 288 2454 t).
307 2392 365 2456 nego
377 2391 511 2454 paenitentia
524 2388 597 2452 magia
610 2389 681 2440 eritnr
696 2399 727 2440 ex
740 2401 816 2441 tmere

36 2459 95 2519 qaam
108 2463 240 2514 extimare.

62 2535 85 2580 Ξ.
99 2533 226 2598 preterea,
245 2534 273 2584 ad
292 2532 449 2598 penitentiam
472 2532 577 2583 heminae
598 2533 752 2596 provacantur
775 2544 817 2597 per

36 2603 206 2663 expectationem
222 2604 285 2668 regni
302 2603 415 2669 eoeleatis,
428 2602 554 2654 secundnm
563 2601 618 2652 itini
631 2603 735 2660 liniti,
751 2602 781 2652 tn
792 2609 817 2651 et

36 2668 63 2715 lt
76 2684 83 2721 :
101 2673 286 2725 «Paenitentiam
299 2675 372 2738 agite,
387 2671 576 2738 appropinquarit
585 2672 647 2722 enim
661 2685 756 2736 regnum
769 2684 817 2721 enr-

40 2819 97 2928 ιίιι(1)
112 2825 197 2932 11³2an
202 2825 272 2870 errem
286 2827 327 2887 rv,
339 2825 413 2875 sene,
426 2825 479 2870 rra.
493 2823 532 2884 rt,
547 2836 587 2886 qn.
603 2824 627 2884 ¹,
641 2827 685 2869 ert·
700 2823 726 2880 Ξ,
739 2817 817 2887 ‹prea-

71 2896 106 2929 tte·
145 2899 158 2932 θ
199 2917 207 2932 ι
