1942 3284
129 156 176 202 682
278 158 479 204 surennnsrtruu,
495 156 590 202 conse.
603 156 653 203 xlv,
669 155 723 191 tur,
742 154 777 191 iv.

131 234 187 301 picit
202 233 303 287 debitum
321 246 351 283 ex
368 236 433 296 purte
445 230 589 296 recipientia
601 229 646 281 alio
659 230 726 281 modo
739 230 810 294 quasi
823 230 921 282 mnilite

132 304 231 369 dinone,
245 316 295 369 que
307 302 395 355 scilicet
406 302 503 366 respicit
514 301 616 353 debitum
625 313 655 352 ex
664 304 730 364 perte
738 300 819 351 dantis
828 317 836 350 :
844 302 922 366 aliquit

130 376 193 429 enim
204 376 267 429 deoet
279 375 368 425 danum
381 375 448 436 darc,
462 374 523 436 quod
536 376 611 423 temen
621 370 792 435 rocipiensnon
801 373 875 423 hahet
888 375 922 423 dc

130 447 202 497 bitum
221 444 359 510 recipiendi3
375 448 399 496 et
417 442 569 508 sic'jrcetr'tio
586 441 669 492 dicitur
687 442 827 493 «decentia
844 444 920 495 dirim

131 517 252 579 bonitatis3
261 532 276 563 u
284 514 343 564 sicut
351 516 472 565 Anselmns
485 514 550 573 dicit,
562 512 622 575 qudd
634 512 718 561 «Deus
728 512 811 576 justus
824 519 870 576 est,
878 514 921 564 dun

130 586 283 653 peccatoribus
293 585 376 649 percit,
386 586 439 648 quia
452 585 588 635 condecet.
598 599 613 631 u
623 584 650 633 lit
660 583 790 634 secundum
804 586 922 636 ccccmo

131 658 236 707 mentum
248 654 369 718 dupliciter
381 656 471 706 dicitnr.
480 656 530 706 lino
539 655 606 705 modo
619 657 684 704 actus
693 654 733 704 ille
741 667 787 718 per
796 670 869 719 quem
880 657 922 706 elti-

130 728 197 789 citur‚
206 727 290 791 utipse
302 738 373 789 egens
386 727 468 778 lrabeat
481 726 581 777 debitum
593 723 768 788 recipiendi3et
780 726 828 777 hoc
841 733 923 778 rocrtu

130 798 253 849 meritum
267 796 394 861 condipnc‘,
409 797 459 847 Alio
474 798 542 847 modo
553 796 592 847 itte
607 807 724 859 perquem
736 795 855 859 efficitur,
865 799 923 849 utut

131 868 231 919 debitum
245 867 313 918 dandi
329 866 354 917 in
364 868 447 926 dante,
460 866 584 918 secundini
594 865 722 916 decentum
733 864 814 931 ipsius
829 873 873 919 :ct
881 869 923 918 ideo

131 939 174 989 troc
184 937 288 990 moritum
304 943 396 990 uocatur
410 941 532 993 occuitum
543 938 657 1002 conpesci.
667 936 728 987 cnm
744 943 829 989 autem
846 941 873 990 in
883 953 922 990 orn

130 1008 197 1060 nibus
207 1008 254 1059 illis
266 1022 317 1072 quae
330 1009 400 1071 gratis
415 1010 507 1071 dantur,
522 1007 595 1073 prima
608 1007 665 1058 ratio
678 1006 750 1057 dandi
758 1010 793 1059 sit
804 1021 881 1069 amor,
889 1012 923 1059 in·

129 1078 239 1142 possibile
248 1083 285 1130 est
294 1078 355 1143 qnod
367 1079 452 1143 uliquis
464 1077 557 1143 proprie
568 1077 614 1129 cibi
622 1077 724 1128 detritum
734 1076 809 1128 iaciat
822 1080 866 1143 qni
877 1081 922 1129 ani

131 1150 185 1201 citit
201 1154 280 1201 caret:
294 1152 319 1199 et
335 1149 386 1200 ideo
403 1148 454 1199 cim
472 1149 550 1199 omnia
568 1146 739 1210 ettemporuliu
754 1152 782 1198 et
802 1154 923 1201 ueterum

131 1220 210 1273 divina
222 1219 356 1271 liberalitate
373 1220 439 1271 nobis
452 1220 572 1280 donentur,
582 1218 658 1269 nolus
669 1218 792 1281 acquirere
805 1222 923 1283 potero

130 1291 204 1341 bitom
216 1289 339 1353 recipiendi
349 1289 439 1355 aliquod
448 1290 546 1353 illorum,
554 1288 598 1339 nisi
605 1302 645 1352 per
652 1288 792 1339 charitatem
802 1294 834 1341 ad
845 1293 921 1342 iteum

130 1367 154 1412 et
171 1361 223 1412 ideo
242 1372 311 1425 opera
329 1364 392 1411 extra
409 1359 543 1411 chantatem
559 1358 619 1409 lucta
631 1371 678 1409 non
692 1364 748 1409 sunt
767 1361 891 1412 meritoria
901 1375 924 1412 er

129 1430 256 1495 condigno,
268 1443 342 1493 neque
354 1430 434 1481 eterni
448 1442 522 1493 neque
535 1430 666 1493 temporalis
683 1428 786 1493 ulicnjrrs
796 1432 856 1482 toni
874 1434 923 1496 apud

129 1502 209 1551 iteum
221 1502 264 1553 Sed
276 1500 331 1564 quic
346 1500 447 1551 divinam
457 1500 674 1563 coniciendum,
687 1504 714 1550 ut
728 1501 875 1566 unicunque
885 1505 924 1553 dis

128 1572 265 1638 positionem
272 1572 372 1633 inuenit,
382 1572 547 1637 perfectionem
556 1571 660 1637 adjiciat,
671 1571 724 1623 idco
736 1583 767 1621 ex
779 1575 869 1625 merito
878 1587 923 1625 cor

130 1645 179 1708 grui
189 1644 361 1708 dicitnruliquis
370 1643 451 1695 mereri
463 1642 556 1707 aliquod
567 1643 650 1694 bonum
663 1654 706 1707 per
714 1655 787 1707 opera
797 1645 862 1695 hona
871 1652 923 1697 crtrr

130 1716 263 1767 cnuntatenr
274 1716 350 1777 lactu
365 1718 389 1766 et
399 1712 524 1765 secondum
536 1715 580 1765 hoc
592 1725 662 1777 opera
678 1712 723 1764 ista
739 1715 771 1765 ud
786 1716 878 1780 triplex
890 1717 924 1767 lto

130 1800 184 1838 num
200 1788 284 1850 ualent,
298 1786 395 1849 scilicet,
409 1787 436 1836 cd
454 1784 615 1848 temporalium
625 1784 831 1846 consecutionem,
842 1790 873 1839 ad
884 1789 923 1839 die·

78 1852 81 1861 “
130 1857 268 1921 positionem
284 1857 313 1908 ed
331 1858 425 1921 gratiam,
444 1860 469 1905 et
487 1855 677 1906 assuefactionem
692 1855 807 1907 bonorum
825 1871 923 1922 opernm

131 1928 189 1989 Quia
206 1930 284 1980 tamen
299 1930 343 1978 lroc
355 1929 460 1979 meritum
474 1940 520 1977 non
536 1925 626 1991 proprie
639 1925 720 1977 dicitur
737 1928 868 1989 meritum,
881 1931 925 1980 ideo

130 1998 203 2062 magis
218 1998 386 2050 concedendum
404 2004 440 2049 cst
452 1997 513 2061 qudd
532 1996 662 2061 hujusmodi
673 2008 746 2061 opera
758 2009 810 2049 non
828 2000 880 2050 sint
890 2002 925 2051 ali

131 2068 198 2132 cnjus
212 2068 267 2119 boni
284 2068 406 2131 meritoria,
420 2066 489 2131 quun
503 2067 565 2131 qudd
576 2068 632 2117 sint.

162 2138 197 2188 nd
209 2138 306 2201 primum
322 2150 376 2201 ergo
392 2137 530 2198 dicendum,
543 2137 605 2201 quod
617 2137 677 2188 sium
689 2136 832 2202 philosopus
841 2142 926 2193 dicitiu

131 2206 190 2258 vult.
205 2208 329 2265 litticor„
343 2208 397 2270 quia
408 2208 468 2259 lilios
481 2222 523 2272 per
532 2208 608 2260 omnin
619 2220 671 2271 quae
683 2207 760 2259 lacere
767 2214 857 2272 potest,
874 2213 925 2262 nini

132 2278 217 2341 aequale
228 2278 321 2330 reddere
330 2280 389 2343 patri
399 2283 483 2342 potest,
495 2280 532 2330 tris
542 2291 594 2342 qun
604 2278 618 2327 d
627 2280 692 2343 putre
702 2277 796 2343 recipit,
808 2281 865 2333 idco
874 2297 926 2332 nun
959 2311 960 2316 κ

132 2361 200 2412 quum
213 2351 278 2414 pater
288 2350 375 2401 debitor
387 2349 428 2400 ulii
439 2350 550 2412 elicitur;
562 2354 587 2400 et
601 2348 672 2399 multo
686 2347 845 2402 minitshnuro
855 2357 928 2418 potest

131 2432 174 2483 per
195 2419 377 2483 equivalenttam
395 2421 471 2485 operis
488 2421 560 2473 Deum
577 2420 622 2471 silui
638 2419 776 2471 constituere
789 2424 925 2475 debitorem.

133 2490 162 2540 Et
169 2488 222 2541 idco
235 2489 323 2541 nullum
331 2504 389 2554 opos
397 2494 498 2542 nostrum
506 2504 536 2542 cx
547 2491 673 2555 quantitate
684 2503 731 2541 suu
739 2489 854 2544 bonitatis
863 2496 927 2545 natet

132 2559 193 2621 qudd
206 2560 290 2623 aliquid
303 2564 425 2622 mereator,
444 2560 485 2611 sed
501 2561 569 2611 iubet
581 2573 611 2610 ex
623 2560 647 2609 ui
662 2560 796 2622 charitatis,
810 2578 866 2626 quar
876 2566 927 2617 lacit

133 2640 161 2677 ea
175 2642 226 2691 qne
239 2630 441 2690 contentionum,
458 2643 509 2681 esse
521 2631 659 2681 communie.
673 2631 736 2681 Unde
748 2638 927 2694 quantumcum-

103 2702 107 2714 ·
133 2708 178 2757 qne
188 2698 284 2760 sitopos
292 2698 375 2748 honum
388 2703 452 2749 extra
465 2700 600 2750 charitatem
612 2701 705 2759 tadum,
716 2712 764 2751 non
775 2701 833 2751 fucit
841 2707 927 2769 proprii

133 2766 246 2828 loquendo
269 2766 294 2816 in
310 2768 402 2818 nominc
420 2767 523 2821 debitum
542 2769 628 2833 aliquid
645 2769 659 2820 d
674 2770 722 2821 lieo
737 2772 874 2835 recipiendi.
884 2777 925 2825 Sed

132 2846 189 2895 opus
202 2836 284 2888 mutum
295 2848 324 2888 cr
337 2837 461 2901 quantitate
475 2852 523 2891 soe
539 2840 641 2903 multe,
655 2839 780 2891 modun
790 2844 926 2907 equivalen-
