1942 3284
268 227 298 266 nn
313 223 455 267 remmus
470 226 592 268 ramata.
782 210 827 269 too

328 413 489 466 annotatus
505 416 523 466 Ι.

107 535 194 582 Utrum
203 549 250 594 per
259 537 400 596 baptismum
414 539 622 586 tollanturomm’a
630 545 734 598 peccata.

61 664 194 727 ttprtmnm
209 664 245 715 sic
258 665 388 730 proceditur
399 665 445 730 (t).
460 665 556 716 Videtur
566 665 627 730 quod
640 667 826 734 perbaptismnm

35 747 75 784 nun
88 735 192 786 totiantor
220 735 297 788 omnia
313 741 414 801 peccata,
432 737 562 801 Baptismus
584 739 644 790 enim
668 744 704 793 est
724 742 826 806 quodam

37 805 142 868 spiritualis
153 809 319 872 regeneratio,
333 821 383 872 que
394 809 566 874 contraponitur
578 812 717 874 generationi
728 810 824 864 oarnab.

34 881 71 930 Sed
81 895 118 945 per
131 882 309 946 generationem
330 884 442 933 carnatem
457 885 525 934 bomo
537 885 650 936 corrtrabit
663 885 737 936 sotium
756 887 824 952 origi-

32 953 73 1003 nate
85 957 217 1018 peccatum.
233 955 295 1018 Ergo
307 968 348 1019 per
364 957 502 1021 baptismum
516 956 612 1007 soluitur
630 958 701 1010 solbm
715 958 825 1024 originale

33 1031 146 1088 poooatum.

56 1101 76 1145 t.
93 1099 227 1164 Praeterea,
249 1097 380 1164 paenitentia
401 1103 435 1150 est
459 1099 577 1151 snttioiens
598 1114 666 1152 eausa
688 1098 826 1154 remissionis

32 1169 141 1220 aetnaiium
164 1175 322 1237 peecatorum.
341 1170 386 1221 Sed
401 1175 453 1221 ante
466 1172 603 1236 baptismum
617 1174 641 1223 in
655 1173 738 1225 adultis
752 1174 826 1240 requi·

31 1239 78 1289 ritm
93 1243 251 1306 paenitentia,
266 1241 389 1294 seeundum
414 1241 470 1293 iilud
490 1244 557 1301 Act„
575 1244 616 1294 it:
638 1247 824 1298 «Paenitentiam

32 1311 94 1375 agite,
108 1317 132 1363 et
143 1314 279 1379 baptizetur
297 1313 452 1378 unusquisqne
473 1316 583 1365 rostaim.
599 1317 686 1381 atingo
701 1317 826 1384 baptismus

34 1383 80 1432 nihii
93 1387 201 1449 operatur
215 1386 276 1436 oiroa
287 1385 445 1436 remissionem
463 1386 584 1437 actualium
596 1394 749 1453 peccatorum.

58 1458 225 1522 apostema,
244 1457 385 1508 diuersurum
399 1457 550 1509 membromm
568 1459 662 1511 diverse
685 1466 739 1512 sunt
754 1460 826 1512 medi·

33 1524 92 1588 rina,
106 1529 160 1592 quia
168 1567 178 1594 ,
193 1529 255 1578 sieut
269 1528 421 1594 Hieronymus
435 1527 490 1579 dicit
502 1529 548 1594 (2),
566 1546 580 1576 a
589 1541 635 1580 non
650 1536 715 1582 sanat
736 1524 825 1584 oculum

34 1597 82 1656 quot
98 1602 164 1650 sanat
182 1599 324 1650 catoaneom.
347 1615 361 1646 »
376 1598 420 1649 seo
434 1603 554 1662 peecatum
573 1601 696 1664 originale,
711 1604 770 1667 qnod
786 1616 827 1668 per

33 1665 160 1731 baptismum
176 1669 275 1734 tollitur,
287 1675 323 1722 est
337 1670 395 1721 aliud
411 1683 483 1735 genus
497 1673 583 1736 peceati
600 1671 719 1736 iperoato
735 1675 824 1726 anuali.

34 1737 83 1803 Ergo
94 1755 140 1793 non
151 1743 233 1794 omnia
246 1745 337 1806 peecata
345 1741 499 1793 remittuntur
511 1756 552 1806 per
569 1743 715 1808 baptismum.

59 1811 98 1864 Sed
114 1821 194 1867 contra
215 1815 328 1879 estquod
339 1814 422 1865 dicitur
437 1812 536 1872 baert„
555 1812 666 1867 xxiiii:
684 1814 825 1870 «oneratam

37 1893 91 1946 super
103 1899 145 1938 ros
157 1899 241 1952 aquam
253 1887 370 1951 mundam,
380 1889 405 1938 et
415 1886 581 1938 mundabimini
594 1887 622 1938 ab
633 1887 738 1941 omnibus
748 1890 823 1958 inqui·

37 1957 135 2008 ramentis
152 1956 271 2009 uestris.»

66 2027 219 2088 [mananseo.
231 2055 262 2066 -
278 2025 336 2079 Cium
357 2041 424 2080 omne
440 2033 560 2094 paccatum
575 2031 602 2080 ad
620 2030 673 2083 uite
687 2028 822 2084 vetustatem

37 2098 150 2164 pertineat,
166 2101 206 2151 oni
217 2101 286 2151 homo
299 2114 339 2165 per
355 2101 494 2165 baptismum
508 2102 616 2165 moritur,
630 2104 774 2170 perspicuum
789 2106 824 2156 est

41 2169 100 2220 anna
116 2176 213 2235 peccata
230 2185 271 2236 per
282 2173 421 2237 baptismum
434 2173 512 2238 tolli.)

63 2241 192 2308 Respondeo
211 2245 344 2310 dicendum,
356 2245 415 2310 quod
438 2247 498 2296 sient
518 2245 638 2312 Apostolus
651 2247 721 2313 dicit,
742 2251 822 2309 iiam„

40 2309 76 2363 ii:
90 2317 253 2381 «Quicumque
273 2317 380 2381 baptizati
393 2333 471 2369 sumus
485 2319 510 2369 in
524 2316 617 2371 cbristo
629 2321 701 2386 iesu,
717 2323 741 2372 in
754 2327 826 2376 morte

43 2383 100 2445 ipsias
114 2388 224 2455 baptizati
238 2401 331 2453 sumus;
350 2405 364 2438 n
379 2391 402 2440 et
420 2395 501 2456 postea
514 2392 629 2443 oonstudit
648 2409 654 2443 a
671 2411 685 2442 a
702 2394 736 2445 tta
750 2399 773 2446 et
787 2409 827 2446 ros

67 2510 94 2573 iii
107 2518 139 2562 Ite
148 2517 187 2563 bis
197 2518 268 2563 etiam
281 2519 319 2578 Π,
332 2519 411 2570 Sunt„
424 2521 478 2565 dist.
490 2519 535 2578 81,
549 2533 590 2577 (pr.
603 2519 632 2577 i,
647 2528 692 2568 ort.
705 2521 735 2576 13
746 2522 772 2567 et
784 2523 827 2581 Π,

44 2571 104 2628 tart..
116 2580 170 2626 dist.
184 2580 213 2638 t,
228 2593 268 2637 qu.
280 2581 305 2639 Ξ,
320 2588 363 2628 art.
376 2582 404 2642 i,
418 2585 556 2640 quaestione.
571 2583 601 2641 i,
614 2590 639 2628 et
652 2590 697 2629 art.
709 2585 738 2643 3,
754 2597 829 2642 quaes·

46 2635 101 2685 iano.
113 2643 140 2698 13
158 2649 181 2692 et
195 2644 249 2689 dist.
262 2644 306 2706 17,
321 2657 361 2702 qn.
373 2645 401 2705 3,
414 2649 458 2691 art.
477 2645 506 2706 5,
522 2646 660 2703 questione.
676 2646 704 2707 i,
718 2649 742 2692 tn
753 2661 830 2704 oorp.;

45 2705 64 2806 ἓ
74 2701 157 2808 guntaro
169 2707 302 2758 Gsot.,iib.
313 2709 356 2767 tv,
365 2720 417 2766 cap.
428 2709 458 2752 59
474 2715 498 2754 et
508 2708 548 2765 ⁷23
560 2714 584 2754 et
599 2708 683 2761 Heba„
695 2712 794 2770 V1‚ooi.
806 2710 831 2766 8,

88 2779 122 2814 ne.

46 2893 49 2901 Ι
71 2833 99 2895 (1)
112 2841 155 2886 Vel
171 2843 216 2888 sub
237 2845 331 2887 nomino
345 2841 479 2900 Hieronymi
500 2843 642 2888 adulterinus
658 2849 831 2889 commentator

45 2905 65 2936 tt
76 2899 155 2954 tiore..
173 2915 245 2963 snper
262 2905 331 2961 titud,
346 2915 399 2960 oap.
419 2906 452 2950 tx
469 2921 476 2948 r
494 2907 545 2951 Eoo
563 2917 640 2964 pomer
652 2905 830 2952 dommoruna

47 2965 192 3022 messmam
208 2968 263 3014 oiri
275 2967 304 3012 isa
315 2969 427 3014 brutium
441 2973 463 3015 st
472 2969 584 3027 jeiueto,
597 2972 641 3014 eta.

712 3065 739 3113 δή
