1942 3284
325 199 359 235 ll!
378 195 548 235 smmis·
807 192 838 241 15

59 275 252 342 ηῐςᾱαάωὶίοτ
265 272 433 337 significantis,
444 273 505 335 sicut
515 274 599 325 dietum
612 278 648 325 est
662 275 718 341 (art.
744 277 780 342 6).
795 280 839 332 Sed

57 350 146 413 eringii
158 363 198 413 per
211 347 305 398 diversa
319 346 390 397 uerba
402 345 463 395 idem
477 346 609 409 significari.
623 348 683 411 lqun
699 362 746 401 nun
760 352 838 417 requi·

55 428 118 473 rmtur
128 420 280 472 determinata
293 419 364 468 uerba
376 418 402 467 in
410 417 565 469 sacramentis.

79 499 98 545 a.
113 496 236 553 Preterea,
251 489 367 553 corruptio
385 488 507 553 cujuslibet
520 491 554 540 rei
573 490 647 541 variat
661 492 712 557 ejus
725 494 836 558 speeiem.

52 567 89 617 Set
99 566 184 629 quinum
197 561 306 626 corrupte
319 562 389 612 rerba
402 561 533 625 proterunt,
548 576 591 615 nee
599 566 676 615 tamen
690 569 783 629 propter
794 567 839 617 hoe

52 638 135 688 uultur
151 638 344 686 sacramentorum
359 632 453 683 effectus
470 633 588 698 impediri3
605 635 705 698 alioquin
723 636 838 689 illitterati

52 716 71 761 et
78 710 133 759 tulii
144 708 185 772 qui
193 708 240 757 istu
253 709 394 755 sacramenta
404 704 539 769 conterunt,
547 706 676 769 frequenter
690 708 801 759 detentum
813 710 838 761 iu

52 779 185 831 umameutis
200 778 345 828 inducerent.
364 779 424 840 ltrqn
445 777 535 829 videtin
551 778 610 842 qued
631 792 675 831 unu
693 779 839 844 requirantur

50 853 71 903 iu
85 852 227 903 saursmentis
239 850 389 901 determinata
400 850 477 901 verbe.
753 846 754 851 ’

75 925 115 975 Set
129 928 208 975 neutra
224 925 275 984 est,
295 920 355 983 quen
374 921 484 973 Dumium
499 922 648 973 determinata
667 923 734 975 uerba
747 924 840 987 protulit

49 994 254 1046 muunseeratinne
277 992 413 1043 sacramenti
433 993 597 1054 Eucharistiae,
621 992 711 1057 disens,
733 994 837 1049 Mettis..

51 1068 129 1117 xxvi:
146 1083 161 1114 e
174 1066 223 1117 linc
239 1068 274 1115 est
286 1079 370 1128 curque
387 1078 471 1115 meum.
486 1082 501 1113 u
517 1066 624 1117 Similiter
642 1065 710 1117 etiarn
724 1066 839 1119 mandarit

50 1139 159 1203 dissipatis
170 1142 196 1188 ut
211 1138 255 1188 suls
268 1137 418 1187 determinata
431 1139 502 1189 turma
512 1139 631 1191 uerborum
647 1138 794 1203 baptizarent,
805 1140 839 1189 di-

51 1225 106 1275 sens,
116 1211 219 1266 natta..
231 1210 290 1259 ult:
303 1210 411 1260 ulluntes
422 1210 499 1261 docete
512 1211 840 1275 omnesqeutes,buqtizantes

50 1295 85 1334 ss
95 1285 119 1333 irr
132 1282 228 1333 numine
238 1281 324 1341 Patris,
336 1287 359 1333 et
373 1282 473 1345 Filii,et
485 1283 701 1347 serenessimi.»

78 1357 239 1418 tenemusne.
252 1353 351 1403 -Cium
369 1354 518 1407 determinate
537 1355 568 1405 sit
583 1358 773 1405 sacramentorum
792 1366 840 1405 ma-

50 1427 109 1490 teria,
120 1424 277 1477 determinate
284 1424 373 1477 scilieet
386 1425 503 1477 suasibiles
513 1439 564 1487 res,
577 1425 648 1477 multi
660 1426 734 1489 magis
748 1428 837 1491 uanlet

51 1499 211 1549 mteninstam
222 1510 275 1547 esse
286 1497 407 1548 verberum
420 1497 445 1546 in
454 1498 601 1549 sacramentis
614 1499 732 1557 termam.)

79 1570 207 1635 ilesqondeu
221 1569 352 1630 dicendum,
360 1568 429 1633 qued,
440 1568 499 1619 sieut
511 1568 595 1620 dictum
604 1576 639 1620 nst
651 1570 708 1633 (art.
721 1574 745 1633 s,
759 1570 786 1621 ad
795 1575 810 1619 2
818 1570 838 1635 ),

52 1638 219 1692 inminentis
234 1641 302 1691 uerba
315 1654 341 1691 se
353 1641 437 1691 habeut
450 1655 491 1705 per
499 1642 591 1691 mudum
602 1641 697 1705 terme,
711 1654 749 1692 res
762 1645 840 1693 autem

52 1713 157 1765 iuuenes
171 1727 215 1777 per
229 1714 321 1763 medum
335 1711 444 1763 meterius.
459 1714 485 1762 lrr
501 1712 606 1763 omnibus
617 1716 691 1763 annm
709 1712 841 1779 cumpositis

48 1798 73 1834 er
85 1785 178 1837 materia
191 1790 216 1835 et
230 1784 316 1847 turma,
332 1783 468 1847 principium
481 1782 675 1835 determinationis
685 1788 720 1835 est
734 1796 762 1835 ex
777 1788 840 1849 purte

49 1857 125 1919 niue,
138 1871 194 1922 qum
206 1855 417 1919 enquudammudo
428 1854 480 1905 ttnis
494 1860 518 1906 et
526 1855 637 1906 terminus
648 1856 747 1907 materie
758 1856 802 1921 (t).
811 1856 841 1907 tlt

47 1929 92 1981 idea
104 1926 258 1994 principalius
268 1926 391 1990 requiritur
400 1927 428 1976 ad
438 1942 490 1977 esse
497 1926 529 1977 rei
537 1926 686 1979 determinata
693 1929 765 1979 turma
774 1927 841 1992 qutm

47 1999 191 2052 tesrunuata
205 1998 317 2061 materia3
331 1998 424 2049 materia
437 1998 498 2049 enim
514 1999 660 2049 determinata
671 2000 802 2064 requiritur,
815 2002 842 2050 ut

47 2072 73 2121 sit
89 2072 264 2139 proportionata
282 2068 435 2121 determinate
452 2071 539 2121 terme.
557 2070 617 2121 (lium
630 2070 699 2135 igitur
717 2072 743 2122 in
761 2084 841 2123 sauru-

49 2146 121 2195 ueutis
133 2144 284 2209 requirantur
294 2141 449 2193 determinate
463 2155 501 2193 res
515 2143 647 2204 sensibiles,
661 2156 744 2207 queue
757 2143 842 2195 hubent

50 2215 236 2268 annumeratis
256 2214 316 2265 sieut
336 2213 445 2275 materia,
458 2212 529 2263 nullu
544 2214 617 2279 magis
630 2214 750 2287 requiritur
766 2214 792 2265 in
808 2215 842 2267 eis

52 2287 192 2339 aluminata
202 2287 276 2338 terma
285 2287 414 2337 uerborum.

76 2362 102 2410 tul
121 2361 227 2425 primum
241 2370 297 2421 erqo
314 2357 446 2419 dicendum,
462 2356 536 2421 quen,
552 2357 613 2409 ¹sieut
629 2356 769 2420 runusmuu
787 2357 842 2410 diuit

53 2443 113 2494 mser
128 2434 210 2484 leun.
229 2431 320 2494 (tract.
336 2429 450 2495 lxxa),
465 2447 479 2479 u
493 2428 585 2479 verbum
604 2432 709 2494 operatm
725 2428 749 2479 in
765 2442 841 2481 sacra·

52 2506 137 2570 uris,
153 2517 206 2555 nnn
220 2502 275 2567 quia
288 2502 384 2562 ninitm,
398 2519 412 2550 u
425 2502 448 2552 in
465 2504 559 2557 estnon
572 2500 694 2553 numnam
707 2500 843 2553 exteriorem

50 2588 121 2629 amum
135 2575 222 2640 unsis,
236 2591 251 2622 u
260 2575 301 2626 sed
312 2574 368 2639 quia
377 2573 491 2637 eretitm,
503 2573 549 2626 »in
562 2578 597 2625 est
610 2572 735 2625 sennanim
749 2586 841 2625 sensum

77 2749 110 2813 (t)
123 2752 204 2799 Finis
223 2749 318 2807 quidem
338 2746 488 2804 intentionis,
508 2747 561 2803 quia
582 2748 678 2793 materis
697 2751 732 2792 est
751 2750 846 2804 propter

48 2813 155 2875 turnum,
168 2826 222 2860 nun
232 2813 308 2858 turma
319 2816 415 2870 prepter
424 2810 557 2865 materiem
573 2812 692 2856 meminus
706 2814 782 2855 eutem
793 2820 844 2866 per·

49 2876 167 2939 eninm,
184 2877 242 2933 quia
258 2876 356 2921 materia
376 2886 419 2931 per
433 2872 531 2946 turmam
547 2872 662 2932 perileltur
676 2878 700 2918 et
714 2872 785 2917 habet
797 2882 844 2917 sue

51 2947 112 3004 retu,
125 2939 383 2997 murmurarunt
391 2940 521 2984 mmm.
