1942 3284
148 209 195 257 its
332 217 392 256 rsus
409 219 449 269 ιιι,
464 219 556 263 conss.
574 216 651 268 oxon,
668 215 722 254 ιιι.
740 217 766 253 ιι.

147 296 229 360 quibus
236 295 319 345 dicitur
326 294 351 344 in
359 294 427 344 Psol.
439 293 507 345 xilv
518 310 525 343 z
538 309 552 342 ι
562 292 693 344 constitues
705 306 745 343 eos
754 290 880 358 principes
890 307 953 356 snper

149 380 239 418 omnem
253 369 371 416 terram.»
385 367 444 430 Ergo
460 365 550 416 uidetur
561 365 622 429 qubd
637 364 868 429 baptizerepertinet
888 365 936 416 sold

149 439 178 488 ad
191 438 292 490 officium
309 439 418 503 episcopi.

180 514 203 559 t.
222 511 348 570 preterea,
366 509 466 559 Isidorus
479 506 536 558 dicit
549 507 608 571 qubd
625 523 638 555 ι
652 507 680 558 ιιι
699 505 834 570 episcopum
853 507 952 571 pertinet

147 580 291 632 basilicarum
313 579 565 642 consecratio,²unctio
589 579 682 640 alteris,
696 579 721 628 et
740 577 860 629 confectio
886 577 951 628 ebrie

148 653 226 702 metis.
239 653 292 716 lpse
305 651 394 702 ordines
407 649 574 702 ecclesiasticos
582 649 713 709 distribuit,
723 653 747 700 et
758 661 836 699 sacras
852 650 949 711 virgines

147 722 269 774 benedicit.
279 739 294 770 ι)
304 723 350 773 Sed
359 723 398 773 his
405 722 510 774 omnibus
522 721 595 785 majus
606 723 641 771 est
655 724 820 770 sacramentum
829 719 950 782 baptismi.

147 795 206 857 ltrgo
226 793 315 844 uidetur
330 792 391 857 quod
414 792 486 844 multd
501 791 573 856 magis
592 792 621 842 ed
642 789 742 842 cilicium
761 789 835 842 solius
855 788 952 855 episcopi

147 864 262 929 pertineat
274 864 397 930 baptizare,

180 935 226 986 Sed
249 939 327 987 contra
350 940 398 997 est,
421 936 481 1000 quod
500 934 600 986 isidorus
618 934 671 986 dicit
689 934 714 984 in
736 933 776 984 lib.
800 933 839 984 De
861 932 951 998 officiis

150 1006 200 1070 (lit.
215 1007 246 1070 ll,
257 1020 308 1071 cep.
324 1008 390 1072 eit:
408 1023 422 1056 ι(
430 1008 524 1058 Constet
536 1006 650 1072 baptisma
662 1005 717 1056 solis
727 1005 892 1056 sacerdotibus
905 1013 948 1054 esse

147 1077 264 1130 traditum.
283 1096 297 1127 o

183 1149 338 1214 (doucnosro.
352 1149 451 1200 -Cdm
472 1162 513 1215 peu
529 1149 668 1214 baptismum
687 1149 756 1200 homo
776 1146 900 1212 particeps
919 1145 951 1193 lint

148 1222 308 1274 ecclesiastice
321 1222 430 1286 unitatis,
440 1223 507 1286 cnjus
519 1222 656 1272 eucharistie
666 1226 833 1271 sacramentnm
845 1222 900 1282 est,
912 1229 949 1266 ms·

149 1293 259 1344 nilestum
278 1298 314 1345 est
328 1293 420 1358 proprie
438 1295 466 1344 ud
482 1295 611 1345 secerdotes
623 1293 737 1359 pertinere
754 1292 870 1356 baptismi
884 1301 949 1340 sacre·

149 1368 251 1416 mentum
274 1365 414 1428 ministrare,
429 1365 618 1428 quemadmodum
641 1369 665 1414 et
689 1363 853 1414 eucharistiam
874 1372 947 1413 eonse-

149 1451 220 1489 crure.

180 1438 316 1574 despondeo
331 1510 459 1570 dicendum,
470 1509 531 1574 qubd
540 1509 668 1560 secerdotes
684 1508 712 1558 ed
723 1509 768 1558 boc
781 1509 948 1560 consecrentur,

149 1584 175 1630 ut
190 1584 355 1632 sacramentum
368 1581 469 1645 corporis
478 1581 563 1633 Christi
572 1580 702 1642 conficiunt,
714 1579 774 1629 sicut
783 1579 856 1642 suprd
871 1579 956 1640 dictunp

148 1655 185 1701 est
195 1653 244 1716 (qu.
257 1655 297 1715 65,
307 1656 350 1702 ert.
363 1655 397 1714 3).
411 1653 470 1703 Illud
481 1655 556 1703 eutem
567 1655 603 1703 est
617 1654 781 1702 sacramentum
795 1647 956 1718 ecclesiastice}

149 1722 255 1788 unientis,
269 1723 392 1776 secuuddm
402 1723 457 1775 illud
472 1725 575 1788 Apostoli
590 1725 608 1774 l.
624 1725 695 1780 Com,
708 1724 748 1774 tl:
765 1736 779 1768 ι
792 1721 861 1772 Unus
875 1717 956 1785 penis*

150 1797 174 1845 et
184 1810 256 1846 nuum
273 1809 354 1860 corpus
372 1796 437 1846 multi
455 1809 544 1856 sumus,
563 1809 642 1848 omnes
659 1794 699 1860 qui
711 1795 739 1846 de
752 1805 798 1843 uno
811 1805 876 1856 pune
891 1795 913 1842 et
924 1789 945 1836 dt

149 1880 196 1918 nno
208 1867 277 1918 colice
294 1867 464 1931 participemus.
482 1869 555 1918 »Per
574 1867 712 1930 baptismum
731 1868 806 1915 nutem
824 1863 910 1928 aliquis
927 1858 946 1906 fil

149 1939 262 2003 particeps
273 1939 431 1990 ecclesiastice
439 1938 549 2002 unitatis3
562 1939 622 1990 unde
633 1942 657 1989 et
667 1937 749 2000 accipit
761 1937 836 2002 jused
848 1941 944 1986 mensem

150 2011 241 2062 bomini
250 2011 379 2062 accedendi.
390 2011 419 2061 lit
431 2011 499 2074 ideo,
511 2011 571 2062 sicut
584 2011 611 2062 ed
626 2011 765 2062 sacerdotem
784 2009 888 2073 pertinet
900 2014 945 2055 oon·

150 2095 238 2134 secuere
248 2081 420 2143 eucharistiam,
438 2083 465 2132 ud
483 2082 544 2147 quod
556 2081 712 2148 principaliter
725 2079 879 2132 secerdotium
891 2072 944 2127 ordi·

150 2158 230 2218 netur,
242 2155 274 2205 ιιι
285 2153 313 2204 ed
327 2153 444 2218 proprium
457 2153 558 2205 oliicium
575 2153 698 2204 sucerdotis
711 2153 811 2216 pertinet
825 2150 943 2216 baptizare

151 2227 253 2291 ejusdem
270 2225 332 2277 euim
345 2225 434 2277 ridetur
455 2239 507 2278 esse
521 2225 710 2292 operariorum,
725 2227 748 2276 et
765 2227 854 2288 partem
866 2223 892 2272 in
905 2219 956 2300 toto}

150 2299 280 2362 disponere.

183 2370 216 2421 lld
229 2369 326 2434 primurn
337 2383 391 2434 ergo
403 2369 537 2431 dicendum,
550 2368 611 2433 qudd
627 2373 748 2433 utrumqne
763 2367 874 2430 cilicium,
888 2359 942 2414 soili-

151 2447 187 2494 cet
195 2442 288 2493 docendi
297 2445 321 2492 et
332 2442 478 2507 baptizandi,
489 2441 597 2493 nominos
608 2442 715 2508 apostolis
723 2441 840 2506 injunxit,
853 2443 942 2504 qnorum
955 2459 956 2478 ι

150 2514 223 2565 ricem
242 2517 322 2577 gerunt
339 2514 454 2579 episcopi;
467 2514 533 2564 aliter
547 2516 625 2563 tumen
638 2518 661 2565 et
676 2515 741 2565 aliter
757 2527 763 2561 ι
781 2525 835 2562 nem
848 2507 941 2561 officium

151 2585 246 2637 docendi
260 2586 374 2637 commisit
383 2587 417 2638 eis
435 2586 551 2647 Christus,
566 2587 591 2635 ut
601 2585 646 2650 ipsi
658 2601 699 2650 per
712 2599 737 2636 se
749 2584 805 2634 illud
818 2576 940 2633 exercerent
955 2611 956 2644 p

151 2662 258 2721 unquam
281 2658 511 2723 principalissimum
530 2658 590 2709 unde
612 2661 636 2708 et
654 2658 699 2720 ipsi
719 2654 823 2720 Apostoli
843 2645 956 2712 inerunt]

150 2727 215 2782 Aet,
230 2730 260 2779 Vl
276 2744 282 2777 :
298 2731 372 2780 «Non
389 2732 424 2779 est
436 2741 526 2791 aequum
539 2741 581 2780 nos
601 2729 729 2792 relinquere
742 2727 836 2777 verbnm
855 2721 909 2782 liei,
921 2716 939 2764 tl
955 2731 956 2789 t

151 2798 280 2851 ministrare
290 2800 383 2852 mensis.
395 2799 523 2850 »Ollicinm
537 2803 615 2852 numm
627 2799 757 2865 baptizandi
767 2795 883 2850 commisit
892 2799 939 2855 spir
955 2793 956 2822 ³

151 2870 216 2921 stolis
233 2875 260 2922 ut
278 2884 318 2935 peu
336 2871 395 2922 elios
416 2872 580 2934 exercendum
594 2872 654 2922 unde
672 2874 696 2922 et
711 2869 833 2934 spostolus
855 2861 938 2918 dicit!

153 2942 222 3002 Cor„
238 2945 250 2995 l
266 2959 272 2994 :
292 2959 308 2992 u
320 2943 372 2996 lion
381 2941 446 2996 misit
457 2956 495 2996 me
508 2943 612 2998 destru
631 2943 763 3010 baptisare,
778 2943 819 2994 sed
830 2934 942 3004 mangel-
