1942 3284
277 184 308 219 ma
324 183 416 221 stetten
432 184 609 223 consessionis.
804 179 849 224 tot

27 259 103 313 tione
117 256 239 322 indignos.
252 257 297 309 Sed
317 256 413 322 quilibet
423 262 515 309 tenetur
531 258 685 313 contradicere
701 261 840 323 promotioni

30 330 204 393 indignorum,
213 326 235 379 si
246 339 287 379 sua
304 326 405 379 intersit.
418 327 477 379 Cdm
496 342 552 392 erpo
563 330 752 393 rontndioendo,
761 331 841 396 sospi-

30 400 135 450 cionem
155 398 264 451 induoero
283 398 389 451 uidentur
403 400 434 451 do
450 405 557 465 peooato,
577 405 603 453 et
617 402 654 453 sio
673 402 841 465 quodammodo

30 467 212 521 confessionem
224 468 338 533 renotare,
351 469 439 523 ridetur
451 470 514 535 qnod
524 473 660 537 pnmdopoe
671 476 776 538 oporteat
784 485 840 525 oon-

30 541 169 593 iossionem
182 541 293 593 revelare.

69 611 122 663 Sed
142 613 221 663 oontm
240 614 291 673 est,
304 611 366 675 qnod
382 610 439 663 dioit
455 612 578 665 Decretulis
594 613 632 663 De
649 615 742 664 Ponit.
756 615 792 679 (t)
812 619 840 666 et

32 682 145 732 remiss.
156 696 189 731 :o
199 680 283 733 careat
294 682 399 735 sacerdos
410 694 440 733 ne
448 684 520 735 verbo
532 688 571 733 aot
581 682 647 746 signo
655 688 694 734 aot
704 684 750 735 elio
759 684 841 749 quovis

32 754 112 805 modo
126 751 269 815 atiquatenus
278 753 361 817 prodat
372 756 522 817 peooaoren.
533 769 548 802 o

70 825 207 883 erotema,
221 823 328 876 sacerdos
341 824 409 876 debet
426 824 474 876 tteo
485 823 553 887 oop'os
566 823 671 876 minister
686 828 732 887 est,
748 824 840 879 eonion·

32 896 102 947 mari
115 911 124 946 e
137 896 177 947 sed
190 896 249 947 tiens
258 898 410 961 peccataque
419 908 462 961 per
475 896 640 949 ooniessiorom
646 899 784 963 panduntur,
792 912 839 951 non

33 968 143 1030 revelat,
156 968 264 1031 sedtepit
277 981 284 1016 ε
299 979 353 1031 ereo
363 980 407 1020 neo
415 970 521 1021 saoordos
535 968 721 1021 mreiarsdeoet.

74 1038 242 1102 (consterno.
255 1064 287 1077 -
302 1039 496 1098 Quemadmodum
508 1040 569 1091 Deos
584 1050 675 1102 semper
686 1037 744 1102 tegit
756 1053 839 1103 peoor-

36 1114 93 1158 tnm
112 1108 181 1171 eins,
193 1108 234 1171 qni
246 1120 272 1159 se
283 1106 328 1160 sibi
338 1108 433 1173 subjicit
447 1120 489 1173 per
504 1108 674 1173 peonitentiam,
685 1109 721 1159 sio
736 1112 840 1163 sacerdos

36 1182 139 1243 pensata
149 1178 280 1231 condientis
299 1179 374 1231 oetare
387 1192 478 1246 semper
488 1179 569 1243 dedet3
581 1179 633 1231 edm
644 1179 758 1233 mniessio
775 1185 840 1233 erte·

38 1249 94 1301 rior
106 1250 137 1301 ad
149 1251 286 1383 sagerdotem
305 1250 337 1301 sit
348 1250 439 1316 sipnmn
451 1250 600 1304 mniessioois
611 1250 740 1313 interioris,
751 1264 803 1316 qno
814 1252 840 1303 ot

38 1320 73 1371 ad
83 1320 167 1371 iteum

75 1392 213 1454 Respondeo
221 1391 357 1455 diensium,
369 1391 430 1457 quid
445 1392 629 1444 insuerementis
639 1405 669 1443 ea
677 1406 730 1457 one
738 1391 840 1445 exterids

39 1466 157 1527 geruntur
170 1460 224 1514 sunt
238 1463 305 1527 signa
318 1474 395 1515 nerum
411 1476 463 1527 que
476 1462 575 1515 interiise
584 1463 723 1528 nontingnnt
734 1478 741 1513 ι
753 1467 778 1515 et
786 1464 841 1515 ideo

39 1533 160 1585 eomossio
166 1569 175 1596 ,
183 1546 230 1597 qna
238 1534 290 1598 quis
301 1533 414 1585 secerdoti
424 1546 450 1585 ee
462 1532 570 1596 snojioit,
578 1531 669 1597 Quom
677 1538 714 1584 est
722 1532 841 1585 interioris

41 1602 211 1667 subiectionis,
225 1616 270 1667 qua
287 1604 338 1668 quis
353 1604 400 1655 tteo
412 1602 541 1667 subjicitor.
554 1603 615 1655 oens
632 1606 710 1655 eoum
722 1607 840 1667 peooatnm

41 1673 110 1725 itlius
125 1673 165 1737 qni
179 1686 205 1725 se
222 1672 315 1738 subjicit
335 1686 377 1738 per
395 1672 565 1737 poenitentiam,
581 1672 661 1736 tonitr
677 1672 739 1723 unde
755 1677 780 1723 ot
797 1674 842 1725 ooo

41 1747 139 1809 oportet
152 1743 177 1795 in
189 1747 330 1795 sacramento
342 1743 482 1807 penitentie
497 1741 644 1806 sipnifloort:
652 1744 678 1793 ot
687 1742 740 1793 ideo
755 1743 784 1794 de
796 1754 838 1795 ne·

42 1814 155 1867 oesntate
172 1813 305 1865 sacramenti
325 1818 373 1877 est,
387 1813 449 1878 qnod
468 1814 521 1878 pots
538 1811 705 1865 contessionem
728 1812 801 1874 celet3
816 1819 841 1863 et

42 1885 154 1951 tanquan
166 1884 262 1937 violator
276 1884 412 1937 odoramenti
423 1887 503 1949 peooat
514 1884 555 1948 qui
563 1882 731 1936 contessionem
741 1884 836 1935 revelat.

42 1958 76 2008 Et
95 1958 232 2022 preteriret
244 1960 298 2007 sont
316 1956 366 2010 aiio
379 1956 489 2009 utilitates
503 1954 573 2019 onius
585 1955 720 2017 celationis,
733 1954 788 2017 onia
799 1968 841 2019 por

43 2032 92 2079 troo
105 2027 209 2078 homines
219 2026 293 2091 napis
301 2026 329 2077 ad
338 2024 505 2079 modestiorem
513 2025 667 2087 attrahuntur,
676 2029 702 2076 et
711 2024 839 2089 simplioris

42 2102 138 2165 peooata
155 2098 298 2150 confitentur.

79 2171 116 2221 ed
127 2168 225 2235 primum
239 2181 293 2233 ergo
307 2166 443 2233 dicendum,
457 2168 519 2232 qodd
531 2168 625 2233 qnidam
635 2167 723 2229 dieunt,
734 2166 795 2232 qood
805 2180 841 2219 sa-

42 2242 127 2294 oerdos
138 2252 184 2293 non
194 2243 284 2292 teoetm
291 2250 383 2291 serrare
391 2239 435 2290 snb
445 2238 520 2303 siritio
529 2237 679 2291 ooniessionis
688 2237 735 2289 nisi
746 2242 840 2303 peooata

81 2386 114 2449 (ii
131 2386 242 2433 Nimirum
255 2384 382 2429 neomeniis
394 2388 441 2429 taor
452 2383 568 2429 celebrate
581 2384 710 2429 tooooontii
724 2384 771 2435 itt.
789 2383 839 2429 siue

45 2450 125 2511 potiris
137 2446 295 2495 Lateranensis
307 2444 402 2492 concidit
416 2445 460 2493 sub
474 2445 611 2490 innocentio
620 2446 669 2500 iti,
683 2456 737 2501 oap.
754 2446 838 2489 Omnis

45 2516 175 2569 utriusque
190 2512 278 2557 aaut,
297 2504 414 2567 §Cooeot
432 2512 530 2558 notem
548 2507 587 2551 nbi
607 2507 670 2551 addit
682 2506 744 2563 quod
760 2508 783 2550 ei
795 2518 839 2550 ao·
906 2553 910 2562 ,

46 2576 131 2623 cordos
145 2572 302 2629 prudentiori
320 2570 423 2614 consitio
435 2568 591 2625 indiquertt,
604 2568 670 2613 ettoo
683 2568 769 2629 ubsque
784 2568 838 2612 utto

46 2636 200 2695 expressiores
206 2643 315 2691 personat
325 2632 393 2677 nouit
405 2632 526 2689 requiret·
537 2630 652 2687 quostiam
662 2631 706 2686 pua·
712 2633 838 2686 peccatum

46 2704 77 2745 s'n
93 2694 257 2757 penitentiale·
270 2692 370 2751 judicio
382 2692 430 2737 site
446 2693 563 2739 deuotum
573 2691 757 2750 presumpserit
774 2701 838 2735 reve·

46 2766 117 2810 toro,
130 2770 180 2804 ooo
191 2757 270 2802 sotium
286 2755 302 2798 d
318 2755 463 2801 socerdotote'
480 2754 558 2812 officio
572 2752 741 2811 dspmeodum
756 2751 838 2797 dooer-

47 2818 242 2871 noviomorum
258 2817 330 2863 etium
342 2817 373 2863 od
384 2815 505 2875 operclum
518 2820 659 2874 perpetuom
672 2814 841 2859 omniteuts'one

45 2892 77 2935 r'u
88 2886 181 2931 oretum
194 2879 367 2925 monasterium
381 2877 570 2925 detrudendum.
