1942 3284
274 212 628 255 murmrsrmranuonua.
817 206 848 256 tt
939 200 940 267 ζ

80 286 152 342 intenlio
163 305 205 357 pua
218 306 243 344 se
252 294 361 359 subjiciat
377 292 496 359 principali
506 295 596 357 agenti,
608 296 634 344 ut
643 292 731 345 scilieet
742 293 847 347 intendat

79 358 135 412 iecere
147 364 201 427 quud
211 364 267 415 lacit
279 366 385 416 Christus
397 369 422 416 ct
434 366 545 416 Ecclesia.

100 434 249 487 lisecundnm
261 437 396 499 dicendum,
413 436 474 501 quud
488 437 547 487 circa
558 438 601 488 hue
614 440 649 489 est
663 438 747 502 duplex
760 438 847 503 epiuin.

76 504 150 561 tham
163 508 222 561 enim
236 509 314 560 dicunt
325 509 387 573 quhd
404 509 524 573 requiritur
532 510 638 561 meuhlis
652 510 749 561 intentio
763 512 788 560 ln
805 510 849 560 mi-

75 577 136 643 nistre,
145 595 191 643 que
203 582 223 631 si
233 581 300 644 desit,
313 595 359 632 nun
367 582 483 646 perficitur
494 586 667 633 sacramentum.
678 583 721 633 Sed
733 584 795 633 hune
809 582 849 633 de·

74 646 139 701 lectam
152 652 266 717 inpactis
286 653 327 717 qui
343 667 391 704 nun
408 654 494 703 hahent
510 653 658 704 intentionem
679 652 801 705 accedendi
821 654 849 705 ad

76 728 229 787 mertum,
251 726 343 790 supplet
365 724 481 787 Christus,
505 724 545 788 qui
569 725 664 775 interitus
685 725 798 790 haptizat;
823 725 849 776 in

75 791 136 845 ruth
148 802 221 849 autem
232 796 277 861 qni
293 796 415 847 intendunt
427 800 592 847 sacramentum
614 797 741 862 suscipere,
757 798 851 862 supplet

70 860 229 920 illuntelectum
239 868 299 920 fides
307 872 331 918 et
339 868 440 919 teretis.
453 868 498 919 Sed
509 870 553 919 huc
562 868 619 919 satie
632 872 711 933 posset
720 868 764 919 dici
776 882 849 933 quan·

70 933 106 984 lin
117 940 142 988 at
151 942 252 992 ultimum
268 940 389 1004 ellectum,
405 938 445 1003 qui
460 944 496 990 est
508 938 639 1003 justificatio
653 939 793 1005 lupercalis,
808 940 848 991 sed

70 1010 159 1069 mutum
172 1014 199 1063 etl
214 1014 326 1065 ellectum
338 1012 379 1076 qui
397 1016 433 1063 est
449 1027 489 1061 res
506 1016 529 1062 et
545 1014 747 1069 sacramentum,
762 1011 850 1063 seilicet

71 1083 157 1141 emnthm
172 1087 199 1136 ad
212 1088 387 1148 characterem,
401 1098 447 1135 nen
464 1084 554 1135 uidetur
571 1082 631 1147 qued
645 1096 686 1148 per
704 1084 849 1139 devotionem

69 1154 174 1207 tenetentis
182 1158 258 1221 pessit
268 1156 381 1221 suppleri,
392 1156 445 1220 quia
457 1156 574 1206 character
586 1168 703 1218 nunquam
711 1155 849 1219 imprimitur

69 1221 326 1290 nis'persacrameutum.
341 1230 371 1278 Et
379 1229 431 1279 itlee
445 1227 483 1277 alii
492 1226 573 1277 melitae
589 1226 666 1277 dieunt
676 1226 736 1291 quun
747 1227 850 1277 minister

69 1302 180 1351 humenti
189 1302 238 1365 agit
248 1302 276 1351 in
289 1313 387 1365 persona
397 1298 469 1349 tutius
478 1298 599 1359 Ecclesia,
611 1299 675 1361 cujus
686 1302 720 1349 est
734 1298 847 1348 minister.

69 1363 237 1425 haethaeum
248 1386 305 1437 que
314 1374 402 1437 profert
412 1371 547 1436 exprimitur
555 1370 652 1422 intentio
666 1369 784 1434 Ecclesiae,
795 1382 846 1433 que

69 1441 133 1493 nuria
146 1448 173 1497 ad
187 1446 360 1511 perfectionem
377 1445 523 1507 sacramenti,
539 1445 585 1495 nisi
597 1444 735 1495 contrarium
749 1440 849 1494 exterilrs

72 1515 181 1575 aninumr
197 1533 228 1571 ex
241 1521 310 1581 parte
324 1517 425 1568 ministri
435 1517 472 1566 uel
484 1516 617 1580 recipientis
630 1520 804 1567 sacramentum.

96 1585 213 1643 lllertium
223 1591 361 1651 (licendum,
371 1589 441 1653 qultt,
455 1588 509 1639 licet
523 1588 560 1638 ille
577 1588 617 1652 qui
632 1587 691 1638 aliud
705 1587 788 1651 regitat
803 1602 849 1641 nun

74 1651 251 1714 hlutruuatem
271 1663 437 1724 intentionem,
451 1661 522 1711 hahet
536 1664 613 1711 tamen
625 1659 779 1725 habitualem,
799 1676 850 1725 qna

70 1726 132 1781 wilci
142 1736 168 1784 aul
179 1734 352 1800 perlectionem
365 1732 518 1797 sacramenti,
532 1732 587 1797 putl
598 1731 649 1783 chm
667 1734 771 1783 sacerdos
783 1746 849 1785 acce·

67 1797 110 1852 ltus
118 1807 141 1855 ad
151 1808 333 1873 baptizandum,
346 1806 444 1856 intendit
454 1807 528 1857 lacere
542 1805 601 1855 circa
613 1803 772 1870 baptizandum
790 1807 850 1869 quud

69 1870 107 1923 lau't
116 1877 308 1942 turstanum,
318 1878 338 1928 si
347 1881 435 1943 postea,
444 1878 528 1942 inipso
540 1877 646 1928 exercitio
655 1876 720 1927 actile
725 1914 733 1940 ,
744 1876 849 1941 cogitatio

68 1944 104 2007 tine
115 1950 139 2000 atl
151 1952 193 2003 alia
206 1952 324 2016 rapiatur,
342 1963 373 2000 ex
385 1950 469 2000 virtute
486 1950 566 2015 primm
586 1948 719 2000 intentionis
736 1950 850 2013 perficitur

67 2027 221 2088 tenementum
234 2020 346 2087 quamvis
360 2020 460 2071 studiest
471 2034 548 2071 curare
561 2020 641 2071 debeat
657 2019 791 2070 sacramenti
807 2018 851 2068 mi·

67 2087 132 2155 rute,
143 2102 168 2145 ut
178 2096 250 2147 etiam
266 2092 384 2144 actualem
397 2091 545 2143 intentionem
560 2093 672 2143 adhibeat.
690 2092 735 2142 seh
747 2094 791 2142 huc
803 2104 850 2141 nun

65 2164 92 2210 tsl
100 2166 191 2219 letaliter
204 2165 313 2233 pesitum
325 2164 352 2213 in
363 2165 463 2215 hominis
474 2168 604 2229 potestate,
615 2164 668 2228 quia
682 2167 764 2227 praeter
773 2164 850 2213 inten-

65 2232 147 2304 torum,
160 2240 211 2291 chm
225 2242 302 2291 home
315 2237 369 2285 vult
383 2235 477 2287 multllm
493 2237 621 2301 intendere,
638 2235 719 2300 incipit
733 2234 776 2285 alia
789 2234 851 2298 cugi-

66 2304 114 2370 ἴδη,
125 2311 251 2364 secuutlrm
267 2308 331 2360 illud
352 2306 446 2359 Prutm.
464 2308 556 2359 lllllllll
571 2323 577 2357 :
595 2308 660 2359 «Cur
675 2318 752 2357 meum
767 2304 850 2357 dereli-

65 2377 101 2438 Μ
111 2396 153 2435 ne.
164 2403 179 2435 n
