1942 3284
120 191 166 240 did
280 197 483 246 sorensrrnrtron,
497 195 594 242 oossr.
607 195 634 243 v,
648 193 704 232 aar.
722 196 754 232 ιι.

149 274 285 341 despondeo
297 273 436 336 dicendum,
449 269 510 336 quod
526 267 632 322 contritio
643 271 720 332 potest
728 269 862 334 dupliciter
871 282 928 323 eon·

119 346 232 399 siderari:
243 343 437 408 relinquantum
448 346 547 408 estpars
559 339 696 403 sacramenti
700 376 710 404 ,
718 339 760 390 rei
773 339 928 404 inquantum

120 421 156 467 est
168 419 234 467 actus
245 414 350 474 monis,
361 417 385 464 et
397 416 494 476 utroque
502 411 570 462 modo
583 414 620 462 est
629 421 699 461 musa
707 408 862 462 remissionis
874 422 928 476 pet·

120 487 175 550 cati,
187 487 228 538 sed
242 483 409 546 diversimodd3
419 483 474 546 quia
485 483 513 533 in
526 485 636 544 qnantum
656 484 761 545 estpars
773 483 926 541 sacramenti.

120 557 194 624 primo
203 559 308 620 operatur
320 557 349 607 ad
360 553 518 606 remissionem
528 551 619 618 peccati
630 551 854 616 instrumentaliter3
866 553 927 604 sient

120 633 146 680 et
159 629 190 679 de
200 628 251 678 aliis
263 624 444 676 sacramentisin
455 625 465 675 1
475 625 531 676 dist.
542 623 612 675 sore
625 622 675 678 iv„
684 625 761 686 patet3
771 621 799 673 in
811 626 927 687 qnanmm

120 701 197 748 antem
208 700 245 749 est
253 699 319 747 aetus
329 695 436 758 virtutis,
447 696 481 745 sio
493 698 530 745 est
542 693 610 757 qnasi
620 704 690 745 odom
702 692 926 746 mimidonenis

119 767 194 820 sionis
213 767 319 830 peccati,
333 777 362 816 eo
378 765 440 829 qnod
461 763 582 828 dispositio
599 767 636 814 est
653 761 722 826 quasi
741 765 880 816 necomitas
896 765 926 817 ad

117 836 317 902 iustificationenr3
337 835 458 900 dispositio
477 839 554 884 entem
567 832 681 885 reducitur
693 833 724 884 ad
738 844 840 885 mosam
851 839 926 890 mate

120 908 213 970 dalem,
226 907 247 958 si
259 905 382 971 accipiatur
395 905 580 970 dispositioque
591 903 693 968 disponit
705 904 832 954 materiam
845 907 876 957 ad
888 919 926 958 re-

120 979 268 1043 cipiendum
281 989 350 1028 secus
362 980 439 1029 antem
451 979 488 1027 cst
504 975 533 1026 de
546 973 696 1038 dispositione
708 975 843 1038 agentmad
856 988 927 1041 rpen-

120 1050 175 1100 dum
185 1087 193 1112 ,
203 1049 257 1113 qnia
270 1049 308 1100 iila
321 1047 435 1098 reducitur
447 1049 474 1098 ad
489 1059 562 1110 geom
573 1058 649 1096 cansa
658 1045 794 1097 efficientis.

151 1121 187 1172 Ad
195 1121 292 1184 primun
305 1131 359 1182 ergo
372 1118 492 1168 dicendum
499 1153 509 1180 ‚
518 1115 581 1180 qnod
591 1117 654 1168 solus
663 1117 724 1166 Deos
737 1121 776 1168 est
789 1129 862 1170 musa
873 1120 923 1170 eiii·

121 1190 186 1242 ciens
199 1189 333 1254 principalis
353 1187 493 1239 remissionis
515 1186 617 1250 peceati3
637 1187 677 1238 sed
696 1199 766 1238 cansa
785 1187 922 1252 dispositiva

121 1264 197 1324 potest
214 1260 283 1311 etium
299 1271 351 1310 esse
374 1271 403 1308 ex
415 1259 492 1309 nohis.
510 1259 540 1308 Et
553 1257 658 1308 similitor
670 1258 742 1309 etiam
760 1271 833 1310 cansa
845 1271 922 1310 saon

120 1329 237 1392 mentalis,
250 1329 303 1393 quia
315 1328 395 1379 forme
409 1332 599 1380 sacramentorum
613 1327 682 1379 uerou
694 1327 775 1378 sunta
789 1329 860 1380 nobis
871 1342 922 1392 pro-

121 1399 180 1463 lata,
193 1411 246 1464 qna
259 1399 345 1450 habent
356 1399 463 1450 virtutem
474 1398 668 1450 instrumentalem
685 1397 813 1450 ioduoenffi
824 1401 918 1463 madan

119 1481 165 1534 qna
176 1471 270 1534 peecata
281 1468 437 1521 remittantur.

149 1541 184 1592 td
203 1541 327 1592 meandum
344 1540 480 1602 dicendum,
492 1538 553 1602 quod
565 1539 652 1602 peooeti
665 1539 772 1590 remissio
790 1553 841 1592 noo
850 1541 917 1592 modo
960 1580 961 1605 p

119 1610 226 1678 precedit
238 1611 346 1662 uirtutem
359 1615 384 1662 ct
400 1609 479 1675 gratio
493 1609 649 1669 infusionem,
661 1609 742 1660 etalio
756 1611 829 1661 modo
841 1611 917 1674 sepni-

120 1687 174 1746 tur3
187 1685 212 1733 et
224 1681 350 1732 secundino
367 1682 412 1732 irco
423 1680 483 1744 qnod
494 1679 606 1741 seqnitur,
618 1682 685 1730 actus
696 1678 712 1730 d
725 1679 817 1731 uirtute
831 1681 916 1732 elicitus

120 1756 196 1816 potest
207 1763 258 1804 esse
268 1763 336 1802 cansa
345 1749 422 1816 aliqua
432 1749 572 1801 remissionis
584 1749 682 1813 peccati

150 1823 285 1876 odientium
296 1822 425 1886 dicendum,
439 1820 499 1884 quod
511 1820 652 1883 dispensatio
661 1821 915 1887 eucharistinpertioet

118 1892 274 1944 administros
291 1891 414 1956 Ecclesiam
434 1896 458 1944 et
469 1891 525 1942 ideo
535 1893 588 1941 ante
600 1890 759 1944 remissionem
772 1893 865 1957 peceati
876 1906 915 1957 per

119 1963 235 2014 ministros
246 1963 354 2015 Ecclesiae
365 2001 372 2022 ,
386 1977 433 2016 oon
447 1961 609 2025 denotationis
626 1964 656 2013 ad
669 1963 840 2015 tinctoristinm
850 1975 915 2016 aeet-

117 2034 185 2097 derr,
199 2033 304 2096 quamvis
320 2031 351 2082 sit
360 2033 406 2084 sihi
421 2034 489 2100 culpa
500 2033 574 2097 qooad
589 2033 662 2084 Deum
670 2034 778 2086 omissa.

409 2209 611 2262 roncorosrr.
960 2205 962 2277 p

171 2331 575 2388 oteomconarraacpouorcadrrer
585 2333 859 2392 summm

147 2455 323 2508 odorandum
347 2456 380 2506 sie
399 2456 539 2520 proceditur.
553 2457 648 2508 Videtur
660 2457 724 2520 quod
740 2461 849 2512 contritio
867 2473 910 2513 nott
960 2456 962 2523 i

117 2527 190 2593 possit
212 2527 313 2578 totaliter
324 2527 402 2578 tollere
418 2530 505 2578 recturo
518 2539 606 2592 pono,
620 2529 673 2592 qnia
683 2529 811 2582 satisfactio
823 2534 847 2582 et
857 2544 911 2582 ons

118 2599 188 2652 iessio
201 2598 332 2650 ordinantur
347 2597 376 2648 ad
389 2597 547 2649 liberationem
564 2598 655 2650 dreatn
671 2612 754 2664 peno.
774 2600 821 2651 Sed
837 2603 910 2652 nolim

116 2671 148 2721 ita
159 2668 259 2736 perfecte
271 2668 403 2731 conteritur,
415 2668 469 2732 quin
480 2672 585 2732 oporteat
599 2682 652 2719 enm
670 2669 774 2721 mndteri
785 2674 810 2722 et
822 2671 909 2722 comte

118 2753 179 2792 cere.
199 2739 260 2803 Ergo
281 2738 387 2790 contritio
400 2751 514 2801 nunquam
527 2744 564 2789 est
580 2743 662 2802 tenta,
677 2742 740 2804 qnod
753 2742 830 2793 delent
840 2746 909 2794 otum

116 2815 214 2860 matum.

145 2882 170 2927 ι.
181 2879 302 2942 Praeterea,
311 2877 334 2927 io
348 2877 482 2940 penitentia
494 2881 585 2942 oportet
594 2890 647 2931 esse
659 2879 763 2943 eosdm
778 2892 906 2944 reeompen-
