1942 3284
144 197 231 244 oureus
246 197 364 238 coumnr
381 199 475 238 suurn
490 200 603 240 nrum
618 200 713 240 uxorio
782 191 829 240 ⁸18

63 275 95 325 id
107 278 212 338 quartum
222 275 360 339 dicendum,
375 274 437 339 qudd
447 289 532 340 orgum
549 277 650 342 corporis
662 278 747 342 quibus
765 281 829 330 actus

37 345 122 410 peccati
130 350 264 397 exercentur
276 346 424 412 sonipedes,
437 361 529 412 manus,
539 353 563 400 et
569 350 657 413 lingua,
666 349 749 413 quibus
759 349 829 401 etiam

35 417 147 468 exhibetur
156 417 244 480 ructio
259 419 282 468 ct
293 418 395 468 membro
408 419 524 482 genitalia,
535 421 618 484 quibus
629 425 721 485 propter
731 421 829 472 immun·

36 487 110 538 ditium
122 487 211 538 iliorum
221 487 334 552 partium,
351 492 376 539 et
385 489 529 540 honestatem
541 491 688 555 sacramenti,
701 503 748 542 uon
761 489 831 555 debet

34 558 108 610 unedo
120 558 231 610 adhiberi.

322 665 480 720 inmensos
493 645 544 718 riu.

59 789 143 836 Utrum
156 790 265 836 mutilati
279 790 376 836 debeam
393 791 482 848 inrupi
497 791 524 835 c'ro
536 790 667 839 tiliodium
677 793 794 849 partibor.

60 917 92 967 hd
113 917 239 967 secuudum
258 915 293 966 sic
307 915 447 980 proceditur.
462 915 563 967 Videtur
581 916 643 980 qudd
661 918 760 969 mutilati
778 931 825 971 uon

33 991 83 1038 suut
93 986 218 1052 inungendi
230 987 255 1036 iu
274 986 320 1038 illis
338 986 403 1038 dictis
419 987 531 1052 partibus.
542 987 601 1048 Quis
615 987 674 1039 sium
690 990 736 1039 boc
750 1003 827 1041 sacru-

33 1061 130 1110 mentum
145 1057 217 1122 erigit
227 1057 399 1118 determinetum
414 1057 589 1122 dispositionem
598 1059 623 1109 in
636 1059 790 1124 suscipiente,
801 1065 828 1112 ut

34 1128 115 1181 scilieet
128 1129 160 1180 sit
171 1129 289 1194 infirmus,
304 1129 336 1180 ita
346 1133 369 1182 et
379 1129 555 1182 determinatum
570 1133 668 1196 purtem.
679 1131 722 1182 Sed
734 1132 774 1184 iiie
786 1132 827 1197 qui

30 1214 72 1254 noo
85 1202 155 1254 hebet
170 1202 339 1265 infirmitatem,
352 1215 396 1254 uon
411 1205 486 1266 potest
500 1202 591 1267 inungi.
606 1203 666 1266 Ergo
679 1216 723 1254 uec
733 1204 773 1255 ilie
784 1205 825 1269 qui

32 1285 75 1324 uon
84 1273 155 1324 hebet
168 1275 256 1338 partem
268 1271 340 1336 iliam,
354 1273 380 1323 in
391 1285 436 1337 qua
449 1273 518 1323 debet
528 1274 578 1324 heri
590 1273 676 1325 unctio.

60 1348 84 1395 ς.
97 1347 226 1407 mererer,
239 1342 278 1393 ilie
292 1343 332 1408 qui
342 1347 378 1396 est
392 1343 492 1395 ceored
507 1345 644 1407 nativitate,
658 1357 705 1396 uon
718 1344 831 1411 delinquit

30 1427 68 1478 per
80 1416 164 1468 visum.
181 1413 227 1465 Sed
241 1414 266 1464 iu
287 1415 395 1467 unctione
413 1429 464 1480 que
477 1415 505 1466 ut
520 1416 545 1466 in
556 1416 643 1476 oculis,
658 1415 684 1466 ht
697 1416 782 1468 mendo
799 1416 830 1468 de

30 1486 108 1538 delicto
118 1499 161 1552 per
175 1485 256 1537 risum.
267 1485 326 1551 Ergo
337 1488 391 1538 tuiis
404 1487 483 1539 unctio
495 1499 557 1539 ceco
568 1492 622 1538 nuto
634 1500 682 1538 uou
691 1488 759 1540 debet
768 1487 828 1554 berh

30 1561 52 1610 ct
67 1558 100 1610 sic
115 1560 144 1610 de
159 1557 219 1608 eliis.

56 1631 98 1682 Sed
111 1634 190 1682 ooutra
203 1633 247 1693 cst,
262 1630 323 1695 qubd
341 1629 443 1682 deiectus
459 1629 560 1696 corporis
571 1642 618 1682 uon
631 1629 729 1693 impedit
738 1627 830 1693 diodor

28 1702 86 1754 uliud
102 1705 282 1753 sacramentum·
298 1703 359 1766 Ergo
371 1715 415 1753 uec
436 1702 499 1754 istud
515 1701 626 1767 impedire
640 1701 717 1751 debet.
730 1700 777 1750 Sed
799 1702 828 1752 de

28 1774 161 1826 necessitate
181 1774 244 1826 iilius
268 1773 403 1826 sacrementi
425 1779 462 1826 est
480 1773 586 1839 quelibet
605 1771 748 1823 unctionum.
768 1773 829 1838 Ergo

27 1858 104 1896 omncs
120 1845 206 1898 debent
218 1843 268 1896 fleri
282 1845 404 1897 mutilatis.

59 1918 223 1981 (dormusro.
232 1943 264 1954 ·-
273 1917 383 1980 nubilari,
398 1916 452 1967 cdrm
468 1915 582 1980 potentius
596 1915 677 1966 unimur
693 1914 740 1966 iliis
750 1926 828 1965 urem-

28 1987 72 2039 bris
83 1988 174 2038 debitus
187 1987 302 2050 hubesut,
312 1992 336 2039 et
348 1989 402 2039 ideo
413 1985 511 2038 interibo
524 1999 618 2052 pcrmre
625 1985 727 2050 posu'u23
740 1986 765 2035 iu
775 1997 829 2050 prr·

32 2058 91 2110 tibus
102 2057 209 2124 proxime
223 2059 382 2110 accedentibus
394 2060 422 2110 ud
436 2058 588 2124 diasprum,
599 2057 682 2122 quihus
695 2055 829 2107 aiidsinuu·

29 2133 144 2193 gerenbrr,
156 2129 238 2193 inungi
254 2129 367 2194 debent.)

56 2200 195 2266 Respondeo
215 2199 352 2263 dicendum,
366 2200 427 2265 quod
449 2200 547 2250 mutilati
564 2199 635 2250 otium
650 2199 731 2262 inrupi
743 2199 828 2251 debent

27 2272 111 2334 qumod
125 2269 277 2336 propinquibs
288 2271 338 2322 heri
345 2275 422 2336 potest
431 2273 459 2322 ud
467 2274 545 2336 portes
553 2270 615 2333 illus,
623 2271 649 2321 iu
657 2271 739 2334 ouibus
749 2270 829 2322 unedo

29 2342 77 2394 beri
93 2343 217 2407 debuerrt;
231 2343 285 2406 quie
299 2342 405 2406 quumvis
426 2355 472 2392 nou
492 2343 591 2394 brbeuut
607 2343 723 2402 membru,
742 2341 830 2392 habeut

26 2416 103 2465 tamen
117 2413 232 2480 potentiss
243 2411 324 2463 anime
336 2425 387 2476 quo
399 2412 445 2463 iliis
458 2411 567 2464 membris
580 2412 699 2474 debentur,
708 2411 789 2461 mitem
802 2409 827 2460 iu

26 2485 114 2548 rodico3
127 2489 150 2536 et
164 2483 261 2536 intends
270 2496 365 2549 peccrre
378 2487 474 2548 possunt
484 2497 526 2548 per
538 2496 567 2535 er
579 2497 630 2549 que
643 2483 671 2534 ud
684 2485 763 2547 partes
774 2481 828 2533 ihus

26 2556 154 2618 pertinent,
168 2555 275 2620 quumvis
287 2568 333 2607 uon
343 2555 452 2607 exteribs.

56 2626 85 2678 ht
97 2639 139 2692 per
152 2627 196 2678 boc
204 2629 273 2692 putet
293 2627 376 2678 solutio
389 2628 418 2679 ud
430 2627 530 2692 objectu.
