1942 3284
223 202 253 238 us
269 201 425 240 escussario
440 201 654 240 courrnuarronrs.
792 193 837 240 215

46 272 114 336 pessit
121 284 173 324 esse
181 272 253 334 salue,
263 273 318 322 dum
330 276 405 324 tamen
414 286 461 330 nen
468 271 655 336 praetermittatur
663 285 693 324 en
704 277 838 338 contemptu

45 343 182 394 sacramenti.

72 415 218 476 sequanum
234 415 369 477 dicendum,
387 414 449 479 qubrl
462 415 497 466 illi
510 414 550 478 qui
565 415 759 470 confirmatiuuem
779 417 838 468 acci·

44 486 173 549 piretune
186 490 224 536 est
233 490 400 540 sacramentum
417 485 566 550 plenitudinis
582 487 672 551 gratie,
682 487 772 539 Cbristc
785 501 840 539 cuu-

45 557 178 621 lcmrantur,
195 557 350 620 inquantum
367 557 434 621 ipse,
453 557 554 622 iprimo
569 557 663 610 instanti
683 573 730 609 sue
744 572 841 623 concep·

45 626 117 690 tanis,
132 627 177 676 luit
189 629 274 692 plenus
282 628 360 690 gratiae
373 632 397 678 et
406 628 520 690 veritatis,
529 631 554 678 ut
564 628 646 680 dicitur
655 630 738 687 donn„
749 631 768 680 l.
784 630 838 688 Qun
947 659 948 674 r

45 698 125 760 quidem
138 701 262 763 plenitudo
276 700 389 750 declarata
406 704 443 750 est
454 699 479 750 lu
494 699 624 764 baptismo,
640 702 729 764 quande
741 701 840 766 Spiritus
862 715 866 724 ·
947 701 948 718 ¹

49 775 127 821 medus
140 771 261 822 descendit
278 771 389 835 corporali
401 771 477 836 specie
492 785 559 837 super
575 785 637 823 euna.
652 772 716 826 Unde
729 776 754 822 et
767 773 838 829 Luc,

46 841 82 902 lv,
93 840 175 892 dicitur
193 842 256 906 qudi
274 859 288 891 u
300 842 368 898 lesus
381 844 464 906 plenus
480 841 569 906 Spiritu
584 846 662 898 sancte
675 857 791 906 regressus
804 848 841 894 est

45 911 169 964 llurdane.
182 931 197 961 a
208 915 260 965 Non
276 918 354 966 autem
369 915 518 966 conueniebat
532 913 637 978 dignitati
651 913 795 978 Cbristl‚qui
805 919 842 966 est

45 981 228 1038 sacramentorum
245 989 339 1047 ducier,
356 990 382 1035 ut
400 985 414 1035 a
430 989 570 1037 sacramento
581 985 746 1049 plenitudinem
759 985 839 1047 gretie

44 1056 156 1118 arriperet.

331 1162 491 1214 tbmcbttts
510 1166 538 1214 ΙΙ.

49 1285 125 1331 trram
142 1288 252 1334 chrima
265 1289 299 1333 ait
315 1289 455 1333 conveniens
471 1289 574 1333 materia
594 1287 666 1344 dapes
685 1291 839 1333 sacramenti.

71 1414 100 1464 at
115 1416 242 1465 secundum
256 1415 292 1464 sic
303 1413 433 1478 proceditur
441 1413 486 1478 (l).
498 1414 593 1465 Videtur
606 1412 667 1476 qudd
681 1413 778 1466 chrisma
794 1428 840 1464 uun

47 1481 72 1532 sit
81 1486 221 1541 mureuieus
234 1485 329 1536 materia
343 1485 412 1548 hujus
424 1484 570 1536 sacramenti.
581 1486 628 1536 llec
638 1484 702 1536 euim
713 1497 842 1538 sacramen·

48 1557 100 1615 tum,
116 1561 141 1605 ut
158 1557 246 1606 dictum
264 1560 300 1609 est
317 1556 375 1620 (art.
392 1558 430 1618 1),
445 1555 576 1606 institutum
597 1559 633 1606 est
650 1553 766 1612 iCbrislo
784 1569 841 1619 pro·

48 1623 139 1678 mittente
150 1627 275 1692 discipulis
286 1626 393 1690 Spiritum
409 1629 523 1676 sanctum.
537 1627 580 1678 Sed
595 1626 645 1689 ipse
662 1625 724 1676 misit
740 1625 773 1676 eis
788 1626 840 1690 Spi-

48 1695 106 1748 ritum
116 1705 223 1757 sanctum
237 1699 324 1761 absque
337 1698 399 1748 omni
412 1697 544 1748 chrismatis
557 1695 698 1750 inunctione.
711 1697 759 1765 lpsi
771 1697 839 1748 etiam

49 1771 133 1830 aposluli
146 1773 193 1822 bec
208 1773 374 1825 sacramentum
386 1768 535 1820 mulerebaut
548 1782 588 1831 per
606 1768 678 1818 sulam
692 1767 774 1819 nands
792 1769 842 1820 int-

49 1840 192 1905 pusiticuem,
206 1842 293 1904 absque
308 1839 442 1903 cbrismete;
451 1839 534 1893 dicitur
553 1839 615 1890 euius
628 1839 695 1896 rtet„
706 1839 765 1900 Vlll,
780 1838 839 1903 qudd

51 1913 155 1974 uapusteli
170 1911 322 1975 imponebant
331 1923 414 1963 manus
427 1924 495 1974 super
510 1909 648 1974 baptizatos,
664 1914 688 1961 et
697 1910 841 1974 accipiebant

50 1979 145 2042 Spiritum
155 1989 272 2035 sanctum.
287 1984 372 2046 »Erga
386 1982 485 2037 chrisma
499 1985 593 2033 nuncet
612 1983 707 2034 materia
721 1983 790 2046 buius
807 1997 842 2034 sa·

51 2057 160 2117 crementi,
172 2055 231 2120 quia
249 2053 346 2104 materia
362 2057 398 2104 est
410 2056 438 2104 de
448 2054 584 2104 necessitate
596 2053 738 2104 sacramenti.

76 2129 96 2174 t
109 2125 382 2188 Preterea,ccufirmatiu
396 2126 562 2189 quedammodo
574 2125 664 2189 perficit
677 2119 847 2180 sacramentum

53 2192 154 2260 baptismi,
167 2199 232 2250 sicul
242 2196 312 2261 suprd
326 2197 461 2255 dictumest
476 2201 525 2260 (qu.
538 2200 578 2258 65,
593 2199 637 2246 art.
646 2198 686 2259 l);
701 2195 765 2246 etita
775 2196 842 2246 debet

54 2265 70 2313 ei
79 2269 221 2331 euuicrmari,
236 2268 412 2332 sicutperlectio
426 2267 570 2332 perfectibili.
586 2266 630 2318 Sed
644 2266 669 2316 in
680 2267 792 2330 baptismo
805 2271 842 2318 est

55 2339 134 2389 malene
148 2340 247 2405 simplex
263 2340 410 2403 elementum,
424 2338 511 2390 scilicet
528 2351 595 2402 aqua.
614 2339 673 2400 Ergo
688 2338 757 2401 hujus
770 2350 844 2391 sacra·

56 2411 112 2460 menti
127 2425 172 2462 uon
187 2415 225 2463 est
241 2410 384 2462 conueniens
397 2411 494 2461 materia
518 2409 616 2462 chrisma
627 2447 633 2473 ,
646 2409 707 2472 quot
726 2409 845 2460 cenllcitur

57 2489 79 2525 m
93 2481 175 2534 eleuet
189 2483 300 2533 babamu.

81 2555 101 2601 3.
116 2554 234 2617 Praeterea,
247 2555 322 2605 eleum
335 2552 458 2603 assumitur
472 2552 498 2602 in
515 2551 609 2602 materie
624 2551 693 2614 buius
709 2551 843 2602 sacramenti

59 2619 81 2668 ud
93 2623 254 2688 inungendum.
267 2625 311 2675 Sed
324 2624 426 2688 quolibet
437 2625 488 2674 cleu
501 2625 578 2687 putest
592 2623 643 2673 lieri
655 2622 775 2685 inunctio,
787 2621 843 2686 putd

86 2782 113 2842 ill
127 2788 157 2832 lle
174 2786 211 2833 bis
232 2787 303 2833 etiam
317 2785 391 2844 iniri,
404 2797 445 2840 qu.
466 2783 507 2842 dd,
520 2791 564 2829 art.
587 2782 614 2841 l,
627 2785 657 2828 nd
680 2782 708 2836 1;
724 2789 750 2827 ut
763 2787 787 2826 et
800 2783 842 2837 lv,

59 2840 123 2894 Stat..
134 2849 185 2895 dist.
197 2851 225 2905 l,
240 2861 281 2905 qu.
304 2847 333 2905 l,
348 2853 391 2894 art.
408 2850 437 2905 b,
452 2847 590 2904 querimur.
606 2845 618 2890 1
635 2845 699 2899 et23
715 2851 738 2890 et
752 2845 843 2893 torrere

62 2904 128 2960 Geni„
139 2909 179 2958 lib.
190 2906 233 2970 IV,
248 2923 302 2967 cap.
314 2911 354 2955 tid.
