1942 3284
169 159 255 205 oureus
271 159 390 198 conmuni
404 160 496 198 nram
511 161 624 201 uxrem
639 161 735 199 nrrcrro.
804 153 851 201 ιιι

68 235 587 300 (coscnns10.-flocuelamentumoun
601 235 633 287 sit
645 236 771 300 spiritualis
785 252 850 301 quc·

27 309 91 359 dam
105 306 218 368 curatio,
234 319 284 370 que
298 319 340 370 per
350 308 470 370 quemdam
484 305 607 370 corporalis
621 307 745 359 curationis
757 309 852 360 modum

25 378 201 444 significatur,
217 379 280 429 canis
294 378 393 429 conferri
407 391 453 428 non
466 376 553 442 debet.)

66 450 215 514 Respondeo
235 450 368 512 dicendum,
384 449 444 512 qnod
462 450 507 499 lroc
520 452 686 500 sacramentum
699 454 736 501 εει
748 452 852 514 quedam

31 519 176 586 spiritualis
190 521 286 581 curario,
302 523 329 570 ιιι
342 519 406 585 prids
423 519 508 569 dictum
521 523 556 568 est
569 519 622 583 (qn.
641 525 681 583 ιο,
693 524 736 571 art.
753 523 852 585 ltqum

31 593 141 654 quidem
152 605 193 655 per
205 592 325 655 quemdam
339 590 461 654 corporalis
468 590 592 641 curationis
600 593 692 642 modum
700 593 849 656 significator.

31 665 66 714 Et
81 663 143 714 idco
164 663 210 713 illis
228 663 310 725 quibus
324 663 446 727 corporalis
461 663 548 712 curatio
561 675 607 713 non
623 664 749 727 competit,
764 663 852 716 militet

33 735 127 800 sanis,
147 747 195 785 non
212 735 282 786 debet
299 737 344 786 lroc
360 739 526 785 sacramentum
544 735 650 785 conferri.

72 808 113 858 ad
123 806 223 870 primum
232 819 285 868 ergo
293 807 430 868 dicendum,
441 805 502 870 quod
511 806 618 869 quemuis
629 807 754 870 spiritualis
764 808 852 860 sanitas

35 879 69 929 sit
83 877 226 942 principalis
239 877 334 929 effeetus
347 877 416 941 liujus
430 876 565 927 sacramenti
574 913 583 939 ‚
592 881 669 927 tamen
681 883 772 942 oportet
788 878 853 943 quod

36 963 84 1014 per
95 949 241 1000 orarationem
253 950 391 1012 corporalem
398 947 540 1011 significetur
549 946 636 998 omatio
646 948 771 1011 spiritualis
780 951 849 1014 hujus

38 1020 199 1082 sacramenti,
215 1019 305 1070 etiamsi
320 1019 443 1084 corporalis
460 1018 547 1068 sanatio
561 1031 610 1069 non
623 1023 741 1082 sequatur.
756 1022 785 1070 Et
798 1020 851 1072 ideo

39 1091 123 1142 sollrrn
134 1091 182 1141 illis
191 1093 236 1142 lroc
246 1095 386 1142 sacramento
400 1089 487 1140 sanitas
496 1089 622 1152 spiritualis
635 1089 683 1139 dari
694 1094 785 1154 potest,
799 1092 853 1155 qui·

37 1161 88 1212 lius
103 1162 230 1226 corporalis
247 1162 331 1214 curatio
349 1161 473 1226 competit,
493 1161 583 1210 scilicet
600 1161 711 1224 infirmis3
734 1163 793 1212 sicut
810 1163 854 1215 ille.

42 1234 113 1284 solus
128 1236 206 1296 potest
217 1233 354 1298 baptismum
370 1233 505 1297 suscipere,
516 1231 556 1294 qui
568 1235 644 1296 potest
654 1233 776 1296 corporalis
787 1233 852 1284 abln-

42 1303 121 1354 tionis
134 1317 184 1354 ease
197 1305 329 1368 particeps,
344 1318 390 1354 non
405 1307 480 1354 antem
494 1316 552 1367 puer
567 1304 592 1352 in
604 1307 685 1353 ventre
701 1303 779 1354 matris
790 1305 851 1356 exie-

43 1377 117 1435 tens,
133 1379 159 1424 ut
175 1375 307 1426 dictumest
323 1376 381 1440 (lll.
394 1378 463 1439 part,
479 1389 518 1437 qn.
535 1379 575 1437 68,
589 1378 633 1424 art.
646 1378 674 1424 11
685 1374 705 1438 ).

77 1446 114 1496 Ad
127 1446 252 1496 secuudum
265 1447 397 1511 dicendum,
413 1446 553 1510 quodetiam
566 1445 693 1509 baptismus
702 1459 750 1496 non
759 1451 794 1496 est
804 1445 853 1496 nisi

41 1516 140 1566 illorum
154 1517 300 1579 intrantium,
312 1519 351 1580 qui
363 1517 473 1581 corporali
483 1516 595 1567 ablutioni
607 1515 692 1579 subjici
705 1520 810 1578 possunt.
822 1518 852 1566 ldt

42 1585 96 1638 idco
118 1589 164 1637 hoc
177 1593 343 1638 sacramentum
357 1589 447 1638 illorum
460 1587 552 1638 tantiam
566 1587 703 1638 exeuntium
713 1592 759 1648 est,
768 1586 853 1650 quibus

44 1657 174 1722 corporalis
185 1659 272 1710 curatio
287 1658 404 1724 competit.

347 1837 508 1887 Anniculus
523 1837 552 1886 ll.

54 1961 142 2006 Uirium
157 1959 199 2005 doc
208 1965 386 2006 sacromentum
396 1962 452 2006 duri
461 1962 544 2006 debent
552 1960 580 2004 in
588 1959 693 2016 partinet
703 1959 851 2017 infirmitate.

83 2087 117 2137 ud
128 2087 249 2136 secundum
262 2087 296 2136 sic
305 2087 440 2151 proceditur.
455 2087 550 2137 Videtur
561 2085 622 2148 quod
633 2087 677 2135 lroc
685 2089 852 2136 sacramentum

54 2157 103 2208 dari
116 2157 197 2208 debeat
210 2157 346 2220 inqualibct
357 2157 496 2208 infirmitate.
510 2157 568 2215 Quia
581 2158 646 2213 duc„
662 2157 697 2219 V,
710 2157 750 2206 nbi
764 2159 808 2206 huc
817 2169 855 2207 sa·

53 2235 193 2279 crementum
212 2229 323 2290 traditur,
337 2229 399 2278 nulla
418 2229 540 2278 infirmitas
560 2228 730 2278 determinatur.
751 2229 811 2292 Ergo
828 2228 854 2278 in

56 2299 159 2349 omnibns
172 2299 341 2349 infirmitatibus
354 2300 422 2350 delret
432 2301 477 2349 hoc
487 2303 655 2349 sacramentum
671 2299 777 2351 conferri.

88 2375 113 2422 a.
127 2371 255 2434 eruerer,
265 2371 352 2434 quantd
364 2370 489 2424 remedium
498 2375 535 2420 est
542 2369 641 2432 dignius,
650 2371 714 2420 tanti
724 2371 791 2420 dehet
803 2383 855 2422 esse

56 2441 192 2504 generalius.
204 2445 248 2494 Sed
260 2444 304 2494 hoc
315 2445 481 2492 sacramentum
495 2444 532 2492 est
550 2439 641 2502 dignius
657 2441 726 2504 qudm
739 2439 855 2490 medicina

58 2513 186 2575 corporalis.
205 2513 263 2564 Cum
284 2527 339 2576 ergo
360 2511 474 2564 medicina
491 2511 614 2576 corporalis
635 2511 742 2561 omnihus
760 2511 857 2562 infirmis

59 2581 132 2646 detur,
145 2585 235 2636 uidetur
251 2584 312 2648 quod
330 2586 399 2634 etiarn
416 2586 461 2634 hoc
478 2585 652 2635 monumentum.

88 2655 132 2708 Sed
143 2660 220 2706 contra
235 2671 240 2704 :
255 2657 302 2706 linc
314 2659 481 2707 sacramentnm
496 2654 524 2704 ab
535 2654 640 2704 omnibns
650 2652 733 2702 dicitur
745 2654 853 2705 extreme

59 2727 179 2778 unctionis.
195 2728 241 2778 Sed
261 2741 307 2778 non
322 2728 397 2778 omnis
410 2726 530 2776 infirmitas
543 2727 571 2775 ad
585 2728 713 2774 extremum
731 2723 785 2772 uite
799 2735 853 2786 per·-

61 2796 128 2860 ducit,
143 2798 194 2848 clrm
205 2799 307 2862 quadam
321 2799 467 2862 egritudines
480 2799 527 2848 sint
539 2809 614 2848 cause
624 2794 734 2859 longioris
744 2794 812 2857 rita,
826 2796 854 2844 ut

64 2867 116 2919 dicit
131 2869 283 2938 Philosophus
301 2870 354 2934 (lio.
372 2871 409 2920 De
425 2868 588 2936 lonqitudr'oe
604 2871 629 2918 et
645 2867 768 2918 breuitate
780 2866 856 2941 vitm,
948 2930 949 2935 Ἰ
