1942 3284
239 127 271 165 oe
286 128 445 166 moneamur
462 128 590 165 sacuuuurr
607 128 643 163 su.
797 119 842 165 757

19 205 123 256 tantiam
134 204 209 256 causa
221 203 473 266 excommunicationis,
485 202 537 253 cum
550 207 627 253 tamen
638 202 740 268 pluribus
752 216 843 255 excom-

19 276 172 329 municatas
181 277 220 326 sit.
231 276 372 338 Quandoque
388 278 466 325 autem
472 280 511 326 ent
521 274 732 325 excommunicatus
739 275 843 340 pluribus

19 347 312 399 excommunicationibus
330 345 456 397 ddiuersis
472 346 603 410 judiciium
615 350 639 397 et
653 349 708 397 tuuc
728 345 843 398 absolutus

19 419 54 469 ab
69 432 120 469 una
138 417 378 471 excommunicatione
402 431 448 468 uon
462 420 555 481 propter
566 419 611 469 hoc
624 421 660 469 est
679 418 799 469 absolutus
812 418 841 466 ab

21 491 118 552 altera,
130 491 179 542 uisi
187 503 268 541 omues
281 490 321 540 alii
333 490 361 540 ad
373 489 509 554 petitionem
518 488 577 553 ejus,
590 489 756 541 absolutionem
769 488 843 553 ipsius

20 562 234 622 confirmaverint,
248 561 342 611 talnisi
353 574 433 611 omues
446 562 584 611 demandent
598 561 638 610 uni
650 560 826 613 absolutionem.

60 636 99 685 ud
108 633 215 698 primum
226 646 281 697 ergo
288 634 418 694 dicendum,
426 632 487 697 qudd
499 633 575 683 omnia
586 637 682 697 peccata
689 634 776 685 habent
788 647 844 683 cou-

22 704 163 755 nexionem
180 705 207 755 iu
224 705 344 754 aversione
355 704 478 754 uoluntatis
490 702 503 753 'a
515 703 570 763 deo,
585 717 637 753 cum
650 717 695 767 qua
706 718 752 755 non
766 708 843 769 potest

23 788 86 827 esse
98 779 253 840 peccatorum
265 776 371 826 remissio
382 790 390 824 z
400 779 425 825 et
438 775 489 826 ideo
502 788 573 824 unum
582 778 700 838 peccatum
709 776 760 827 siue
771 776 843 827 altero

25 847 123 899 remitti
136 860 186 898 non
203 850 286 912 potest.
305 847 351 898 Sed
371 846 619 897 excommunicationes
637 858 683 896 uon
701 846 786 899 hahent
797 847 843 897 ali-

27 931 104 983 quam
122 920 196 969 talem
207 918 381 982 connexionem,
389 932 434 969 uec
446 916 529 968 iterim
543 916 655 968 absolutio
671 918 699 967 at
712 931 843 970 excommu-

29 990 156 1041 nicatione
171 990 295 1054 impeditur
307 996 401 1056 propter
415 988 542 1041 uoluntatis
552 988 745 1051 contrarietatem,
757 996 784 1040 ut
794 991 842 1042 dic-

30 1067 83 1112 tum
98 1066 137 1113 ost
148 1077 155 1111 ε
166 1064 190 1112 et
204 1062 255 1113 ideo
273 1062 331 1113 ratio
343 1076 387 1113 nou
401 1062 513 1125 sequitur.

64 1135 101 1184 ud
111 1134 243 1184 secundum
257 1133 387 1195 dicendum,
400 1133 461 1197 qudd
472 1132 533 1184 sicut
545 1132 648 1196 pluribus
663 1131 691 1183 de
705 1131 780 1183 causis
792 1137 843 1183 erat

29 1201 120 1267 aliquis
133 1206 201 1254 extra
220 1202 403 1265 Eucimiam,ita
419 1202 526 1268 possibile
538 1205 574 1253 est
592 1202 654 1266 quid
667 1203 712 1253 ista
729 1202 842 1267 separatio

30 1279 186 1326 remoueatur
201 1274 311 1339 quantiam
331 1277 360 1325 ad
372 1288 444 1325 unam
466 1286 561 1325 causam
567 1310 576 1336 ‚
591 1277 615 1324 et
629 1276 720 1325 maneat
734 1274 843 1338 qauautirm

34 1350 64 1398 ad
78 1349 191 1397 atteram.

382 1462 501 1473 ...a-...-

302 1602 470 1675 domatio
486 1605 582 1670 XXV.

63 1746 98 1791 De
111 1744 270 1802 dedulpeutt'u
285 1743 419 1788 recitudiam
434 1756 473 1795 ae,
489 1744 518 1787 a'u
532 1746 580 1787 tres
596 1742 714 1787 artaretur
728 1742 818 1787 diuiso.

73 1891 243 1952 Oomsequeuter
259 1888 447 1939 considerandum
459 1890 495 1937 est
508 1887 536 1937 de
551 1882 703 1949 indulgentia.
717 1885 746 1934 ut
758 1885 842 1949 primo,

39 1967 71 2015 de
87 1975 116 2012 ea
132 1958 256 2011 secundum
273 1972 312 2021 se3
329 1956 444 2019 secuudd‚
459 1958 488 2007 de
507 1956 643 2010 iacientibus
661 1956 840 2020 indulgentiam

39 2030 125 2095 tenid,
140 2032 167 2081 de
180 2030 344 2093 recipientibus
362 2042 424 2080 eam.

77 2102 143 2155 Circa
155 2102 254 2166 primum
262 2105 395 2167 quaeruntur
408 2101 451 2151 tria
469 2116 475 2150 a
490 2102 516 2147 κ’
531 2098 610 2150 Utrum
621 2114 664 2164 per
677 2098 842 2163 indulgentiam

44 2174 121 2241 possit
133 2172 216 2237 aliquid
229 2172 316 2223 remitti
330 2174 359 2223 de
373 2186 443 2238 poena
458 2172 619 2223 satisfactoria.
632 2176 658 2219 2⁰
670 2169 750 2221 Utrdm
763 2168 844 2221 indui-

47 2246 131 2311 geutie
141 2243 228 2295 tautim
238 2244 330 2294 valeant
344 2242 455 2307 quantiam
467 2241 652 2307 pronuntiantur.
667 2246 693 2289 3⁰
708 2240 789 2291 Uirium
801 2252 844 2303 pro

47 2314 168 2379 temporali
180 2314 285 2365 subsidio
297 2314 326 2364 sit
337 2313 480 2375 induigentia
494 2312 607 2363 iacienda.
