1942 3284
142 154 175 191 ns
188 152 379 199 submurmurans
393 154 572 198 secernam!
586 155 755 195 mutarn.
801 148 850 206 stt

23 233 77 282 tur
98 227 149 295 (l),
165 233 189 281 et
207 229 268 295 qnid
288 230 375 295 peccati
390 232 522 294 commissi,
536 246 577 297 per
590 231 770 285 satisfactionem
788 235 853 286 radix

29 302 205 365 abscindatur,
222 305 300 353 tamen
312 302 429 366 quodlibet
445 304 526 355 borum
538 318 580 370 pro
592 304 694 369 quolibet
708 307 801 370 peccato
814 318 851 356 sa·

28 372 152 425 tisiacere
165 376 249 437 potest.
262 372 326 425 Unde
335 373 357 425 ei
368 372 465 437 quinon
473 377 551 439 potest
559 389 632 427 annm
643 388 671 427 ex
681 375 718 426 bis
728 375 848 440 perticere,

31 444 180 510 injungitur
190 444 259 506 aliud,
274 447 298 495 et
312 444 426 509 precipui
439 445 603 511 eleemosyna,
618 460 670 511 quae
681 445 778 499 aliorum
787 447 851 499 uices

33 518 156 582 supplere
165 520 252 581 potest,
264 516 409 582 inquantum
424 514 467 567 alia
481 516 646 569 satisfactionis
656 530 726 582 opera
736 531 777 583 per
790 519 851 571 elce·

33 601 168 655 mosynam
177 588 275 655 quisque
283 588 327 641 sibi
337 590 450 639 mercator
460 590 494 651 tt)
501 590 667 654 quodammodo
677 590 702 640 in
712 589 758 641 illis
767 590 851 654 quibus

35 660 219 727 eleemosynam
238 659 326 711 tribuit.
342 658 407 711 Unde
424 673 472 711 non
485 665 576 724 oportet
592 660 653 726 qubo
668 661 688 712 si
705 662 852 729 eleemosyna

37 729 125 784 omnia
140 732 236 783 mundet
249 734 363 796 paccatas
372 734 463 795 pmpter
477 733 523 785 boc
536 731 586 784 alia
596 732 763 785 satisfactiones
772 746 851 798 sopor·

38 806 130 856 lluant.

74 876 112 929 bd
128 879 235 939 quartum
254 873 390 938 dicendum,
407 872 469 939 quid
485 870 590 939 manns
605 874 652 927 sim
669 874 741 926 molta
757 881 851 939 peecata

34 949 70 1017 in
86 948 185 1013 specie,
198 951 274 999 umen
286 946 363 998 omnia
377 946 468 999 udiliae
483 950 530 999 tres
548 946 647 1008 radices,
659 947 697 997 uel
710 946 737 997 ad
751 946 790 997 itta
806 947 852 999 tris

38 1016 195 1085 peecatorum
210 1031 305 1083 genera,
316 1017 401 1083 quibus
414 1016 513 1070 diximus
529 1018 604 1069 dictes
619 1016 786 1069 satisfactiones
803 1030 852 1071 res·

39 1092 161 1159 pondere,
178 1092 326 1143 reducuntur.
791 1152 795 1159 ·

76 1164 113 1217 bd
123 1162 230 1227 quintum
245 1160 379 1224 dicendum,
393 1162 455 1227 quio
465 1160 578 1227 quoquo
594 1163 624 1213 ad
642 1159 788 1231 afflictionem
802 1172 851 1212 cor·

42 1234 112 1303 poris
125 1234 241 1301 pertinet,
253 1236 327 1286 totum
345 1234 375 1286 ad
394 1232 510 1301 jejunium
527 1232 676 1285 talebuntis
696 1230 807 1297 quioquid
825 1228 851 1282 in

42 1305 146 1372 proximi
167 1303 288 1356 utilitatem
310 1303 453 1371 expenditur,
469 1309 544 1357 toturn
566 1304 719 1371 eleemosyna
738 1304 849 1354 ratonem

43 1378 134 1440 habet3
150 1379 174 1428 et
191 1376 296 1429 similiter
308 1390 457 1443 meumque
466 1377 533 1429 latria
546 1376 666 1428 exhibetur
676 1376 732 1438 beo,
741 1373 851 1426 orationis

46 1448 132 1514 accipit
146 1448 266 1502 rationem.
274 1448 303 1499 lit
313 1450 365 1500 ideo
375 1448 445 1500 etiam
453 1462 525 1501 unum
534 1444 850 1514 opuspotesthaborsplures

45 1521 151 1573 rationes
167 1518 328 1573 satislaciendi.

396 1632 503 1649 m

319 1790 490 1863 oleario
507 1790 589 1857 nvi.

96 1934 131 1983 De
143 1926 333 1993 suscipientibus
346 1936 525 1983 sacromentum
536 1932 700 1993 possessio,
715 1932 746 1978 s‘ss
759 1912 807 1978 tres

338 2006 457 2056 articulos
469 2007 561 2055 stisiam

85 2156 173 2241 Quis
188 2156 376 2207 considerantium
391 2160 427 2208 ast
445 2156 473 2207 do
493 2155 672 2222 suscipientibus
687 2158 853 2207 sacramentnm

55 2230 379 2363 1'mgffimeafii'orlquaisneto
400 2297 447 2349 tria
465 2301 513 2349 :1⁰
531 2297 611 2348 litrirm
625 2296 764 2362 poenitentia
781 2296 855 2361 possit

58 2382 107 2421 esse
117 2370 140 2420 iu
152 2369 321 2420 innocentibus.
337 2373 365 2417 2⁰
375 2366 456 2419 iltrbrn
474 2366 500 2422 iu
515 2370 599 2420 mnotis
611 2368 651 2433 qui
664 2373 718 2421 sunt
732 2368 851 2432 ingloria.

60 2440 173 2493 seburim
185 2440 210 2491 in
223 2440 329 2507 angelis,
342 2454 384 2491 seu
397 2439 465 2492 bonis
478 2452 521 2491 seu
535 2440 610 2492 matis.

57 2624 61 2631 ·
90 2612 271 2679 (tttnxtatttm
290 2614 421 2675 Sepdl,
441 2614 855 2675 7:1²erpoopoispoeeos,per

59 2678 108 2725 boc
122 2681 143 2723 et
157 2682 290 2736 torquetur,
303 2678 327 2723 id
338 2684 374 2724 est
381 2678 501 2737 punitur,
516 2677 589 2737 grece
603 2677 736 2735 κολάζεται.
785 2700 787 2702 ’

96 2756 126 2819 (2)
141 2757 174 2804 sio
186 2756 233 2815 legi
245 2756 328 2816 debet,
339 2758 362 2805 id
374 2763 410 2805 est
423 2758 494 2812 emit‚·
506 2758 630 2805 alludendo
643 2757 674 2802 ad
687 2757 743 2802 illust
752 2766 782 2800 ox
791 2756 853 2801 list·

64 2821 135 2881 tbreo,
148 2820 179 2877 X,
193 2832 254 2868 usus.
275 2818 304 2865 il
321 2840 327 2866 ι
345 2822 396 2879 Qui
410 2820 500 2879 recipit
513 2820 610 2879 justum
622 2822 652 2867 is
664 2816 855 2875 oomioejcess,

64 2882 187 2931 moereo
194 2878 259 2941 justi
268 2879 381 2942 accipiet.
