1942 3284
102 198 132 233 os
143 198 182 233 urs
196 198 221 234 ur
235 196 299 241 onos
313 196 373 235 usos
386 198 493 237 cosmon
506 198 625 237 usnemu
637 200 735 237 rorssr.
769 192 816 239 72⁵

24 275 54 323 est
65 272 119 336 (qu.
133 276 174 332 17,
185 276 229 322 art.
249 273 291 337 Ξ),
305 274 397 337 propria
409 274 503 325 materia
514 274 539 325 in
554 289 623 339 quam
635 278 754 327 exercetur
765 290 821 328 usus

24 344 127 406 riarium,
142 348 178 394 est
191 346 259 395 bomo
271 345 385 395 subditus.
396 347 425 395 Et
438 346 492 410 quia
506 360 546 410 per
561 348 729 398 ordinationem
742 348 821 398 Euole-

24 414 56 465 siae
76 429 135 465 unns
152 414 255 466 subditur
270 415 353 477 alteri,
368 416 420 467 ideo
436 416 507 467 etiam
528 432 568 481 per
588 418 695 469 Ecclesiae
714 418 824 483 prelatos

24 488 90 549 onst
106 487 206 536 subtrahi
229 486 355 538 alioui‘ille
374 488 481 552 quierat
504 487 526 538 ei
546 489 673 553 subjectus.
686 490 751 539 Unde
768 488 823 539 edm

24 556 117 609 Ecclesia
131 559 252 609 hereticos
268 563 292 609 et
307 559 466 611 schismaticos
481 564 506 610 et
523 560 580 611 alios
600 560 731 624 hujusmodi
745 560 821 623 privet

24 629 165 679 subtrahendo
175 629 288 692 subditos,
300 631 337 681 uel
353 630 487 693 simpliciter
505 632 543 682 vel
555 632 663 695 quautdm
679 632 708 682 ad
721 630 816 695 aliquid,

24 698 125 763 puaotrim
142 701 169 750 ad
188 702 233 751 boe
248 701 309 766 qubd
327 696 415 766 privati
422 706 476 754 sunt
483 700 496 766 ,’
512 716 559 753 uon
574 707 672 767 possunt
691 716 759 754 usum
772 701 823 753 ela·

24 770 78 819 uum
91 771 186 821 babere.
255 799 258 803 ·

49 842 197 906 adprimus
214 856 269 907 ergo
286 844 425 905 dicendum,
437 844 499 910 qubd
514 845 609 895 materia
626 845 762 897 sacramenti
780 858 822 905 em

24 913 137 977 nuntie,
148 913 251 977 iuquam
264 927 329 964 suam
339 919 477 979 potestatem
495 919 586 967 exercet
599 916 713 977 sacerdos,
725 930 772 967 nou
783 919 823 971 stt

24 987 94 1050 bomo,
107 986 149 1037 sed
159 986 226 1049 panis
241 986 345 1037 triticeus
351 1024 360 1051 ,
375 991 398 1039 et
414 988 439 1037 iu
452 988 582 1052 baptismo,
595 990 663 1039 homo
680 986 821 1051 simpliciter.

24 1058 80 1109 Unde
93 1058 152 1109 sicud
163 1058 364 1109 sisobtraberetur
377 1059 485 1111 baeretioo
499 1059 564 1125 panis
575 1060 692 1123 tritireus,
705 1059 820 1113 eoadem

24 1142 62 1179 sou
76 1133 171 1195 posset,
191 1130 224 1180 ita
241 1143 285 1179 nee
297 1131 318 1180 si
332 1131 477 1184 subtrahatur
498 1132 594 1196 paulato
609 1130 726 1195 prelatio,
741 1130 820 1181 absol-

24 1214 70 1251 uere
87 1201 186 1265 poterit;
209 1204 285 1264 potest
300 1204 378 1253 tameu
393 1202 508 1267 baptizare
530 1206 554 1253 et
573 1202 699 1265 conicere,
719 1200 823 1265 quamue

24 1274 47 1323 ad
59 1272 95 1323 sul
108 1272 287 1324 damnationem.
814 1314 815 1317 ,

48 1344 225 1395 obserandum
244 1344 378 1409 dicendum,
391 1346 451 1411 qubd
471 1345 599 1411 propositio
618 1346 687 1397 habet
702 1344 823 1397 raritatem

24 1417 104 1479 roardo
117 1429 165 1466 nou
174 1416 238 1466 deest
250 1416 358 1480 mamma,
374 1417 433 1469 siout
449 1422 486 1469 est
506 1419 531 1469 iu
544 1418 672 1483 proposito.

50 1488 83 1537 sd
96 1487 189 1538 tertium
206 1487 335 1552 dicendum,
346 1489 409 1553 qubd
422 1503 452 1540 ex
470 1490 521 1555 ipsa
537 1490 604 1553 eulpa
620 1500 667 1539 nou
681 1486 821 1538 subtrabitur

24 1558 130 1621 materia,
144 1557 204 1609 sieut
217 1572 258 1623 per
267 1560 370 1624 aliquam
386 1574 491 1625 poeoam3
506 1561 567 1611 uude
581 1572 649 1623 poena
662 1572 709 1609 nou
722 1557 821 1623 impedit

24 1642 58 1693 per
67 1630 253 1682 contrarietatem
266 1631 295 1681 ad
307 1631 415 1683 edentum
427 1631 581 1683 inducendum
592 1668 600 1693 ,
611 1630 652 1681 sed
668 1628 756 1680 ratione
767 1640 829 1693 pras·

25 1702 102 1755 diem*
513 1711 515 1715 ’

219 1965 221 1970 '
295 1976 546 2047 oonsrroun
587 1944 589 1949 ’

53 2118 86 2165 De
99 2119 139 2174 bis
151 2120 180 2164 im
194 2131 253 2177 quos
267 2131 326 2164 usos
348 2119 456 2164 eluviem
469 2120 582 2165 exerceri
595 2121 689 2176 potest,
702 2118 734 2163 ἐπ
749 2119 797 2162 tres

310 2191 430 2237 articulos
443 2190 535 2235 diuisa.

53 2336 137 2388 Deinde
156 2337 345 2388 considerandum
363 2341 400 2387 est
416 2338 445 2388 de
467 2336 505 2387 his
530 2337 555 2388 iu
576 2349 634 2401 quos
651 2350 708 2387 usus
730 2336 830 2387 clavium

26 2409 122 2459 exemeri
133 2412 218 2472 potest.

55 2479 122 2529 Cinea
142 2481 202 2543 qood
217 2480 262 2530 tria
280 2483 428 2545 quaeruntur:
445 2482 472 2528 1⁰
483 2478 564 2529 lltrbm
586 2480 693 2529 sacerdos
714 2476 787 2542 possit
809 2477 834 2526 in

24 2550 147 2612 quemlibet
161 2551 278 2602 bominem
293 2551 327 2601 uti
336 2552 401 2602 eluse
413 2564 483 2614 quam
500 2551 578 2601 habet.
593 2554 620 2599 2⁰
630 2546 712 2601 Utrbus
726 2546 831 2598 sacerdos

25 2620 96 2681 possit
119 2634 212 2685 semper
232 2636 300 2673 suum
316 2621 431 2672 subditum
450 2622 579 2673 absoluere.
601 2624 627 2669 ³⁰
645 2619 728 2671 Utrdm
749 2615 831 2680 abnuis

26 2693 96 2753 possit
110 2692 147 2742 uli
160 2692 264 2744 claribus
277 2693 302 2744 iu
319 2707 387 2744 suum
398 2693 555 2759 superiorem.
