1942 3284
456 164 552 211 322
782 172 903 211 uns
936 173 1018 225 ιιι,
1057 172 1242 218 QuAEsr.
1279 172 1469 223 mxxvii,
1503 171 1613 211 Amr.
1650 170 1721 211 ιιι.

451 265 510 302 ex
538 252 625 301 hoc
639 288 653 314 ,
678 252 796 314 qnod
822 248 1061 313 subjicitur
1084 250 1373 301 sensibilibus
1407 250 1724 314 qualitatibus.
1750 250 1805 300 Et
1833 250 1941 301 ideo

450 322 663 375 nitestum
696 326 791 385 est,
823 322 942 386 quod
979 324 1210 386 quantitas
1243 322 1499 373 dimensiva·
1523 334 1628 386 qnae
1668 326 1879 374 remanet
1896 323 1942 371 in

450 398 730 446 sacramento
758 395 858 445 sine
890 395 1118 459 subjecto,
1147 408 1239 445 non
1261 398 1335 446 est
1359 394 1591 459 quantitas
1617 395 1942 447 mathematica

1027 574 1346 626 ARTICULUS
1381 575 1461 626 111.

457 708 627 751 Utrum
662 706 833 763 species
872 718 974 763 quoe
1007 709 1255 749 remanent
1290 705 1344 749 in
1380 705 1463 749 hoc
1499 710 1833 763 sacramento,
1870 719 1942 764 pa

826 769 1086 813 immutare
1115 769 1299 825 aliquid
1327 770 1662 813 extrinsecum.

517 902 583 951 Ad
608 900 788 951 tertium
816 900 883 950 sic
910 899 1182 963 proceditur.
1215 899 1407 950 Videtur
1426 899 1544 964 qnod
1571 901 1753 963 species
1779 914 1885 965 quae
1913 914 1942 948 r·

455 976 563 1023 nent
588 973 639 1021 in
665 973 752 1022 hoc
779 974 1059 1022 sacramento
1076 1007 1090 1030 ,
1116 984 1206 1021 non
1231 971 1410 1034 possint
1425 969 1666 1021 immutare
1686 971 1859 1035 aliquid
1883 984 1942 1021 ex

456 1056 628 1094 secum.
660 1044 878 1095 Probatur
903 1043 1027 1093 enim
1053 1043 1150 1092 VII.
1181 1042 1401 1107 Phys-ic„
1417 1042 1537 1106 quod
1566 1043 1723 1093 formae
1750 1057 1852 1107 quae
1878 1057 1942 1092 sul

456 1114 645 1165 materia
664 1153 683 1175 ‚
708 1115 825 1164 fiunt
849 1114 875 1163 a
902 1114 1059 1164 formis
1089 1128 1190 1177 quae
1229 1118 1337 1164 sunt
1374 1114 1420 1164 in
1449 1113 1663 1176 materia,
1707 1128 1803 1165 non
1837 1117 1942 1165 aute

456 1186 613 1237 formis
630 1200 732 1249 quae
764 1189 871 1236 sunt
898 1186 999 1236 sine
1026 1185 1215 1238 materia
1231 1225 1245 1249 ,
1277 1199 1332 1236 eo
1358 1186 1478 1250 quod
1501 1186 1648 1236 simile
1683 1186 1778 1249 agit
1804 1186 1854 1237 in
1885 1186 1942 1236 sil

457 1257 582 1307 mile.
625 1258 715 1308 Sed
756 1258 933 1321 species
966 1258 1312 1309 sacramentales
1340 1260 1447 1308 sunt
1479 1256 1658 1322 species
1691 1258 1793 1310 sine·
1831 1262 1942 1308 mate

456 1328 564 1391 quia
593 1333 826 1380 remanent
850 1330 946 1381 sine
970 1331 1190 1395 subjecto,
1216 1334 1266 1379 ut
1288 1343 1345 1380 ex
1367 1329 1498 1379 dictis
1525 1332 1783 1394 patet.Non
1809 1344 1919 1395 ergo

458 1402 837 1453 suntimmutare
864 1402 1101 1453 materiam
1130 1401 1399 1454 exteriorem
1417 1439 1430 1462 ‚
1452 1402 1710 1453 inducendo
1739 1402 1940 1467 aliquam

454 1486 591 1523 mam.

519 1550 565 1596 2.
614 1547 839 1598 Praeterea
854 1586 866 1609 ,
896 1538 1106 1597 cessante
1144 1546 1320 1597 actione
1353 1545 1611 1610 principalis
1638 1546 1816 1611 agentis
1833 1586 1847 1608 ,
1867 1559 1942 1597 ne(

456 1621 527 1670 est
549 1618 672 1683 quod
699 1623 845 1670 cesset
878 1618 998 1670 actio
1025 1618 1350 1678 instrumenti3
1379 1618 1499 1668 sicut
1518 1619 1783 1682 quiescente
1799 1620 1942 1681 fabro,

456 1696 666 1744 movetur
696 1692 949 1744 martellus.
987 1690 1078 1742 Sed
1105 1704 1264 1752 omnes
1302 1692 1459 1743 sormae
1488 1690 1790 1742 accidentales
1817 1702 1942 1756 agun*

458 1764 812 1816 strumentaliter
843 1765 893 1814 in
920 1763 1090 1814 virtute
1120 1765 1276 1814 formae
1304 1762 1615 1813 substantialis
1640 1765 1857 1827 tanquam
1885 1778 1942 1828 pr

457 1838 573 1900 palis
607 1838 799 1899 agentis.
848 1835 966 1886 Gum
1003 1850 1111 1900 ergo
1151 1836 1198 1885 in
1239 1838 1328 1885 hoc
1369 1837 1650 1886 sacramento
1695 1849 1787 1886 non
1825 1850 1942 1887 rema

458 1909 602 1959 forma
637 1906 945 1958 substantialis
987 1908 1121 1972 panis
1157 1911 1202 1958 et
1243 1906 1338 1957 vini
1361 1945 1374 1970 ,
1403 1908 1521 1956 sicut
1558 1907 1694 1971 supra
1735 1908 1941 1958 habitum

458 1979 578 2043 (qu.
603 1983 681 2042 75,
716 1982 803 2028 art.
842 1982 873 2027 2
900 1984 947 2028 et
974 1983 1060 2029 art.
1092 1979 1174 2043 6),
1205 1979 1384 2029 videtur
1408 1978 1528 2041 quod
1573 1978 1734 2029 formae
1761 1980 1938 2030 acciden

460 2054 745 2101 remanentes
764 2087 777 2110 ‚
814 2062 947 2113 agere
985 2063 1077 2101 non
1124 2051 1304 2115 possint
1330 2051 1387 2101 ad
1429 2049 1792 2101 immutationem
1823 2055 1942 2102 exter

460 2121 677 2172 materiae.

525 2197 570 2243 3.
608 2196 828 2244 Praeterea
846 2231 859 2255 ,
893 2191 1011 2243 nihil
1036 2195 1128 2256 agit
1157 2195 1272 2244 ultra
1301 2206 1428 2243 suam
1457 2194 1685 2258 speciem,
1715 2195 1824 2258 quia
1867 2195 1942 2245 effe

460 2276 553 2316 non
576 2268 725 2329 potest
748 2268 851 2316 esse
877 2266 1030 2328 potior
1049 2278 1204 2315 causa.
1223 2265 1314 2315 Sed
1333 2265 1510 2329 species
1535 2267 1882 2317 sacramentales
1901 2279 1942 2315 οι

459 2339 566 2384 sunt
610 2336 876 2386 accidentia.
906 2337 1008 2386 Non
1037 2350 1144 2399 ergo
1184 2341 1378 2400 possunt
1411 2337 1683 2388 exteriorem
1716 2337 1941 2388 materiam

459 2410 661 2471 mutare,
686 2408 742 2457 ad
771 2408 921 2457 minus
952 2410 1007 2459 ad
1034 2408 1226 2458 formam
1253 2409 1618 2461 substantialem.

522 2478 613 2528 Sed
647 2482 802 2529 contra
840 2482 943 2540 est,
971 2480 1089 2542 quod
1131 2480 1173 2529 si
1205 2492 1298 2529 non
1330 2483 1519 2543 possent
1554 2480 1797 2531 immutare
1839 2484 1942 2531 exte]

460 2562 679 2613 corpora,
707 2563 800 2599 non
828 2555 1020 2614 possent
1047 2549 1240 2614 sentiri3
1271 2552 1476 2602 sentiunt
1497 2553 1619 2603 enim
1643 2552 1813 2616 aliquid
1849 2566 1928 2617 per

456 2622 577 2685 quod
602 2622 863 2671 immutatur
891 2636 1054 2674 sensus
1091 2622 1118 2673 a
1145 2623 1377 2687 sensibili,
1405 2630 1459 2674 ut
1483 2624 1649 2675 dicitur
1679 2625 1735 2675 Π.
1761 2627 1834 2675 De
1859 2626 1940 2675 am·

526 2694 847 2755 (Conccusro.
876 2695 1072 2745 -Cum
1105 2696 1286 2759 species
1324 2697 1674 2747 sacramentales
1705 2698 1858 2748 divina
1890 2697 1942 2746 vil

460 2769 722 2817 remaneant
752 2764 801 2815 in
817 2779 905 2817 suo
925 2780 1026 2818 esse
1054 2767 1172 2831 quod
1196 2768 1422 2819 habebant
1447 2769 1696 2819 substantia
1723 2769 1854 2833 panis
1881 2775 1925 2820 et

461 2837 688 2889 existente
710 2881 722 2903 ,
748 2838 938 2889 dubium
966 2852 1058 2889 non
1087 2842 1192 2904 est,
1222 2840 1334 2904 quin
1360 2840 1585 2891 exteriora
1606 2853 1797 2906 corpora
1824 2841 1942 2892 immi

460 2908 695 2973 possint.)
