1942 3284
260 205 291 242 nn
305 205 458 249 enrnrrrsrs
472 205 649 244 cossurrronrs.
802 204 847 252 tes

63 280 176 330 tendatur.
187 295 201 326 r>
214 280 258 330 Sed
275 292 337 332 autor
350 277 483 339 charitatis,
498 279 523 330 iu
536 293 581 343 εεο
599 281 707 332 ιεεεειεε
719 283 785 335 dolor
797 299 853 336 eon·

61 349 178 410 tritionis,
198 354 234 400 est
246 350 368 400 unanimus.
385 351 444 413 lingo
458 353 483 400 et
498 350 561 400 dolor
574 351 719 402 contritionis
730 358 767 403 est
778 351 853 406 maxi-

61 432 117 471 urus.

90 493 216 552 Preterea,
233 491 297 543 dolor
314 496 351 542 εει
362 493 391 542 de
406 492 475 543 malo.
490 493 550 556 Ergo
568 493 598 544 de
614 494 687 558 magis
706 496 767 547 male
785 494 854 548 debet

60 573 107 613 esse
123 562 198 625 urajnr
210 563 282 612 dolor.
302 561 349 614 Sed
363 561 428 626 culpa
442 566 479 613 est
489 563 563 625 magis
573 565 675 626 malunt,
692 565 762 628 quius
774 578 851 630 pena.

60 631 116 696 Ergo
128 634 194 684 dolor
205 633 233 683 de
245 632 325 696 εειεε,
337 629 377 696 εει
390 637 426 682 εει
434 632 555 695 contritio,
570 634 660 684 excedit
672 647 764 685 οεεεεεε
782 637 852 688 alium

59 703 164 755 delerem.

88 773 248 835 (ὒοεεεεεεε.
261 799 293 812 -
302 773 370 826 Dolor
381 772 421 824 ille
433 772 473 837 εει
491 771 583 838 proprie
595 777 620 824 et
629 774 783 827 essentialiter
793 789 852 828 ceu·

59 843 117 894 tritio
128 845 222 905 dieitur,
240 844 266 895 iu
278 844 397 895 voluntate
414 842 558 902 consistens,
570 855 623 894 cens
634 844 662 895 de
679 844 740 909 ipris
753 847 853 910 peccatis

59 913 103 975 sit,
118 927 171 979 εεε
185 919 292 978 tauquam
309 913 391 964 ultimo
408 913 450 964 ιιει
466 913 582 965 centania
595 926 666 978 super
679 917 756 967 omnia
774 915 852 981 displi-

60 987 121 1047 cent,
133 983 196 1036 recte
213 984 313 1035 dolorum
327 983 427 1034 ειεειεεε
438 982 552 1034 marineus
564 983 657 1045 dicitnr,
669 998 716 1036 uon
727 989 804 1038 auteur
819 988 850 1052 is,

58 1067 122 1117 quern
131 1055 183 1118 ipsa
197 1054 254 1105 ratio
267 1054 295 1104 de
308 1053 409 1117 peccatis
422 1053 446 1103 iu
458 1052 569 1104 sensitiva
577 1057 642 1117 parte
654 1054 736 1119 iecit.)
836 1087 838 1093 -

86 1125 221 1190 ltespeudee
233 1123 365 1188 dicendum,
378 1123 439 1188 quid
449 1124 510 1174 sicut
518 1123 587 1188 snpri
598 1124 683 1175 dictum
698 1130 747 1188 est,
757 1127 782 1177 iu
795 1141 849 1180 con·

58 1195 145 1246 tritioue
158 1201 195 1246 est
208 1195 291 1259 duplex
303 1194 377 1246 dolor.
389 1195 452 1246 Unus
464 1198 501 1245 est
513 1194 538 1244 iu
551 1195 603 1258 ipsa
616 1196 747 1257 volontate,
765 1199 805 1261 εει
816 1203 852 1249 εει

58 1266 207 1317 essentialiter
221 1267 271 1330 ipsa
282 1265 404 1329 contritio,
414 1269 440 1316 et
448 1265 506 1314 nteit
515 1264 577 1316 alind
587 1269 624 1316 εει
631 1266 701 1329 quint
708 1267 852 1330 displicentia

58 1336 165 1399 preteriti
182 1336 272 1401 peceati
287 1351 293 1386 :
306 1341 329 1386 et
339 1334 392 1387 talis
403 1336 467 1387 dnler
481 1336 506 1385 'ru
517 1336 651 1388 enutritione
664 1337 753 1388 excedit
771 1351 852 1392 omues

57 1407 221 1470 aliosdnlores3
231 1407 403 1470 quiaquantum
417 1405 502 1468 aliquid
513 1407 600 1470 placet,
612 1410 701 1457 tautum
712 1409 850 1458 contrariom

57 1475 106 1539 ejus
118 1477 238 1542 displicet3
255 1477 308 1528 linis
320 1481 397 1526 sutem
409 1476 503 1526 ultimus
518 1488 587 1538 super
601 1477 678 1527 omnia
691 1477 782 1541 placet,
799 1492 850 1528 cunr

59 1547 130 1598 eunia
143 1551 238 1614 propter
250 1547 326 1610 ipsum
344 1545 519 1596 desiderentur:
532 1550 556 1596 et
568 1544 620 1596 ideo
632 1550 750 1610 peccaturo
763 1548 823 1611 qodd
836 1548 850 1598 i

58 1615 100 1667 due
113 1618 195 1669 ultimo
209 1616 305 1677 avertit,
319 1615 475 1681 superomnia
490 1615 611 1678 displicere
623 1615 700 1667 debet.
712 1615 775 1667 ulios
788 1618 851 1668 dolor

57 1688 123 1738 estin
137 1691 204 1752 parte
218 1686 344 1748 sensitiva,
357 1685 397 1749 εει
407 1689 513 1736 causatur
527 1698 557 1735 ex
572 1685 647 1749 primo
659 1685 751 1744 dolore,
763 1688 803 1739 vet
819 1699 849 1738 ex

58 1759 191 1810 necessitate
205 1761 291 1810 nature
300 1795 308 1819 ,
318 1755 442 1808 secundem
455 1756 515 1818 quod
528 1755 590 1805 vires
597 1754 717 1806 interiores
725 1762 850 1818 sequuntur

57 1833 140 1878 ureturn
155 1827 309 1890 superiorem,
325 1827 362 1876 vel
375 1839 405 1876 ex
425 1825 551 1888 electione,
567 1824 692 1876 secuuddm
708 1826 768 1889 qnod
781 1827 849 1877 lrouro

56 1899 167 1960 penitens
183 1898 208 1947 io
222 1897 297 1962 seipse
310 1899 354 1948 hoc
366 1896 465 1948 delerem
480 1896 564 1945 excitat
576 1896 642 1946 etde
655 1895 755 1958 peccato
763 1896 847 1948 doleat.

56 1967 83 2016 iit
99 1972 182 2020 neutro
194 1967 260 2018 mode
274 1971 376 2030 oportet,
389 1965 449 2029 qued
463 1964 495 2014 sit
508 1964 620 2015 marinus
633 1965 707 2029 dolor,
717 1966 770 2031 qnia
790 1968 850 2020 vires

54 2037 174 2106 interiores
186 2040 305 2088 rneventnr
315 2035 474 2088 vehementius
483 2036 512 2086 ab
521 2036 617 2098 objectis
626 2034 734 2100 propriis,
743 2036 811 2100 quarn
820 2052 849 2089 er

53 2107 201 2159 redundantia
213 2106 353 2172 superiorum
370 2105 454 2156 virium
470 2121 476 2155 ι
497 2109 522 2156 ει
533 2106 585 2157 ideo
597 2109 684 2170 quanto
697 2107 798 2171 operatio
811 2123 849 2158 εε-

54 2178 163 2242 periornm
185 2177 267 2227 virium
283 2180 318 2228 est
338 2175 483 2241 propinquior
506 2175 603 2238 objectis
621 2175 769 2240 interierunt,
785 2181 849 2228 tauto

54 2248 125 2308 magis
145 2251 271 2311 sequuntur
289 2258 368 2295 eorum
387 2250 488 2306 metum3
506 2250 531 2294 et
542 2246 595 2296 ideo
610 2245 684 2309 major
697 2246 761 2297 dolor
774 2251 812 2299 est
824 2248 848 2298 iu

55 2317 162 2368 sensitiva
175 2321 241 2380 parte
253 2328 283 2366 ex
298 2314 394 2365 lesione
404 2315 522 2377 sensibili,
539 2315 606 2378 qutun
618 2316 649 2365 sit
661 2315 700 2366 ille
713 2316 753 2379 εει
765 2317 791 2367 ιε
799 2317 849 2381 ipsa

53 2388 162 2439 redundat
179 2400 209 2437 ex
221 2383 324 2447 ratieue3
338 2387 362 2436 et
378 2383 484 2435 similiter
498 2385 579 2448 major,
590 2384 631 2449 qni
643 2386 754 2437 redundet
766 2399 797 2437 ex
813 2400 849 2438 ra·

52 2458 112 2510 tione
121 2461 151 2510 de
161 2455 318 2522 corporalibus
332 2455 490 2519 deliberante,
508 2455 577 2518 quius
588 2456 628 2520 εει
640 2456 751 2507 redundat
763 2470 793 2508 ex
810 2473 847 2509 ra·

52 2529 113 2580 tione
131 2526 290 2579 considerante
303 2524 439 2589 spiritualia.
459 2524 522 2576 orde
540 2526 604 2576 dolor
618 2528 644 2576 in
660 2527 770 2578 sensitiva
782 2535 847 2591 parte

52 2613 81 2649 ox
98 2595 240 2664 displicentia
254 2595 350 2646 rationis
361 2595 500 2660 proveniens
513 2597 541 2648 de
554 2600 648 2660 peccato
662 2610 708 2648 nou
725 2602 761 2648 est
776 2600 849 2662 major

53 2669 113 2720 detor
124 2669 177 2719 aliis
194 2665 326 2729 doloribus,
341 2665 382 2730 qni
399 2666 424 2716 ιε
437 2667 488 2730 ipsa
502 2672 568 2729 suut,
579 2671 628 2716 tum
645 2667 699 2731 qnia
713 2681 759 2717 nen
772 2669 849 2726 obedit

23 2745 25 2774 ι
51 2739 148 2791 allectus
164 2735 258 2788 interior
274 2735 384 2800 superiori
396 2737 424 2787 ad
440 2741 537 2798 neten,
552 2741 578 2786 ει
588 2741 650 2786 enta
667 2740 692 2788 et
706 2737 759 2787 talis
770 2738 847 2801 passio

52 2814 158 2872 sequatur
168 2809 193 2858 in
210 2805 313 2856 interiori
324 2806 442 2870 appetitu,
457 2806 547 2868 qualern
564 2807 654 2858 ordinat
671 2807 787 2872 superior,
797 2811 845 2856 tnrn

53 2880 121 2930 etiarn
130 2877 184 2943 quia
193 2875 312 2940 passiones
324 2875 338 2926 ι
349 2877 434 2928 ratione
447 2881 593 2928 assumentur
601 2879 625 2928 in
641 2878 729 2930 actibus
738 2879 847 2929 virtutem
