<?xml version="1.0" encoding="UTF-8"?>
<!DOCTYPE html PUBLIC "-//W3C//DTD XHTML 1.0 Transitional//EN"
    "http://www.w3.org/TR/xhtml1/DTD/xhtml1-transitional.dtd">
<html xmlns="http://www.w3.org/1999/xhtml" xml:lang="en" lang="en">
 <head>
  <title>
</title>
<meta http-equiv="Content-Type" content="text/html;charset=utf-8" />
  <meta name='ocr-system' content='tesseract 3.04.00' />
  <meta name='ocr-capabilities' content='ocr_page ocr_carea ocr_par ocr_line ocrx_word'/>
</head>
<body>
  <div class='ocr_page' id='page_1' title='image "./summatheologica01nicogoog_0204.png"; bbox 0 0 1942 3284; ppageno 0'>
   <div class='ocr_carea' id='block_1_1' title="bbox 121 171 740 251">
    <p class='ocr_par' dir='ltr' id='par_1_1' title="bbox 121 171 740 251">
     <span class='ocr_line' id='line_1_1' title="bbox 121 171 740 251; baseline 0.003 -15"><span class='ocrx_word' id='word_1_1' title='bbox 121 171 175 237; x_wconf 60' lang='grc'>’196</span> <span class='ocrx_word' id='word_1_2' title='bbox 314 203 374 239; x_wconf 79' lang='lat' dir='ltr'><strong>sarrs</strong></span> <span class='ocrx_word' id='word_1_3' title='bbox 392 203 432 248; x_wconf 89' lang='grc' dir='ltr'>ιιι,</span> <span class='ocrx_word' id='word_1_4' title='bbox 446 202 538 246; x_wconf 74' lang='lat' dir='ltr'><strong>onmsr.</strong></span> <span class='ocrx_word' id='word_1_5' title='bbox 555 202 616 251; x_wconf 83' lang='lat' dir='ltr'><strong>su,</strong></span> <span class='ocrx_word' id='word_1_6' title='bbox 632 202 687 238; x_wconf 79' lang='lat' dir='ltr'><strong>aar.</strong></span> <span class='ocrx_word' id='word_1_7' title='bbox 705 203 740 238; x_wconf 87' lang='lat' dir='ltr'><strong>ur.</strong></span> 
     </span>
    </p>
   </div>
   <div class='ocr_carea' id='block_1_2' title="bbox 126 276 956 2627">
    <p class='ocr_par' dir='ltr' id='par_1_2' title="bbox 129 276 956 418">
     <span class='ocr_line' id='line_1_2' title="bbox 161 276 948 341; baseline -0.003 -13"><span class='ocrx_word' id='word_1_8' title='bbox 161 277 321 338; x_wconf 68' lang='lat' dir='ltr'><strong>(Conclusio.</strong></span> <span class='ocrx_word' id='word_1_9' title='bbox 333 305 364 314; x_wconf 96' lang='lat'><em>-</em></span> <span class='ocrx_word' id='word_1_10' title='bbox 376 277 434 327; x_wconf 85' lang='lat' dir='ltr'><strong>Cirm</strong></span> <span class='ocrx_word' id='word_1_11' title='bbox 448 277 691 340; x_wconf 59' lang='lat' dir='ltr'><strong>comedendarum</strong></span> <span class='ocrx_word' id='word_1_12' title='bbox 704 278 819 340; x_wconf 81' lang='lat' dir='ltr'><strong>quoddam</strong></span> <span class='ocrx_word' id='word_1_13' title='bbox 832 276 911 328; x_wconf 84' lang='lat' dir='ltr'><strong>iideitit</strong></span> <span class='ocrx_word' id='word_1_14' title='bbox 944 336 948 341; x_wconf 22' lang='lat'><strong>¹</strong></span> 
     </span>
     <span class='ocr_line' id='line_1_3' title="bbox 129 347 956 418; baseline -0.001 -22"><span class='ocrx_word' id='word_1_15' title='bbox 129 347 912 412; x_wconf 72' lang='lat' dir='ltr'><strong>iltcoinstitntnm,rituseiusconueniensfuitinlcgepraecontnsl</strong></span> <span class='ocrx_word' id='word_1_16' title='bbox 948 383 956 418; x_wconf 44' lang='grc' dir='ltr'>ἢ</span> 
     </span>
    </p>

    <p class='ocr_par' dir='ltr' id='par_1_3' title="bbox 128 419 956 754">
     <span class='ocr_line' id='line_1_4' title="bbox 160 419 956 485; baseline -0.001 -17"><span class='ocrx_word' id='word_1_17' title='bbox 160 420 296 482; x_wconf 82' lang='lat' dir='ltr'><strong>Respondes</strong></span> <span class='ocrx_word' id='word_1_18' title='bbox 308 420 436 480; x_wconf 88' lang='lat' dir='ltr'><strong>dicendum,</strong></span> <span class='ocrx_word' id='word_1_19' title='bbox 447 420 508 484; x_wconf 81' lang='lat' dir='ltr'><strong>quod</strong></span> <span class='ocrx_word' id='word_1_20' title='bbox 516 421 576 471; x_wconf 80' lang='lat' dir='ltr'><strong>siem</strong></span> <span class='ocrx_word' id='word_1_21' title='bbox 588 421 672 471; x_wconf 88' lang='lat' dir='ltr'><strong>dictum</strong></span> <span class='ocrx_word' id='word_1_22' title='bbox 682 423 774 481; x_wconf 80' lang='lat' dir='ltr'><strong>esttart.</strong></span> <span class='ocrx_word' id='word_1_23' title='bbox 787 421 824 483; x_wconf 72' lang='lat' dir='ltr'><strong>a),</strong></span> <span class='ocrx_word' id='word_1_24' title='bbox 834 419 914 468; x_wconf 82' lang='lat' dir='ltr'><strong>circum</strong></span> <span class='ocrx_word' id='word_1_25' title='bbox 953 460 956 485; x_wconf 72' lang='grc'><strong>,</strong></span> 
     </span>
     <span class='ocr_line' id='line_1_5' title="bbox 128 489 956 559; baseline 0 -21"><span class='ocrx_word' id='word_1_26' title='bbox 128 489 184 540; x_wconf 88' lang='lat' dir='ltr'><strong>cisio</strong></span> <span class='ocrx_word' id='word_1_27' title='bbox 196 491 309 552; x_wconf 83' lang='lat' dir='ltr'>quoddam</span> <span class='ocrx_word' id='word_1_28' title='bbox 326 491 415 554; x_wconf 78' lang='lat' dir='ltr'><strong>signum</strong></span> <span class='ocrx_word' id='word_1_29' title='bbox 431 491 488 542; x_wconf 88' lang='lat' dir='ltr'><strong>fidei</strong></span> <span class='ocrx_word' id='word_1_30' title='bbox 504 497 553 553; x_wconf 91' lang='lat' dir='ltr'><strong>est,</strong></span> <span class='ocrx_word' id='word_1_31' title='bbox 568 492 698 543; x_wconf 90' lang='lat' dir='ltr'><strong>institutum</strong></span> <span class='ocrx_word' id='word_1_32' title='bbox 712 492 727 541; x_wconf 77' lang='lat' dir='ltr'><strong>a</strong></span> <span class='ocrx_word' id='word_1_33' title='bbox 739 493 803 554; x_wconf 81' lang='lat' dir='ltr'><strong>lieo,</strong></span> <span class='ocrx_word' id='word_1_34' title='bbox 815 492 880 555; x_wconf 80' lang='lat' dir='ltr'><strong>cujus</strong></span> <span class='ocrx_word' id='word_1_35' title='bbox 889 501 915 538; x_wconf 86' lang='lat' dir='ltr'><strong>sa·</strong></span> <span class='ocrx_word' id='word_1_36' title='bbox 948 527 956 559; x_wconf 79' lang='lat'><strong>··;</strong></span> 
     </span>
     <span class='ocr_line' id='line_1_6' title="bbox 128 560 956 632; baseline 0.001 -24"><span class='ocrx_word' id='word_1_37' title='bbox 128 560 219 623; x_wconf 73' lang='lat' dir='ltr'><strong>pientia</strong></span> <span class='ocrx_word' id='word_1_38' title='bbox 242 573 288 610; x_wconf 91' lang='lat' dir='ltr'><strong>non</strong></span> <span class='ocrx_word' id='word_1_39' title='bbox 307 566 342 610; x_wconf 90' lang='lat' dir='ltr'><strong>est</strong></span> <span class='ocrx_word' id='word_1_40' title='bbox 360 575 475 612; x_wconf 87' lang='lat' dir='ltr'><strong>numerus.</strong></span> <span class='ocrx_word' id='word_1_41' title='bbox 495 563 649 614; x_wconf 82' lang='lat' dir='ltr'><strong>lietcrminare</strong></span> <span class='ocrx_word' id='word_1_42' title='bbox 668 568 745 613; x_wconf 90' lang='lat' dir='ltr'><strong>antem</strong></span> <span class='ocrx_word' id='word_1_43' title='bbox 766 561 915 614; x_wconf 84' lang='lat' dir='ltr'><strong>convenientia</strong></span> <span class='ocrx_word' id='word_1_44' title='bbox 953 598 956 632; x_wconf 43' lang='grc' dir='ltr'>ἲ</span> 
     </span>
     <span class='ocr_line' id='line_1_7' title="bbox 128 631 955 698; baseline 0 -19"><span class='ocrx_word' id='word_1_45' title='bbox 128 631 201 694; x_wconf 82' lang='lat' dir='ltr'><strong>signa,</strong></span> <span class='ocrx_word' id='word_1_46' title='bbox 216 634 251 680; x_wconf 90' lang='lat' dir='ltr'><strong>est</strong></span> <span class='ocrx_word' id='word_1_47' title='bbox 261 631 378 694; x_wconf 85' lang='lat' dir='ltr'><strong>sapientias</strong></span> <span class='ocrx_word' id='word_1_48' title='bbox 386 647 453 696; x_wconf 85' lang='lat' dir='ltr'><strong>opus.</strong></span> <span class='ocrx_word' id='word_1_49' title='bbox 467 634 497 683; x_wconf 87' lang='lat' dir='ltr'><strong>Et</strong></span> <span class='ocrx_word' id='word_1_50' title='bbox 505 633 557 684; x_wconf 91' lang='lat' dir='ltr'><strong>ideo</strong></span> <span class='ocrx_word' id='word_1_51' title='bbox 572 635 741 685; x_wconf 90' lang='lat' dir='ltr'><strong>concedendum</strong></span> <span class='ocrx_word' id='word_1_52' title='bbox 751 635 862 698; x_wconf 84' lang='lat' dir='ltr'><strong>estquod</strong></span> <span class='ocrx_word' id='word_1_53' title='bbox 872 633 916 681; x_wconf 80' lang='lat' dir='ltr'><strong>ritus</strong></span> <span class='ocrx_word' id='word_1_54' title='bbox 954 674 955 689; x_wconf 65' lang='lat'><strong>,</strong></span> 
     </span>
     <span class='ocr_line' id='line_1_8' title="bbox 128 701 522 754; baseline 0.008 -4"><span class='ocrx_word' id='word_1_55' title='bbox 128 701 307 752; x_wconf 81' lang='lat' dir='ltr'><strong>circumcisionis</strong></span> <span class='ocrx_word' id='word_1_56' title='bbox 319 703 363 752; x_wconf 88' lang='lat' dir='ltr'><strong>luit</strong></span> <span class='ocrx_word' id='word_1_57' title='bbox 374 705 522 754; x_wconf 81' lang='lat' dir='ltr'><strong>conveniens.</strong></span> 
     </span>
    </p>

    <p class='ocr_par' dir='ltr' id='par_1_4' title="bbox 127 773 956 1332">
     <span class='ocr_line' id='line_1_9' title="bbox 160 773 918 840; baseline 0 -18"><span class='ocrx_word' id='word_1_58' title='bbox 160 773 192 822; x_wconf 83' lang='lat' dir='ltr'><strong>lid</strong></span> <span class='ocrx_word' id='word_1_59' title='bbox 208 773 305 835; x_wconf 89' lang='lat' dir='ltr'><strong>primum</strong></span> <span class='ocrx_word' id='word_1_60' title='bbox 322 787 376 838; x_wconf 79' lang='lat' dir='ltr'><strong>ergo</strong></span> <span class='ocrx_word' id='word_1_61' title='bbox 393 775 598 840; x_wconf 84' lang='lat' dir='ltr'><strong>dicendum,qudd</strong></span> <span class='ocrx_word' id='word_1_62' title='bbox 610 776 754 828; x_wconf 82' lang='lat' dir='ltr'><strong>circumcisio</strong></span> <span class='ocrx_word' id='word_1_63' title='bbox 766 774 918 828; x_wconf 82' lang='lat' dir='ltr'><strong>conuenienter</strong></span> 
     </span>
     <span class='ocr_line' id='line_1_10' title="bbox 128 843 917 911; baseline 0.003 -19"><span class='ocrx_word' id='word_1_64' title='bbox 128 843 196 894; x_wconf 84' lang='lat' dir='ltr'><strong>fiebat</strong></span> <span class='ocrx_word' id='word_1_65' title='bbox 216 843 240 892; x_wconf 91' lang='lat' dir='ltr'><strong>in</strong></span> <span class='ocrx_word' id='word_1_66' title='bbox 259 847 359 896; x_wconf 87' lang='lat' dir='ltr'><strong>membro</strong></span> <span class='ocrx_word' id='word_1_67' title='bbox 372 847 533 910; x_wconf 80' lang='lat' dir='ltr'><strong>generationis.</strong></span> <span class='ocrx_word' id='word_1_68' title='bbox 552 847 630 898; x_wconf 80' lang='lat' dir='ltr'><strong>Primi&gt;</strong></span> <span class='ocrx_word' id='word_1_69' title='bbox 644 848 750 910; x_wconf 84' lang='lat' dir='ltr'><strong>quidem,</strong></span> <span class='ocrx_word' id='word_1_70' title='bbox 766 849 823 911; x_wconf 82' lang='lat' dir='ltr'><strong>quia</strong></span> <span class='ocrx_word' id='word_1_71' title='bbox 843 846 917 908; x_wconf 78' lang='lat' dir='ltr'><strong>signum</strong></span> 
     </span>
     <span class='ocr_line' id='line_1_11' title="bbox 128 915 918 980; baseline -0.001 -14"><span class='ocrx_word' id='word_1_72' title='bbox 128 922 176 966; x_wconf 88' lang='lat' dir='ltr'><strong>erat</strong></span> <span class='ocrx_word' id='word_1_73' title='bbox 196 915 250 966; x_wconf 86' lang='lat' dir='ltr'><strong>fidoi</strong></span> <span class='ocrx_word' id='word_1_74' title='bbox 263 916 308 980; x_wconf 81' lang='lat' dir='ltr'><strong>qui</strong></span> <span class='ocrx_word' id='word_1_75' title='bbox 322 919 433 968; x_wconf 77' lang='lat' dir='ltr'><strong>abrabam</strong></span> <span class='ocrx_word' id='word_1_76' title='bbox 441 919 537 969; x_wconf 88' lang='lat' dir='ltr'><strong>credidit</strong></span> <span class='ocrx_word' id='word_1_77' title='bbox 548 920 665 970; x_wconf 80' lang='lat' dir='ltr'><strong>Christum</strong></span> <span class='ocrx_word' id='word_1_78' title='bbox 679 933 708 970; x_wconf 81' lang='lat' dir='ltr'><strong>ex</strong></span> <span class='ocrx_word' id='word_1_79' title='bbox 722 933 766 970; x_wconf 89' lang='lat' dir='ltr'><strong>suo</strong></span> <span class='ocrx_word' id='word_1_80' title='bbox 777 920 869 970; x_wconf 82' lang='lat' dir='ltr'><strong>semim</strong></span> <span class='ocrx_word' id='word_1_81' title='bbox 878 929 918 965; x_wconf 80' lang='lat' dir='ltr'><strong>rae</strong></span> 
     </span>
     <span class='ocr_line' id='line_1_12' title="bbox 128 987 956 1059; baseline -0.002 -21"><span class='ocrx_word' id='word_1_82' title='bbox 128 989 224 1038; x_wconf 83' lang='lat' dir='ltr'><strong>citarum</strong></span> <span class='ocrx_word' id='word_1_83' title='bbox 238 988 281 1052; x_wconf 81' lang='lat' dir='ltr'><strong>(l).</strong></span> <span class='ocrx_word' id='word_1_84' title='bbox 301 989 420 1051; x_wconf 83' lang='lat' dir='ltr'><strong>Secundo,</strong></span> <span class='ocrx_word' id='word_1_85' title='bbox 433 991 488 1054; x_wconf 87' lang='lat' dir='ltr'><strong>quia</strong></span> <span class='ocrx_word' id='word_1_86' title='bbox 507 995 556 1042; x_wconf 90' lang='lat' dir='ltr'><strong>erat</strong></span> <span class='ocrx_word' id='word_1_87' title='bbox 572 992 597 1040; x_wconf 92' lang='lat' dir='ltr'><strong>in</strong></span> <span class='ocrx_word' id='word_1_88' title='bbox 612 992 737 1042; x_wconf 88' lang='lat' dir='ltr'><strong>remedium</strong></span> <span class='ocrx_word' id='word_1_89' title='bbox 750 990 846 1055; x_wconf 84' lang='lat' dir='ltr'><strong>peccati</strong></span> <span class='ocrx_word' id='word_1_90' title='bbox 857 987 917 1051; x_wconf 73' lang='lat' dir='ltr'><strong>origi·</strong></span> <span class='ocrx_word' id='word_1_91' title='bbox 954 1030 956 1059; x_wconf 87' lang='lat'>;</span> 
     </span>
     <span class='ocr_line' id='line_1_13' title="bbox 128 1059 956 1129; baseline 0.002 -22"><span class='ocrx_word' id='word_1_92' title='bbox 128 1059 200 1123; x_wconf 83' lang='lat' dir='ltr'><strong>nelis,</strong></span> <span class='ocrx_word' id='word_1_93' title='bbox 220 1061 281 1122; x_wconf 79' lang='lat' dir='ltr'><strong>quod</strong></span> <span class='ocrx_word' id='word_1_94' title='bbox 301 1075 342 1125; x_wconf 88' lang='lat' dir='ltr'><strong>per</strong></span> <span class='ocrx_word' id='word_1_95' title='bbox 360 1067 434 1112; x_wconf 88' lang='lat' dir='ltr'><strong>actum</strong></span> <span class='ocrx_word' id='word_1_96' title='bbox 453 1063 607 1127; x_wconf 74' lang='lat' dir='ltr'><strong>generationis</strong></span> <span class='ocrx_word' id='word_1_97' title='bbox 619 1063 752 1114; x_wconf 79' lang='lat' dir='ltr'><strong>traducitur.</strong></span> <span class='ocrx_word' id='word_1_98' title='bbox 768 1062 865 1124; x_wconf 87' lang='lat' dir='ltr'><strong>Tertib,</strong></span> <span class='ocrx_word' id='word_1_99' title='bbox 878 1059 920 1123; x_wconf 81' lang='lat' dir='ltr'><strong>qnia</strong></span> <span class='ocrx_word' id='word_1_100' title='bbox 954 1126 956 1129; x_wconf 21' lang='grc' dir='ltr'>Ι</span> 
     </span>
     <span class='ocr_line' id='line_1_14' title="bbox 127 1132 918 1205; baseline 0.005 -22"><span class='ocrx_word' id='word_1_101' title='bbox 127 1132 274 1183; x_wconf 81' lang='lat' dir='ltr'><strong>ordinabatur</strong></span> <span class='ocrx_word' id='word_1_102' title='bbox 294 1135 322 1184; x_wconf 89' lang='lat' dir='ltr'><strong>ad</strong></span> <span class='ocrx_word' id='word_1_103' title='bbox 345 1134 520 1186; x_wconf 76' lang='lat' dir='ltr'><strong>diminutionum</strong></span> <span class='ocrx_word' id='word_1_104' title='bbox 540 1136 637 1205; x_wconf 74' lang='lat' dir='ltr'><strong>emnalis</strong></span> <span class='ocrx_word' id='word_1_105' title='bbox 655 1135 866 1199; x_wconf 78' lang='lat' dir='ltr'><strong>concupiscentiae,</strong></span> <span class='ocrx_word' id='word_1_106' title='bbox 878 1146 918 1196; x_wconf 67' lang='lat' dir='ltr'><strong>ow</strong></span> 
     </span>
     <span class='ocr_line' id='line_1_15' title="bbox 127 1204 956 1272; baseline 0.008 -20"><span class='ocrx_word' id='word_1_107' title='bbox 127 1204 241 1268; x_wconf 75' lang='lat' dir='ltr'><strong>precipue</strong></span> <span class='ocrx_word' id='word_1_108' title='bbox 257 1205 281 1254; x_wconf 91' lang='lat' dir='ltr'><strong>in</strong></span> <span class='ocrx_word' id='word_1_109' title='bbox 297 1207 404 1257; x_wconf 89' lang='lat' dir='ltr'><strong>membris</strong></span> <span class='ocrx_word' id='word_1_110' title='bbox 416 1207 461 1258; x_wconf 88' lang='lat' dir='ltr'><strong>illis</strong></span> <span class='ocrx_word' id='word_1_111' title='bbox 474 1207 553 1272; x_wconf 71' lang='lat' dir='ltr'><strong>uiget,</strong></span> <span class='ocrx_word' id='word_1_112' title='bbox 569 1212 663 1272; x_wconf 77' lang='lat' dir='ltr'><strong>propter</strong></span> <span class='ocrx_word' id='word_1_113' title='bbox 677 1206 846 1257; x_wconf 84' lang='lat' dir='ltr'><strong>abundantiam</strong></span> <span class='ocrx_word' id='word_1_114' title='bbox 857 1205 918 1256; x_wconf 81' lang='lat' dir='ltr'><strong>deles·</strong></span> <span class='ocrx_word' id='word_1_115' title='bbox 954 1254 956 1259; x_wconf 93' lang='lat'><em>.</em></span> 
     </span>
     <span class='ocr_line' id='line_1_16' title="bbox 127 1274 956 1332; baseline 0.01 -8"><span class='ocrx_word' id='word_1_116' title='bbox 127 1274 388 1327; x_wconf 81' lang='lat' dir='ltr'><strong>tationisuenereorum.</strong></span> <span class='ocrx_word' id='word_1_117' title='bbox 954 1328 956 1332; x_wconf 74' lang='grc'><strong>,</strong></span> 
     </span>
    </p>

    <p class='ocr_par' dir='ltr' id='par_1_5' title="bbox 126 1347 956 2122">
     <span class='ocr_line' id='line_1_17' title="bbox 159 1347 917 1413; baseline 0.004 -18"><span class='ocrx_word' id='word_1_118' title='bbox 159 1347 192 1395; x_wconf 83' lang='lat' dir='ltr'><strong>lid</strong></span> <span class='ocrx_word' id='word_1_119' title='bbox 209 1348 335 1397; x_wconf 86' lang='lat' dir='ltr'><strong>secundum</strong></span> <span class='ocrx_word' id='word_1_120' title='bbox 352 1349 488 1408; x_wconf 84' lang='lat' dir='ltr'><strong>dicendum,</strong></span> <span class='ocrx_word' id='word_1_121' title='bbox 503 1351 564 1412; x_wconf 79' lang='lat' dir='ltr'><strong>quud</strong></span> <span class='ocrx_word' id='word_1_122' title='bbox 580 1349 686 1400; x_wconf 87' lang='lat' dir='ltr'><strong>cultellus</strong></span> <span class='ocrx_word' id='word_1_123' title='bbox 696 1349 805 1413; x_wconf 83' lang='lat' dir='ltr'><strong>lapideus</strong></span> <span class='ocrx_word' id='word_1_124' title='bbox 824 1361 870 1400; x_wconf 94' lang='lat' dir='ltr'><strong>non</strong></span> <span class='ocrx_word' id='word_1_125' title='bbox 882 1349 917 1398; x_wconf 78' lang='lat' dir='ltr'><strong>eti</strong></span> 
     </span>
     <span class='ocr_line' id='line_1_18' title="bbox 127 1416 956 1476; baseline 0.013 -11"><span class='ocrx_word' id='word_1_126' title='bbox 127 1416 155 1465; x_wconf 92' lang='lat' dir='ltr'><strong>de</strong></span> <span class='ocrx_word' id='word_1_127' title='bbox 170 1417 306 1468; x_wconf 84' lang='lat' dir='ltr'><strong>necessitate</strong></span> <span class='ocrx_word' id='word_1_128' title='bbox 320 1419 509 1471; x_wconf 76' lang='lat' dir='ltr'><strong>circmcisionis.</strong></span> <span class='ocrx_word' id='word_1_129' title='bbox 523 1421 587 1472; x_wconf 89' lang='lat' dir='ltr'><strong>Unde</strong></span> <span class='ocrx_word' id='word_1_130' title='bbox 600 1434 648 1471; x_wconf 87' lang='lat' dir='ltr'><strong>nou</strong></span> <span class='ocrx_word' id='word_1_131' title='bbox 658 1421 778 1470; x_wconf 81' lang='lat' dir='ltr'><strong>inuenitur</strong></span> <span class='ocrx_word' id='word_1_132' title='bbox 790 1423 840 1472; x_wconf 82' lang='lat' dir='ltr'><strong>tale</strong></span> <span class='ocrx_word' id='word_1_133' title='bbox 849 1421 916 1471; x_wconf 77' lang='lat' dir='ltr'><strong>incur</strong></span> <span class='ocrx_word' id='word_1_134' title='bbox 954 1473 956 1476; x_wconf 77' lang='grc'>,</span> 
     </span>
     <span class='ocr_line' id='line_1_19' title="bbox 127 1489 916 1555; baseline 0.004 -19"><span class='ocrx_word' id='word_1_135' title='bbox 127 1491 228 1538; x_wconf 86' lang='lat' dir='ltr'><strong>mentum</strong></span> <span class='ocrx_word' id='word_1_136' title='bbox 245 1493 360 1554; x_wconf 79' lang='lat' dir='ltr'><strong>praecepto</strong></span> <span class='ocrx_word' id='word_1_137' title='bbox 375 1489 452 1540; x_wconf 85' lang='lat' dir='ltr'><strong>diuino</strong></span> <span class='ocrx_word' id='word_1_138' title='bbox 460 1491 650 1555; x_wconf 64' lang='lat' dir='ltr'><strong>determinatum</strong></span> <span class='ocrx_word' id='word_1_139' title='bbox 661 1504 736 1554; x_wconf 84' lang='lat' dir='ltr'><strong>neque</strong></span> <span class='ocrx_word' id='word_1_140' title='bbox 747 1492 822 1542; x_wconf 86' lang='lat' dir='ltr'><strong>etiam</strong></span> <span class='ocrx_word' id='word_1_141' title='bbox 831 1503 916 1543; x_wconf 82' lang='lat' dir='ltr'><strong>commu</strong></span> 
     </span>
     <span class='ocr_line' id='line_1_20' title="bbox 127 1557 916 1619; baseline 0.005 -13"><span class='ocrx_word' id='word_1_142' title='bbox 127 1557 186 1608; x_wconf 83' lang='lat' dir='ltr'><strong>niter</strong></span> <span class='ocrx_word' id='word_1_143' title='bbox 199 1559 239 1610; x_wconf 87' lang='lat' dir='ltr'><strong>tali</strong></span> <span class='ocrx_word' id='word_1_144' title='bbox 260 1559 412 1612; x_wconf 88' lang='lat' dir='ltr'><strong>instrumento</strong></span> <span class='ocrx_word' id='word_1_145' title='bbox 427 1562 502 1614; x_wconf 74' lang='lat' dir='ltr'><strong>iudai</strong></span> <span class='ocrx_word' id='word_1_146' title='bbox 520 1563 642 1613; x_wconf 76' lang='lat' dir='ltr'><strong>utebantur</strong></span> <span class='ocrx_word' id='word_1_147' title='bbox 660 1564 689 1612; x_wconf 87' lang='lat' dir='ltr'><strong>ad</strong></span> <span class='ocrx_word' id='word_1_148' title='bbox 702 1562 916 1619; x_wconf 82' lang='lat' dir='ltr'><strong>circumcidendum,</strong></span> 
     </span>
     <span class='ocr_line' id='line_1_21' title="bbox 126 1629 918 1697; baseline 0.009 -20"><span class='ocrx_word' id='word_1_149' title='bbox 126 1629 185 1678; x_wconf 89' lang='lat' dir='ltr'><strong>sicut</strong></span> <span class='ocrx_word' id='word_1_150' title='bbox 204 1644 278 1694; x_wconf 86' lang='lat' dir='ltr'><strong>neque</strong></span> <span class='ocrx_word' id='word_1_151' title='bbox 293 1633 362 1684; x_wconf 90' lang='lat' dir='ltr'><strong>modo</strong></span> <span class='ocrx_word' id='word_1_152' title='bbox 373 1635 477 1682; x_wconf 90' lang='lat' dir='ltr'><strong>utuntur.</strong></span> <span class='ocrx_word' id='word_1_153' title='bbox 491 1635 609 1697; x_wconf 78' lang='lat' dir='ltr'><strong>leguntur</strong></span> <span class='ocrx_word' id='word_1_154' title='bbox 619 1637 697 1684; x_wconf 83' lang='lat' dir='ltr'><strong>tamen</strong></span> <span class='ocrx_word' id='word_1_155' title='bbox 712 1634 794 1696; x_wconf 67' lang='lat' dir='ltr'><strong>adquae</strong></span> <span class='ocrx_word' id='word_1_156' title='bbox 813 1630 918 1684; x_wconf 74' lang='lat' dir='ltr'><strong>circuni</strong></span> 
     </span>
     <span class='ocr_line' id='line_1_22' title="bbox 126 1699 918 1768; baseline 0.004 -19"><span class='ocrx_word' id='word_1_157' title='bbox 126 1699 204 1752; x_wconf 90' lang='lat' dir='ltr'><strong>siones</strong></span> <span class='ocrx_word' id='word_1_158' title='bbox 217 1703 312 1754; x_wconf 79' lang='lat' dir='ltr'><strong>lamosat</strong></span> <span class='ocrx_word' id='word_1_159' title='bbox 322 1705 413 1755; x_wconf 90' lang='lat' dir='ltr'><strong>cultello</strong></span> <span class='ocrx_word' id='word_1_160' title='bbox 424 1704 515 1768; x_wconf 80' lang='lat' dir='ltr'><strong>lapidoo</strong></span> <span class='ocrx_word' id='word_1_161' title='bbox 523 1705 599 1768; x_wconf 82' lang='lat' dir='ltr'><strong>lactan,</strong></span> <span class='ocrx_word' id='word_1_162' title='bbox 610 1705 672 1755; x_wconf 81' lang='lat' dir='ltr'><strong>siem</strong></span> <span class='ocrx_word' id='word_1_163' title='bbox 682 1704 766 1768; x_wconf 81' lang='lat' dir='ltr'><strong>legitur</strong></span> <span class='ocrx_word' id='word_1_164' title='bbox 779 1705 878 1762; x_wconf 70' lang='lat' dir='ltr'><strong>Emori„</strong></span> <span class='ocrx_word' id='word_1_165' title='bbox 886 1701 918 1762; x_wconf 82' lang='lat' dir='ltr'><strong>lt,</strong></span> 
     </span>
     <span class='ocr_line' id='line_1_23' title="bbox 126 1770 919 1840; baseline 0.009 -20"><span class='ocrx_word' id='word_1_166' title='bbox 126 1770 186 1834; x_wconf 87' lang='lat' dir='ltr'><strong>qudd</strong></span> <span class='ocrx_word' id='word_1_167' title='bbox 199 1790 213 1820; x_wconf 94' lang='grc' dir='ltr'><strong>ιι</strong></span> <span class='ocrx_word' id='word_1_168' title='bbox 224 1773 276 1822; x_wconf 87' lang='lat' dir='ltr'><strong>tulit</strong></span> <span class='ocrx_word' id='word_1_169' title='bbox 289 1774 390 1838; x_wconf 79' lang='lat' dir='ltr'><strong>Sephora</strong></span> <span class='ocrx_word' id='word_1_170' title='bbox 404 1775 558 1826; x_wconf 84' lang='lat' dir='ltr'><strong>acutissimam</strong></span> <span class='ocrx_word' id='word_1_171' title='bbox 570 1779 669 1839; x_wconf 82' lang='lat' dir='ltr'><strong>petmm,</strong></span> <span class='ocrx_word' id='word_1_172' title='bbox 678 1780 703 1826; x_wconf 90' lang='lat' dir='ltr'><strong>et</strong></span> <span class='ocrx_word' id='word_1_173' title='bbox 714 1775 861 1827; x_wconf 82' lang='lat' dir='ltr'><strong>circumcidit</strong></span> <span class='ocrx_word' id='word_1_174' title='bbox 873 1787 919 1840; x_wconf 57' lang='grc' dir='ltr'>[ιιι</span> 
     </span>
     <span class='ocr_line' id='line_1_24' title="bbox 127 1845 919 1910; baseline 0.008 -18"><span class='ocrx_word' id='word_1_175' title='bbox 127 1845 216 1906; x_wconf 85' lang='lat' dir='ltr'><strong>pullum</strong></span> <span class='ocrx_word' id='word_1_176' title='bbox 230 1845 272 1896; x_wconf 89' lang='lat' dir='ltr'><strong>iiiii</strong></span> <span class='ocrx_word' id='word_1_177' title='bbox 288 1846 336 1908; x_wconf 80' lang='lat' dir='ltr'><strong>sui3</strong></span> <span class='ocrx_word' id='word_1_178' title='bbox 349 1864 362 1894; x_wconf 81' lang='lat' dir='ltr'><strong>u</strong></span> <span class='ocrx_word' id='word_1_179' title='bbox 375 1848 492 1902; x_wconf 72' lang='lat' dir='ltr'><strong>otiosae,</strong></span> <span class='ocrx_word' id='word_1_180' title='bbox 506 1849 543 1910; x_wconf 85' lang='lat' dir='ltr'><strong>V,</strong></span> <span class='ocrx_word' id='word_1_181' title='bbox 559 1848 642 1897; x_wconf 88' lang='lat' dir='ltr'><strong>dicitur</strong></span> <span class='ocrx_word' id='word_1_182' title='bbox 658 1863 664 1897; x_wconf 94' lang='lat'><strong>:</strong></span> <span class='ocrx_word' id='word_1_183' title='bbox 681 1864 696 1896; x_wconf 88' lang='grc' dir='ltr'><strong>ιι</strong></span> <span class='ocrx_word' id='word_1_184' title='bbox 712 1849 758 1898; x_wconf 85' lang='lat' dir='ltr'><strong>Fac</strong></span> <span class='ocrx_word' id='word_1_185' title='bbox 768 1848 815 1899; x_wconf 91' lang='lat' dir='ltr'><strong>tibi</strong></span> <span class='ocrx_word' id='word_1_186' title='bbox 828 1847 919 1900; x_wconf 74' lang='lat' dir='ltr'><strong>catulus</strong></span> 
     </span>
     <span class='ocr_line' id='line_1_25' title="bbox 126 1914 955 1985; baseline 0.013 -23"><span class='ocrx_word' id='word_1_187' title='bbox 126 1914 240 1980; x_wconf 80' lang='lat' dir='ltr'><strong>lapideos,</strong></span> <span class='ocrx_word' id='word_1_188' title='bbox 255 1920 278 1966; x_wconf 88' lang='lat' dir='ltr'><strong>et</strong></span> <span class='ocrx_word' id='word_1_189' title='bbox 291 1917 426 1969; x_wconf 90' lang='lat' dir='ltr'><strong>circumcide</strong></span> <span class='ocrx_word' id='word_1_190' title='bbox 439 1920 543 1970; x_wconf 83' lang='lat' dir='ltr'><strong>secundo</strong></span> <span class='ocrx_word' id='word_1_191' title='bbox 555 1919 614 1970; x_wconf 76' lang='lat' dir='ltr'><strong>ilios</strong></span> <span class='ocrx_word' id='word_1_192' title='bbox 625 1921 703 1970; x_wconf 87' lang='lat' dir='ltr'><strong>lsrael.</strong></span> <span class='ocrx_word' id='word_1_193' title='bbox 713 1936 728 1966; x_wconf 79' lang='lat' dir='ltr'><strong>u</strong></span> <span class='ocrx_word' id='word_1_194' title='bbox 739 1920 785 1969; x_wconf 83' lang='lat' dir='ltr'><strong>Per</strong></span> <span class='ocrx_word' id='word_1_195' title='bbox 797 1921 861 1985; x_wconf 81' lang='lat' dir='ltr'><strong>quod</strong></span> <span class='ocrx_word' id='word_1_196' title='bbox 871 1919 917 1980; x_wconf 74' lang='lat' dir='ltr'><strong>ligr</strong></span> <span class='ocrx_word' id='word_1_197' title='bbox 954 1982 955 1985; x_wconf 7' lang='grc' dir='ltr'><strong>Ἰ</strong></span> 
     </span>
     <span class='ocr_line' id='line_1_26' title="bbox 127 1987 956 2057; baseline 0.007 -22"><span class='ocrx_word' id='word_1_198' title='bbox 127 1987 217 2036; x_wconf 84' lang='lat' dir='ltr'><strong>natatur</strong></span> <span class='ocrx_word' id='word_1_199' title='bbox 230 1988 425 2040; x_wconf 84' lang='lat' dir='ltr'><strong>circumcisionem</strong></span> <span class='ocrx_word' id='word_1_200' title='bbox 435 1991 577 2054; x_wconf 78' lang='lat' dir='ltr'><strong>spiritualem</strong></span> <span class='ocrx_word' id='word_1_201' title='bbox 586 2004 638 2041; x_wconf 88' lang='lat' dir='ltr'><strong>osse</strong></span> <span class='ocrx_word' id='word_1_202' title='bbox 650 1991 779 2042; x_wconf 68' lang='lat' dir='ltr'><strong>masadam</strong></span> <span class='ocrx_word' id='word_1_203' title='bbox 791 2005 837 2054; x_wconf 78' lang='lat' dir='ltr'><strong>ner</strong></span> <span class='ocrx_word' id='word_1_204' title='bbox 849 1989 917 2041; x_wconf 76' lang='lat' dir='ltr'><strong>clus·</strong></span> <span class='ocrx_word' id='word_1_205' title='bbox 954 2037 956 2057; x_wconf 73' lang='lat'><strong>,</strong></span> 
     </span>
     <span class='ocr_line' id='line_1_27' title="bbox 128 2058 919 2122; baseline 0.013 -18"><span class='ocrx_word' id='word_1_206' title='bbox 128 2058 190 2118; x_wconf 85' lang='lat' dir='ltr'><strong>tum,</strong></span> <span class='ocrx_word' id='word_1_207' title='bbox 199 2059 227 2108; x_wconf 91' lang='lat' dir='ltr'><strong>de</strong></span> <span class='ocrx_word' id='word_1_208' title='bbox 238 2073 283 2122; x_wconf 85' lang='lat' dir='ltr'><strong>quo</strong></span> <span class='ocrx_word' id='word_1_209' title='bbox 296 2059 378 2110; x_wconf 89' lang='lat' dir='ltr'><strong>dicitur</strong></span> <span class='ocrx_word' id='word_1_210' title='bbox 386 2063 407 2110; x_wconf 92' lang='lat'><strong>1.</strong></span> <span class='ocrx_word' id='word_1_211' title='bbox 418 2064 490 2120; x_wconf 72' lang='lat' dir='ltr'><strong>Cor„</strong></span> <span class='ocrx_word' id='word_1_212' title='bbox 500 2065 539 2113; x_wconf 87' lang='lat' dir='ltr'><strong>ll:</strong></span> <span class='ocrx_word' id='word_1_213' title='bbox 550 2080 565 2111; x_wconf 85' lang='grc' dir='ltr'><strong>ιι</strong></span> <span class='ocrx_word' id='word_1_214' title='bbox 573 2063 641 2113; x_wconf 85' lang='lat' dir='ltr'><strong>Petra</strong></span> <span class='ocrx_word' id='word_1_215' title='bbox 649 2066 726 2112; x_wconf 89' lang='lat' dir='ltr'><strong>autem</strong></span> <span class='ocrx_word' id='word_1_216' title='bbox 736 2066 787 2112; x_wconf 87' lang='lat' dir='ltr'><strong>erat</strong></span> <span class='ocrx_word' id='word_1_217' title='bbox 795 2064 919 2114; x_wconf 76' lang='lat' dir='ltr'><strong>curum.»</strong></span> 
     </span>
    </p>

    <p class='ocr_par' dir='ltr' id='par_1_6' title="bbox 127 2129 956 2627">
     <span class='ocr_line' id='line_1_28' title="bbox 160 2129 918 2198; baseline 0.003 -20"><span class='ocrx_word' id='word_1_218' title='bbox 160 2129 193 2178; x_wconf 81' lang='lat' dir='ltr'><strong>ad</strong></span> <span class='ocrx_word' id='word_1_219' title='bbox 203 2130 295 2180; x_wconf 87' lang='lat' dir='ltr'><strong>tertium</strong></span> <span class='ocrx_word' id='word_1_220' title='bbox 309 2131 438 2197; x_wconf 87' lang='lat' dir='ltr'><strong>dicendum,</strong></span> <span class='ocrx_word' id='word_1_221' title='bbox 447 2134 509 2198; x_wconf 81' lang='lat' dir='ltr'><strong>quod</strong></span> <span class='ocrx_word' id='word_1_222' title='bbox 519 2134 672 2184; x_wconf 82' lang='lat' dir='ltr'><strong>octavusdics</strong></span> <span class='ocrx_word' id='word_1_223' title='bbox 683 2133 878 2184; x_wconf 82' lang='lat' dir='ltr'><strong>determinabatur</strong></span> <span class='ocrx_word' id='word_1_224' title='bbox 884 2130 918 2180; x_wconf 85' lang='lat' dir='ltr'><strong>cir·</strong></span> 
     </span>
     <span class='ocr_line' id='line_1_29' title="bbox 127 2197 920 2271; baseline 0.006 -25"><span class='ocrx_word' id='word_1_225' title='bbox 127 2197 279 2263; x_wconf 81' lang='lat' dir='ltr'><strong>cumcisioui,</strong></span> <span class='ocrx_word' id='word_1_226' title='bbox 294 2205 342 2254; x_wconf 87' lang='lat' dir='ltr'><strong>tum</strong></span> <span class='ocrx_word' id='word_1_227' title='bbox 361 2210 453 2269; x_wconf 80' lang='lat' dir='ltr'><strong>propter</strong></span> <span class='ocrx_word' id='word_1_228' title='bbox 476 2206 623 2271; x_wconf 74' lang='lat' dir='ltr'><strong>mysterium,</strong></span> <span class='ocrx_word' id='word_1_229' title='bbox 645 2204 700 2268; x_wconf 83' lang='lat' dir='ltr'><strong>quia</strong></span> <span class='ocrx_word' id='word_1_230' title='bbox 720 2204 745 2254; x_wconf 88' lang='lat' dir='ltr'><strong>in</strong></span> <span class='ocrx_word' id='word_1_231' title='bbox 760 2211 844 2256; x_wconf 83' lang='lat' dir='ltr'><strong>octaua</strong></span> <span class='ocrx_word' id='word_1_232' title='bbox 863 2205 920 2254; x_wconf 82' lang='lat' dir='ltr'><strong>cuc</strong></span> 
     </span>
     <span class='ocr_line' id='line_1_30' title="bbox 129 2271 921 2342; baseline 0.009 -23"><span class='ocrx_word' id='word_1_233' title='bbox 129 2271 196 2332; x_wconf 83' lang='lat' dir='ltr'><strong>(quar</strong></span> <span class='ocrx_word' id='word_1_234' title='bbox 215 2273 259 2322; x_wconf 88' lang='lat' dir='ltr'><strong>erit</strong></span> <span class='ocrx_word' id='word_1_235' title='bbox 272 2277 329 2324; x_wconf 81' lang='lat' dir='ltr'><strong>retas</strong></span> <span class='ocrx_word' id='word_1_236' title='bbox 340 2277 525 2342; x_wconf 79' lang='lat' dir='ltr'><strong>resurgentium),</strong></span> <span class='ocrx_word' id='word_1_237' title='bbox 533 2276 600 2341; x_wconf 85' lang='lat' dir='ltr'><strong>quasi</strong></span> <span class='ocrx_word' id='word_1_238' title='bbox 616 2277 642 2326; x_wconf 91' lang='lat' dir='ltr'><strong>in</strong></span> <span class='ocrx_word' id='word_1_239' title='bbox 652 2280 736 2328; x_wconf 87' lang='lat' dir='ltr'><strong>octaro</strong></span> <span class='ocrx_word' id='word_1_240' title='bbox 748 2277 787 2327; x_wconf 84' lang='lat' dir='ltr'><strong>die</strong></span> <span class='ocrx_word' id='word_1_241' title='bbox 801 2276 921 2341; x_wconf 73' lang='lat' dir='ltr'><strong>peronem</strong></span> 
     </span>
     <span class='ocr_line' id='line_1_31' title="bbox 129 2341 920 2410; baseline 0.013 -21"><span class='ocrx_word' id='word_1_242' title='bbox 129 2353 170 2403; x_wconf 89' lang='lat' dir='ltr'><strong>per</strong></span> <span class='ocrx_word' id='word_1_243' title='bbox 181 2341 295 2392; x_wconf 82' lang='lat' dir='ltr'><strong>Christum</strong></span> <span class='ocrx_word' id='word_1_244' title='bbox 314 2344 436 2409; x_wconf 86' lang='lat' dir='ltr'><strong>spiritualis</strong></span> <span class='ocrx_word' id='word_1_245' title='bbox 445 2347 597 2409; x_wconf 87' lang='lat' dir='ltr'><strong>circumcisio,</strong></span> <span class='ocrx_word' id='word_1_246' title='bbox 606 2349 698 2410; x_wconf 81' lang='lat' dir='ltr'><strong>qnando</strong></span> <span class='ocrx_word' id='word_1_247' title='bbox 713 2348 804 2399; x_wconf 86' lang='lat' dir='ltr'><strong>unieret</strong></span> <span class='ocrx_word' id='word_1_248' title='bbox 816 2343 920 2399; x_wconf 58' lang='lat' dir='ltr'><strong>abactis</strong></span> 
     </span>
     <span class='ocr_line' id='line_1_32' title="bbox 127 2414 956 2482; baseline 0.018 -24"><span class='ocrx_word' id='word_1_249' title='bbox 127 2423 173 2461; x_wconf 88' lang='lat' dir='ltr'><strong>non</strong></span> <span class='ocrx_word' id='word_1_250' title='bbox 183 2414 258 2463; x_wconf 84' lang='lat' dir='ltr'><strong>solum</strong></span> <span class='ocrx_word' id='word_1_251' title='bbox 268 2416 366 2480; x_wconf 87' lang='lat' dir='ltr'><strong>culpam,</strong></span> <span class='ocrx_word' id='word_1_252' title='bbox 377 2419 416 2468; x_wconf 90' lang='lat' dir='ltr'><strong>sed</strong></span> <span class='ocrx_word' id='word_1_253' title='bbox 433 2419 501 2469; x_wconf 90' lang='lat' dir='ltr'><strong>ctiam</strong></span> <span class='ocrx_word' id='word_1_254' title='bbox 512 2431 603 2469; x_wconf 88' lang='lat' dir='ltr'><strong>omnem</strong></span> <span class='ocrx_word' id='word_1_255' title='bbox 616 2419 790 2482; x_wconf 67' lang='lat' dir='ltr'><strong>poenalitatem</strong></span> <span class='ocrx_word' id='word_1_256' title='bbox 804 2417 920 2471; x_wconf 77' lang='lat' dir='ltr'><strong>tumetra</strong></span> <span class='ocrx_word' id='word_1_257' title='bbox 954 2469 956 2473; x_wconf 79' lang='grc'>,</span> 
     </span>
     <span class='ocr_line' id='line_1_33' title="bbox 127 2485 956 2553; baseline 0.01 -23"><span class='ocrx_word' id='word_1_258' title='bbox 127 2488 218 2548; x_wconf 82' lang='lat' dir='ltr'><strong>propter</strong></span> <span class='ocrx_word' id='word_1_259' title='bbox 228 2485 403 2538; x_wconf 89' lang='lat' dir='ltr'><strong>teneritudinem</strong></span> <span class='ocrx_word' id='word_1_260' title='bbox 415 2489 510 2540; x_wconf 84' lang='lat' dir='ltr'><strong>intentis</strong></span> <span class='ocrx_word' id='word_1_261' title='bbox 519 2494 572 2540; x_wconf 88' lang='lat' dir='ltr'><strong>ante</strong></span> <span class='ocrx_word' id='word_1_262' title='bbox 581 2494 689 2540; x_wconf 85' lang='lat' dir='ltr'><strong>cetarum</strong></span> <span class='ocrx_word' id='word_1_263' title='bbox 698 2491 767 2541; x_wconf 83' lang='lat' dir='ltr'><strong>diem</strong></span> <span class='ocrx_word' id='word_1_264' title='bbox 778 2491 845 2542; x_wconf 90' lang='lat' dir='ltr'><strong>Unde</strong></span> <span class='ocrx_word' id='word_1_265' title='bbox 861 2487 920 2540; x_wconf 84' lang='lat' dir='ltr'><strong>ctiam</strong></span> <span class='ocrx_word' id='word_1_266' title='bbox 954 2492 956 2553; x_wconf 65' lang='grc' dir='ltr'><strong><em>ξ</em></strong></span> 
     </span>
     <span class='ocr_line' id='line_1_34' title="bbox 127 2553 919 2627; baseline 0.009 -24"><span class='ocrx_word' id='word_1_267' title='bbox 127 2553 155 2605; x_wconf 93' lang='lat' dir='ltr'><strong>de</strong></span> <span class='ocrx_word' id='word_1_268' title='bbox 172 2553 223 2606; x_wconf 88' lang='lat' dir='ltr'><strong>aliis</strong></span> <span class='ocrx_word' id='word_1_269' title='bbox 237 2557 373 2611; x_wconf 87' lang='lat' dir='ltr'><strong>animalibus</strong></span> <span class='ocrx_word' id='word_1_270' title='bbox 389 2563 479 2618; x_wconf 77' lang='lat' dir='ltr'><strong>lenit..</strong></span> <span class='ocrx_word' id='word_1_271' title='bbox 495 2563 573 2624; x_wconf 86' lang='lat' dir='ltr'><strong>llllll,</strong></span> <span class='ocrx_word' id='word_1_272' title='bbox 587 2563 735 2626; x_wconf 72' lang='lat' dir='ltr'><strong>precipitur:</strong></span> <span class='ocrx_word' id='word_1_273' title='bbox 748 2563 835 2627; x_wconf 81' lang='lat' dir='ltr'><strong>«Bos,</strong></span> <span class='ocrx_word' id='word_1_274' title='bbox 845 2561 890 2614; x_wconf 81' lang='lat' dir='ltr'><strong>orb</strong></span> <span class='ocrx_word' id='word_1_275' title='bbox 901 2562 919 2608; x_wconf 83' lang='lat' dir='ltr'><strong>et</strong></span> 
     </span>
    </p>
   </div>
   <div class='ocr_carea' id='block_1_3' title="bbox 128 2662 923 2979">
    <p class='ocr_par' dir='ltr' id='par_1_7' title="bbox 128 2662 923 2979">
     <span class='ocr_line' id='line_1_35' title="bbox 163 2662 923 2728; baseline 0.007 -20"><span class='ocrx_word' id='word_1_276' title='bbox 163 2662 193 2724; x_wconf 80' lang='grc'><strong>(3)</strong></span> <span class='ocrx_word' id='word_1_277' title='bbox 211 2667 319 2718; x_wconf 83' lang='lat' dir='ltr'><strong>Quamvis</strong></span> <span class='ocrx_word' id='word_1_278' title='bbox 329 2681 375 2714; x_wconf 90' lang='lat' dir='ltr'><strong>non</strong></span> <span class='ocrx_word' id='word_1_279' title='bbox 387 2671 610 2728; x_wconf 72' lang='lat' dir='ltr'><strong>congenerationem</strong></span> <span class='ocrx_word' id='word_1_280' title='bbox 622 2672 683 2716; x_wconf 90' lang='lat' dir='ltr'><strong>illius</strong></span> <span class='ocrx_word' id='word_1_281' title='bbox 694 2672 792 2716; x_wconf 88' lang='lat' dir='ltr'><strong>membri</strong></span> <span class='ocrx_word' id='word_1_282' title='bbox 804 2677 923 2718; x_wconf 14' lang='lat' dir='ltr'><strong>minasve</strong></span> 
     </span>
     <span class='ocr_line' id='line_1_36' title="bbox 128 2726 920 2790; baseline 0.011 -21"><span class='ocrx_word' id='word_1_283' title='bbox 128 2726 233 2786; x_wconf 89' lang='lat' dir='ltr'><strong>citurus,</strong></span> <span class='ocrx_word' id='word_1_284' title='bbox 248 2731 303 2784; x_wconf 83' lang='lat' dir='ltr'><strong>quic</strong></span> <span class='ocrx_word' id='word_1_285' title='bbox 321 2733 450 2780; x_wconf 85' lang='lat' dir='ltr'><strong>sufficiebat</strong></span> <span class='ocrx_word' id='word_1_286' title='bbox 468 2741 495 2778; x_wconf 91' lang='lat' dir='ltr'><strong>ut</strong></span> <span class='ocrx_word' id='word_1_287' title='bbox 510 2735 549 2780; x_wconf 86' lang='lat' dir='ltr'><strong>alii</strong></span> <span class='ocrx_word' id='word_1_288' title='bbox 561 2747 602 2790; x_wconf 82' lang='lat' dir='ltr'><strong>per</strong></span> <span class='ocrx_word' id='word_1_289' title='bbox 617 2735 674 2780; x_wconf 91' lang='lat' dir='ltr'><strong>illud</strong></span> <span class='ocrx_word' id='word_1_290' title='bbox 692 2736 822 2780; x_wconf 85' lang='lat' dir='ltr'><strong>membrum</strong></span> <span class='ocrx_word' id='word_1_291' title='bbox 843 2743 920 2778; x_wconf 82' lang='lat' dir='ltr'><strong>nasce·</strong></span> 
     </span>
     <span class='ocr_line' id='line_1_37' title="bbox 128 2793 918 2854; baseline 0.013 -21"><span class='ocrx_word' id='word_1_292' title='bbox 128 2795 221 2848; x_wconf 86' lang='lat' dir='ltr'><strong>rentur,</strong></span> <span class='ocrx_word' id='word_1_293' title='bbox 231 2803 259 2836; x_wconf 85' lang='lat' dir='ltr'><strong>ex</strong></span> <span class='ocrx_word' id='word_1_294' title='bbox 267 2793 351 2848; x_wconf 86' lang='lat' dir='ltr'><strong>quibus</strong></span> <span class='ocrx_word' id='word_1_295' title='bbox 359 2795 408 2851; x_wconf 83' lang='lat' dir='ltr'><strong>ipse</strong></span> <span class='ocrx_word' id='word_1_296' title='bbox 418 2797 528 2854; x_wconf 79' lang='lat' dir='ltr'><strong>originem</strong></span> <span class='ocrx_word' id='word_1_297' title='bbox 537 2797 639 2842; x_wconf 84' lang='lat' dir='ltr'><strong>duceret.</strong></span> <span class='ocrx_word' id='word_1_298' title='bbox 653 2800 708 2843; x_wconf 76' lang='lat' dir='ltr'><strong>Duas</strong></span> <span class='ocrx_word' id='word_1_299' title='bbox 716 2803 794 2842; x_wconf 87' lang='lat' dir='ltr'><strong>autem</strong></span> <span class='ocrx_word' id='word_1_300' title='bbox 804 2800 918 2854; x_wconf 59' lang='lat' dir='ltr'><strong>sequemet</strong></span> 
     </span>
     <span class='ocr_line' id='line_1_38' title="bbox 128 2853 917 2918; baseline 0.011 -24"><span class='ocrx_word' id='word_1_301' title='bbox 128 2853 233 2900; x_wconf 88' lang='lat' dir='ltr'><strong>rationes</strong></span> <span class='ocrx_word' id='word_1_302' title='bbox 244 2867 272 2898; x_wconf 85' lang='lat' dir='ltr'><strong>ex</strong></span> <span class='ocrx_word' id='word_1_303' title='bbox 287 2858 404 2903; x_wconf 80' lang='lat' dir='ltr'><strong>antedicta</strong></span> <span class='ocrx_word' id='word_1_304' title='bbox 418 2860 500 2904; x_wconf 82' lang='lat' dir='ltr'><strong>Glossa</strong></span> <span class='ocrx_word' id='word_1_305' title='bbox 512 2860 677 2916; x_wconf 73' lang='lat' dir='ltr'><strong>desumuntur,</strong></span> <span class='ocrx_word' id='word_1_306' title='bbox 688 2872 741 2917; x_wconf 82' lang='lat' dir='ltr'><strong>quae</strong></span> <span class='ocrx_word' id='word_1_307' title='bbox 753 2861 817 2906; x_wconf 83' lang='lat' dir='ltr'><strong>addit</strong></span> <span class='ocrx_word' id='word_1_308' title='bbox 827 2871 869 2918; x_wconf 79' lang='lat' dir='ltr'><strong>per</strong></span> <span class='ocrx_word' id='word_1_309' title='bbox 882 2858 917 2902; x_wconf 72' lang='lat' dir='ltr'><strong>bot·</strong></span> 
     </span>
     <span class='ocr_line' id='line_1_39' title="bbox 128 2915 919 2979; baseline 0.011 -22"><span class='ocrx_word' id='word_1_310' title='bbox 128 2915 252 2971; x_wconf 74' lang='lat' dir='ltr'><strong>significari</strong></span> <span class='ocrx_word' id='word_1_311' title='bbox 270 2919 332 2973; x_wconf 80' lang='lat' dir='ltr'><strong>qnod</strong></span> <span class='ocrx_word' id='word_1_312' title='bbox 345 2921 428 2966; x_wconf 88' lang='lat' dir='ltr'><strong>mentis</strong></span> <span class='ocrx_word' id='word_1_313' title='bbox 441 2927 465 2965; x_wconf 86' lang='lat' dir='ltr'><strong>et</strong></span> <span class='ocrx_word' id='word_1_314' title='bbox 473 2922 577 2979; x_wconf 78' lang='lat' dir='ltr'><strong>corporis</strong></span> <span class='ocrx_word' id='word_1_315' title='bbox 587 2924 683 2968; x_wconf 77' lang='lat' dir='ltr'><strong>castitas</strong></span> <span class='ocrx_word' id='word_1_316' title='bbox 698 2928 760 2967; x_wconf 80' lang='lat' dir='ltr'><strong>essct</strong></span> <span class='ocrx_word' id='word_1_317' title='bbox 772 2918 919 2968; x_wconf 73' lang='lat' dir='ltr'><strong>obseruanda·</strong></span> 
     </span>
    </p>
   </div>
   <div class='ocr_carea' id='block_1_4' title="bbox 0 0 976 3284">
    <p class='ocr_par' dir='ltr' id='par_1_8' title="bbox 0 0 976 3284">
     <span class='ocr_line' id='line_1_40' title="bbox 0 0 976 3284; baseline 0 0"><span class='ocrx_word' id='word_1_318' title='bbox 0 0 976 3284; x_wconf 95' lang='lat' dir='ltr'><strong> </strong></span> 
     </span>
    </p>
   </div>
  </div>
 </body>
</html>
