1942 3284
251 186 284 223 nn
298 181 378 223 causa
392 183 612 224 alemannorum.
640 170 642 175 ’
804 174 834 223 'to

67 260 137 312 biom
148 262 173 312 ad
189 261 293 312 homines
307 261 408 326 pertinet
425 261 556 326 dispensare
572 262 714 313 sacramenta
732 264 756 312 et
767 260 791 311 in
803 262 837 313 eis

66 330 235 397 nnistrare‚non
256 337 334 383 antem
354 334 384 382 ad
400 333 501 397 angelos.
526 333 647 384 Sciendum
665 332 741 384 tamen
760 332 837 398 qubd,

64 402 106 453 aaut
122 406 175 456 llens
192 406 301 455 virtutem
320 418 385 454 suam
405 418 451 455 non
473 404 575 469 alligauit
592 405 755 469 sacramentis,
780 404 838 469 quin

63 477 118 538 possit
132 478 177 528 sinc
190 476 337 528 sacramentis
347 476 452 527 ellectum
466 480 659 528 sacramentorum
670 476 788 541 conferre,
803 476 836 528 ita

62 548 115 597 etiarn
126 550 228 601 nmntem
245 562 311 599 suam
328 562 374 599 non
391 548 493 611 alligauit
510 548 616 600 Ecclesiae
633 548 759 612 ministris,
779 550 836 613 quin

60 620 113 669 marn
131 622 214 685 angelis
235 620 309 685 possit
328 620 435 671 virtutem
458 619 580 670 attribuere
599 620 742 671 ministrandi
761 632 837 671 sacra-

62 695 128 741 mena.
140 694 167 742 Et
181 693 235 756 qnia
253 692 308 743 boni
322 692 398 756 angeli
415 695 468 764 sunt
480 692 556 743 nuntii
571 691 688 756 venialis,
709 692 729 743 si
745 691 837 755 aliquod

63 765 197 814 amnentate
212 764 362 814 ministerium
377 764 390 814 a
405 764 471 815 bonis
491 763 575 828 angelis
596 765 755 828 perficeretur,
774 766 836 814 esset

61 836 116 884 amm
124 837 263 897 babendum,
275 835 329 899 quia
342 836 436 887 deberet
442 840 546 887 constare
558 838 601 887 boc
610 835 659 887 lieri
668 835 785 886 voluntate
800 835 836 886 di-

60 903 111 969 rina,
124 908 181 957 sicut
192 908 296 972 quedam
307 909 393 973 templa
405 908 511 959 dicuntur
529 907 631 971 angelico
645 906 772 958 ministerio
781 920 836 957 con·

58 983 134 1030 acen.
148 981 172 1030 Si
183 980 376 1044 rerbdaemones,
387 980 489 1045 quisunt
500 980 595 1045 spiritus
608 980 735 1041 mendacii,
748 980 839 1045 aliquod

58 1051 199 1170 &mentale
218 1051 368 1102 ministerium
385 1053 534 1115 exhiberent,
554 1066 600 1103 non
618 1054 679 1102 esset
700 1055 773 1103 ratum
793 1052 838 1103 lra-

91 1123 146 1173 dum.

81 1195 108 1244 ll
117 1195 211 1259 primum
222 1208 278 1259 ergo
288 1196 421 1259 dicendum,
431 1194 492 1260 quod
500 1194 556 1246 illud
565 1196 625 1261 quod
635 1196 722 1246 faciunt
731 1196 839 1247 homines

58 1261 142 1317 ulmeri
156 1268 239 1329 modo,
252 1266 340 1319 seilicet
361 1280 402 1332 per
423 1266 539 1318 sensibilia
555 1270 709 1330 sacramenta,
726 1280 777 1331 quae
794 1268 840 1318 sint

58 1337 208 1401 omporlionatn
226 1342 314 1390 naturae
327 1339 441 1403 ipsorum,
456 1338 542 1389 iaciunt
559 1338 633 1403 angeli
650 1342 758 1403 tanquam
772 1350 840 1403 supe-

31 1405 32 1408 ’
57 1406 115 1459 riores
124 1411 221 1461 ministri
234 1412 346 1475 superiori
358 1410 441 1475 modo,
452 1409 540 1461 scilicet
550 1409 695 1461 invisibiliter
705 1411 837 1475 pugnaudo,

57 1476 188 1533 ilminanoo
200 1486 225 1533 el
241 1482 387 1547 perficiendo.

87 1552 241 1605 loseoundum
251 1554 382 1618 dicendum,
394 1554 454 1617 qubd
463 1553 533 1605 sancti
543 1552 582 1617 qui
597 1555 650 1603 sunt
665 1552 689 1602 in
702 1551 759 1604 coelo
766 1590 773 1616 ‚
786 1555 841 1603 sunt

64 1618 131 1673 mules
139 1627 226 1689 angelis
235 1624 348 1690 quantiam
359 1626 387 1675 ad
398 1624 596 1691 participationem
606 1623 699 1688 gloriae,
710 1628 840 1675 nouantem

62 1694 149 1754 quentin
162 1698 192 1748 ad
208 1696 363 1749 conditionem
377 1701 479 1761 natura,
492 1701 529 1761 et,
542 1709 584 1761 per
589 1708 756 1766 consequens,
768 1708 841 1760 neque

60 1766 151 1825 mutin
163 1770 191 1820 ad
205 1772 356 1820 sacramenta.

84 1839 111 1887 ld
121 1842 210 1891 terbum
219 1841 358 1904 dicendum,
370 1840 430 1904 qnbd
442 1841 497 1892 mali
508 1840 612 1891 homines
626 1853 673 1891 non
687 1839 772 1889 habent
782 1838 843 1902 quod

59 1910 132 1968 bibliot
145 1914 275 1964 ministrare
292 1913 318 1963 in
331 1913 476 1963 sacramentis
490 1925 518 1963 ex
535 1914 579 1963 hoc
597 1911 657 1977 quod
678 1924 719 1977 per
733 1910 843 1961 malitiam

61 1986 101 2030 ant
114 1986 213 2036 membra
237 1984 332 2035 diaboli.
352 1984 382 2035 ot
396 1984 448 2036 ideo
466 1998 512 2035 non
531 1984 633 2048 sequitur
649 1984 708 2049 qubd
725 1982 827 2033 diabolus
836 2018 843 2044 ‚

60 2053 89 2113 lffl'
100 2060 131 2107 eal
142 2070 222 2109 eornm
236 2062 306 2123 caput
316 2094 324 2119 ‚
336 2057 410 2122 magis
424 2060 468 2108 boc
480 2056 561 2122 possit.

330 2236 491 2289 namabilis
506 2236 563 2287 vill.

95 2364 177 2411 Utrim
191 2364 296 2411 lamatio
313 2364 421 2409 ministri
438 2363 581 2469 reputaretur
595 2362 626 2407 aui
638 2360 806 2419 perfectionem

369 2438 493 2471 sacramen
505 2438 522 2470 a.

84 2553 233 2607 alestanum
251 2555 285 2606 sic
298 2552 429 2619 proceditur
444 2552 490 2619 (l).
501 2552 595 2604 Videtur
610 2550 670 2616 qubd
684 2551 783 2602 intentio
801 2551 846 2600 mi·

59 2620 113 2674 aboi
128 2638 174 2678 nou
197 2626 328 2691 requiratur
348 2625 375 2674 ad
397 2623 562 2689 perlectionem
585 2621 730 2675 sacramenti.
748 2620 849 2673 llinister

87 2730 116 2793 (l)
127 2739 159 2783 lle
179 2738 216 2783 his
233 2738 306 2784 etiam
318 2735 401 2793 supra,
415 2748 456 2792 qu.
471 2732 503 2779 60
514 2767 520 2792 ,
532 2738 575 2781 art.
595 2733 623 2793 8,
636 2734 660 2778 in
678 2744 753 2791 corp.;
772 2736 796 2776 et
805 2730 850 2788 IV,

63 2791 125 2847 W..
136 2800 223 2858 nimo,
238 2812 280 2857 qu.
292 2799 320 2856 1,
335 2804 379 2845 art.
391 2798 420 2859 Ξ,
434 2797 570 2855 questione.
584 2796 611 2851 1;
623 2802 647 2842 el
659 2794 715 2841 dist.
727 2794 753 2851 ⁵1,
768 2805 810 2849 qu.
824 2790 849 2848 1,

64 2863 98 2902 δή
111 2861 133 2920 ¹,
145 2864 284 2921 quaestiunc.
304 2861 329 2919 1,
339 2862 368 2908 ad
379 2860 410 2917 ³3
426 2867 451 2906 et
466 2860 520 2905 dist.
540 2859 564 2918 8,
579 2871 619 2916 qu.
635 2859 660 2917 ἢ,
672 2862 719 2903 art.
737 2856 762 2913 l,
773 2864 850 2911 quaes·

31 2919 32 2984 ξ
65 2919 665 2988 lincaeo13etuim.ao,qmi,mt.³‚eua.

161 3029 206 3071 m,
730 3010 745 3055 3
