1942 3284
130 169 193 205 nn
224 168 494 214 numm.
530 169 579 207 ιιι
615 168 711 207 noc
746 167 957 209 samu.
992 169 1357 209 Acmnnrrnus.
1455 160 1545 209 819

0 260 125 296 ssesse
156 248 208 296 et
233 244 370 311 quod
399 248 508 303 est,
535 245 657 296 sicut
688 244 737 295 in
762 246 800 297 1.
830 249 946 310 part.
992 247 1050 297 de
1075 246 1249 311 angelis
1277 248 1450 298 dictum
1479 253 1549 299 est

0 335 54 382 [ιι.
100 324 191 381 51,
219 321 305 369 art.
342 324 372 371 2
411 322 458 370 et
487 325 514 369 3
541 318 592 383 )‚
620 321 795 369 etcum
832 319 923 369 hoc
963 319 1134 371 habent
1171 322 1549 387 compositionem

0 391 141 442 rtium
184 391 607 456 quantitativarum.

547 570 865 623 ARTICULUS
894 572 951 623 11.

0 702 115 746 triam
130 703 189 747 in
208 702 294 747 hoc
311 704 609 747 sacramento
627 702 873 759 quantitas
896 701 1163 748 ‹limen-siva
1180 704 1324 760 panis
1358 706 1433 750 vel
1451 706 1550 749 vini

279 764 343 808 sit
362 764 572 810 aliorum
592 765 911 809 accidentium
931 764 1215 820 subjectum.

4 896 69 946 Ad
100 896 358 947 secundum
392 894 461 946 sic
494 896 769 960 proceditur.
805 895 993 947 Videtur
1026 896 1146 960 quod
1190 896 1241 947 in
1277 898 1365 948 hoc
1398 911 1545 949 sacraw

0 971 91 1018 into
116 968 357 1032 quantitas
381 968 636 1019 dimensiva
656 968 790 1032 panis
816 968 893 1018 vel
911 967 1007 1018 vini
1025 981 1119 1019 non
1136 968 1198 1019 sit
1216 969 1407 1020 aliorum
1427 973 1545 1020 accia

0 1038 145 1088 ntium
176 1038 455 1101 subiectum.
480 1038 748 1103 Subiectum
777 1037 901 1088 enim
929 1037 1178 1089 accidentis
1206 1052 1300 1090 non
1321 1042 1394 1089 est
1423 1041 1549 1089 acci-

0 1123 80 1173 ns3
118 1110 251 1159 nulla
276 1109 401 1159 enim
436 1109 582 1160 forma
613 1113 764 1174 potest
788 1122 894 1160 esse
930 1110 1184 1173 subjectum
1203 1147 1216 1170 ,
1248 1108 1354 1161 cum
1382 1110 1549 1175 subjici

0 1180 166 1231 rtineat
205 1181 265 1232 ad
295 1180 618 1245 proprietatem
645 1180 865 1236 materiae.
900 1182 990 1252 Sed
1028 1181 1262 1245 quantitas
1295 1181 1549 1233 dimensiva

0 1256 12 1301 t
49 1253 282 1316 quoddam
308 1253 541 1304 accidens,
568 1254 685 1317 Ergo
719 1252 950 1316 quantitas
985 1252 1241 1305 dimensiva
1275 1267 1369 1305 non
1393 1258 1549 1319 potest

0 1338 45 1375 se
73 1326 343 1390 subjectum
374 1325 564 1376 aliorum
592 1324 908 1376 accidentium.

4 1401 51 1448 2.
82 1398 339 1461 Praetorea,
372 1396 489 1447 sicut
510 1396 740 1461 quantitas
761 1396 1070 1448 individuatur
1093 1410 1151 1449 ex
1177 1397 1449 1462 substantia,
1479 1399 1545 1450 ita

0 1469 78 1518 iam
101 1472 153 1521 et
180 1469 269 1518 alia
298 1468 567 1519 accidentia.
588 1469 636 1519 Si
655 1481 762 1531 ergo
787 1468 1017 1532 quantitas
1043 1469 1296 1520 dimensiva
1321 1470 1453 1533 panis
1471 1477 1553 1521 aut

0 1540 40 1590 ni
61 1544 274 1592 remanet
296 1540 581 1591 individuata
598 1539 849 1592 secundum
872 1555 974 1590 esse
997 1539 1124 1604 prius
1142 1540 1366 1603 habitum,
1388 1542 1438 1591 in
1457 1555 1545 1604 qun

0 1615 272 1675 asservatur,
299 1611 401 1675 pari
433 1612 605 1664 ratione
633 1616 680 1663 ct
712 1612 801 1662 alia
834 1612 1085 1663 accidentia
1118 1615 1356 1662 remanent
1385 1613 1553 1662 indivi-

0 1687 78 1733 1ata
107 1682 365 1735 secundum
389 1698 493 1734 esse
517 1684 637 1747 quod
665 1682 793 1747 prius
819 1684 1047 1735 habebant
1068 1683 1119 1733 in
1150 1682 1422 1733 substantia.
1453 1685 1553 1734 Non

0 1768 50 1816 go
84 1759 197 1805 sunt
237 1755 287 1804 in
334 1754 588 1818 quantitate
626 1754 879 1805 dimensiva
919 1755 1038 1805 sicut
1077 1754 1128 1804 in
1177 1753 1412 1818 subiecto,
1449 1754 1553 1805 cum

0 1839 77 1877 nne
104 1826 323 1877 accidens
350 1825 659 1877 individuetur
681 1839 765 1891 per
786 1840 917 1877 suum
946 1825 1219 1889 subjectum.

12 1901 53 1945 3.
92 1899 325 1949 Praeterea
342 1935 355 1961 ,
383 1897 501 1948 inter
532 1896 620 1947 alia
644 1898 895 1949 accidentia
922 1897 1057 1961 panis
1080 1902 1128 1949 et
1154 1896 1253 1947 vini
1276 1910 1378 1961 quae
1404 1911 1553 1949 rema÷

0 1973 71 2033 ant,
108 1970 519 2035 deprehenduntur
543 1971 683 2020 etiam
708 1983 846 2020 sensu
880 1984 1065 2021 rarum
1097 1971 1144 2021 et
1177 1969 1420 2029 densum,
1453 1984 1553 2035 quffi

0 2056 38 2092 tn
77 2048 276 2109 possunt
315 2055 416 2095 esse
446 2042 498 2093 in
525 2042 776 2107 quantitate
820 2043 1076 2094 dimensiva
1116 2045 1280 2107 praeter
1319 2044 1553 2095 materiam

0 2116 193 2175 istente,
222 2116 327 2179 quia
357 2131 539 2166 rarum
572 2120 643 2166 est
671 2115 793 2179 quod
814 2116 950 2167 babet
970 2129 1133 2180 parum
1167 2116 1224 2166 de
1252 2116 1441 2167 materia
1468 2117 1553 2166 suh

0 2189 126 2251 agnis
154 2188 531 2248 dimensionibus,
560 2188 767 2237 densum
798 2191 950 2239 autem
969 2189 1091 2251 quod
1118 2188 1258 2239 babet
1281 2187 1473 2238 multum
1499 2193 1557 2241 de

0 2261 141 2312 ateria
173 2260 260 2311 sub
300 2259 457 2324 parvis
500 2258 859 2311 dimensionibus
880 2297 894 2324 ,
927 2262 980 2309 ut
1020 2258 1186 2310 dicitur
1229 2260 1309 2309 IV.
1353 2260 1549 2324 Physic.

2 2337 94 2384 ext.
124 2333 239 2397 34).
256 2334 360 2383 Non
388 2344 499 2397 ergo
524 2332 703 2383 videtur
722 2332 844 2395 quod
875 2330 1109 2395 quantitas
1129 2330 1385 2382 dimensiva
1407 2333 1557 2397 possit

0 2418 49 2455 se
73 2405 337 2469 subjectum
362 2405 665 2456 accidentium
679 2417 780 2467 quae
806 2407 1048 2454 remanent
1071 2404 1118 2453 in
1138 2405 1226 2454 hoc
1253 2408 1549 2455 sacramento.

15 2480 59 2529 4.
95 2478 329 2529 Praeterea
346 2513 359 2537 ,
396 2476 625 2540 quantitas
656 2476 684 2527 a
719 2476 924 2540 subjecto
966 2479 1178 2539 separata
1220 2476 1404 2527 videtur
1449 2489 1553 2527 esse

0 2551 184 2601 tantitas
225 2549 581 2611 mathematica,
610 2563 711 2613 quae
752 2562 845 2599 non
883 2550 953 2599 est
991 2548 1245 2611 subjectum
1291 2548 1561 2611 qualitatum

0 2622 265 2673 msibitium.
295 2620 407 2673 Cum
442 2634 549 2685 ergo
583 2622 833 2673 accidentia
864 2634 968 2686 quae
1009 2622 1246 2671 remanent
1283 2620 1332 2671 in
1366 2622 1455 2672 boc
1489 2633 1561 2671 sa-

0 2698 185 2746 ·amento
210 2696 304 2754 sint
323 2693 571 2759 sensibilia,
595 2694 775 2745 videtur
792 2694 913 2757 quod
940 2706 1033 2744 non
1052 2692 1231 2757 possint
1256 2704 1360 2742 esse
1388 2692 1442 2742 in
1474 2694 1561 2741 hnc

0 2770 243 2818 [eramento
260 2804 275 2829 ‚
306 2766 424 2817 sicut
455 2767 507 2817 in
526 2766 765 2831 subjectu,
793 2767 840 2817 in
870 2765 1120 2829 quantitate
1143 2762 1395 2815 dimensiva
1428 2765 1561 2828 panis

0 2838 121 2889 mini
154 2841 421 2888 remanente
453 2843 557 2903 post
583 2839 997 2890 consecrationem.

19 2910 107 2961 Sed
123 2912 287 2961 contra
304 2912 398 2974 est,
420 2910 539 2974 quod
564 2910 809 2976 qualitates
832 2924 925 2962 non
955 2911 1062 2961 sunt
1087 2905 1339 2958 divisibiles
1367 2906 1456 2959 nisi
1483 2921 1561 2971 pur
