1942 3284
118 189 162 235 eat
262 191 461 239 surrrurrnnrun,
474 192 566 236 onam.
582 191 642 238 rur,
658 192 715 229 aar.
735 176 790 230 vra.¹

121 266 175 320 eim
187 268 275 332 abjecta
287 266 368 329 tuerit,
381 265 495 330 judicabis
513 277 598 317 earn.»
610 265 670 329 Ergo
679 267 813 329 quantitas
819 265 923 331 indidit

120 339 246 403 punitionis
255 338 356 403 peccati,
367 342 404 387 est
416 336 541 389 secnoddm
559 337 712 402 quantitatem
726 337 826 401 eulpa

152 412 280 473 emuna,
298 410 367 467 hono
380 408 494 460 reducitur
505 408 534 459 ad
546 407 699 473 aequalitatem
711 408 823 472 institiae
832 422 877 473 ner
887 422 924 472 nn

121 494 173 533 uam
188 480 306 531 inflictam.
316 480 362 537 Sed
374 480 419 531 troo
430 492 480 530 non
491 482 561 542 esset,
571 479 592 530 si
601 476 720 543 quantitas
729 479 817 543 culpae
827 485 855 531 et
864 492 926 543 nura

122 565 167 603 non
180 550 223 602 sibi
233 550 404 614 responderent.
418 550 478 612 Ergo
489 560 560 600 unum
572 547 639 600 altori
650 550 796 612 respondet.

153 623 312 687 (condrosio.
327 620 474 672 -Tametsi
492 618 604 683 quantun
624 620 654 671 ad
672 620 752 672 debiti
772 621 927 676 solutionem.

121 690 318 758 ponasecondiin
327 690 659 755 calpequantitatcntaxanda
669 690 713 751 sit,
721 696 928 755 quatenustaneo

121 773 197 827 pona,
213 762 242 814 ad
252 762 315 813 iliius
323 762 364 825 qui
373 762 484 825 peccavit,
493 762 531 812 rel
537 760 633 813 aliorum
643 761 780 812 remedium
787 764 927 828 injungitur,

120 848 167 887 non
178 846 269 898 semper
280 833 406 885 secundnm
417 833 491 897 culpa
500 834 651 896 quantitatem
661 869 668 893 ,
678 834 721 885 sed
737 836 891 899 quandoque
898 847 927 885 re

120 904 219 957 condiunt
234 916 380 969 personarum
396 904 550 956 conditionem
565 904 638 954 taxari
650 904 750 965 deba.)

152 976 288 1040 Respondco
304 973 513 1038 dicendum,un
529 986 598 1038 qoena
611 977 663 1038 nost
674 974 854 1029 dimissionem
865 978 927 1041 culce

122 1047 222 1111 exigitur
233 1048 262 1097 ad
280 1048 341 1109 duo,
354 1045 440 1097 cciiicet
451 1046 480 1096 ad
492 1045 592 1097 debitum
605 1044 759 1108 mirandum,
779 1051 809 1099 et
819 1049 854 1100 ad
863 1061 928 1099 rene

122 1119 185 1170 dium
196 1118 358 1182 prestandum.
368 1116 446 1167 Potest
454 1126 510 1179 erqo
517 1115 604 1167 taxatio
614 1126 689 1179 pona
697 1116 859 1170 considerari
867 1130 928 1183 quae

122 1190 171 1241 tim
180 1191 209 1241 ad
216 1190 274 1239 dno:
285 1186 360 1253 prino
368 1186 479 1251 quantun
488 1187 517 1237 ad
525 1186 637 1250 debitunt,
644 1185 710 1239 etsie
717 1189 854 1251 quantitas
861 1201 928 1253 nm

122 1259 248 1312 radicaliter
260 1256 382 1321 respondet
393 1257 516 1322 quantitati
521 1257 595 1321 eulpa
603 1294 611 1318 ‚
620 1259 749 1320 antequam
759 1259 796 1311 de
806 1272 841 1313 ea
850 1259 928 1323 aliquit

121 1330 245 1381 dimittatur
257 1344 264 1377 ε
279 1326 403 1378 secundini
412 1332 499 1383 ,tamen
511 1326 573 1392 quod
589 1340 630 1391 per
647 1327 750 1390 nmmum
761 1340 871 1394 eornm,
883 1341 928 1393 qu

120 1412 213 1465 ponam
228 1402 282 1449 nata
299 1401 354 1448 sunt
372 1400 501 1461 remittere,
514 1398 567 1463 nius
578 1397 715 1459 remittitur,
729 1401 876 1453 mundum
892 1403 928 1450 nor

120 1484 161 1535 per
180 1469 241 1522 alind
262 1467 338 1519 nnnc
359 1469 520 1520 remittendum
541 1469 580 1521 vni
598 1467 734 1521 solvendum
759 1475 865 1536 restat3
881 1472 926 1534 quia

121 1539 207 1607 quanto
225 1552 266 1604 per
277 1538 437 1595 contritionem
456 1540 510 1605 pius
523 1540 552 1591 de
567 1550 636 1604 poena
650 1538 773 1591 dinicsun
790 1545 855 1605 est,
869 1539 927 1593 tanti

121 1626 162 1677 per
171 1610 337 1664 contessionem
346 1610 423 1661 minus
431 1610 587 1662 dimittendum
595 1609 805 1675 resaisitione,
815 1611 925 1677 quantia

122 1683 151 1734 ad
161 1681 296 1741 remedium,
305 1680 344 1731 uel
351 1680 412 1731 illins
421 1680 462 1744 qni
471 1679 585 1745 peccavit,
594 1679 632 1731 vel
642 1678 753 1742 aliorum
764 1684 793 1731 et
803 1684 847 1735 sie
859 1694 926 1748 qnar-

122 1754 195 1818 doque
212 1766 255 1818 pro
272 1750 354 1802 minori
372 1755 466 1816 peccato
483 1750 613 1814 injungitur
626 1749 699 1814 maior
711 1751 880 1817 otententin3
895 1752 926 1803 vei

121 1824 175 1888 qnia
186 1827 277 1889 peccato
291 1822 358 1872 unius
370 1820 485 1873 difficiliirs
497 1825 574 1884 potest
586 1819 662 1871 resisti
673 1832 742 1884 qnam
750 1829 862 1885 peccato
875 1825 926 1875 nite

121 1894 182 1957 cius,
200 1894 260 1944 sicin
276 1892 359 1957 juveni
380 1891 504 1955 inponitur
524 1903 566 1955 pro
588 1890 737 1942 tornican'onc
755 1893 845 1955 major
861 1905 927 1959 porr

121 1963 189 2027 quin
202 1963 265 2023 seni,
278 1960 382 2024 quamtis
395 1961 470 2013 minin
482 1963 576 2026 peccet3
589 1961 627 2013 rei
637 1960 691 2025 qnia
702 1961 729 2013 in
737 1974 787 2014 uno
798 1969 927 2027 nemun

121 2036 157 2084 cst
171 2032 334 2096 pericutoaius,
347 2031 406 2083 sicut
419 2032 445 2083 in
464 2032 595 2093 sacerdote,
610 2031 679 2095 quim
690 2030 716 2081 in
733 2033 795 2096 ttio3
813 2036 862 2087 vei
875 2036 926 2100 quia
943 2052 950 2062 ·

122 2102 242 2154 multitudo
255 2101 328 2165 tnagis
339 2114 412 2167 prona
424 2107 461 2155 cst
469 2104 497 2154 ud
505 2102 562 2153 illud
575 2105 703 2166 peccatum,
712 2106 736 2153 et
747 2102 803 2154 idco
819 2118 928 2171 penno
968 2114 970 2119 ·

122 2186 175 2223 nam
184 2172 252 2224 unius
261 2172 302 2223 alii
314 2176 370 2225 sont
382 2173 520 2225 exterrendi.
531 2171 602 2225 Poena
614 2185 671 2236 arco
680 2172 706 2224 in
715 2174 765 2225 toro
774 2176 928 2238 omnitanne

121 2241 231 2306 quantun
250 2244 279 2294 ad
292 2246 412 2307 utrumque
425 2244 522 2295 nuanda
535 2249 587 2304 est,
600 2247 625 2294 et
636 2243 689 2296 ideo
707 2256 755 2295 non
767 2257 874 2310 semper
888 2262 928 2313 pru

123 2312 204 2376 majori
223 2316 317 2377 peccato
330 2314 402 2377 major
415 2324 484 2379 nona
501 2313 633 2379 imponitur.
646 2312 692 2365 Sed
703 2325 773 2377 poena
791 2316 928 2381 nnrmtcrii

121 2381 194 2433 solim
201 2386 237 2435 est
249 2383 278 2434 ad
287 2384 422 2435 solvendum
430 2383 545 2444 debitum,
556 2384 610 2447 quia
616 2383 667 2447 iam
675 2382 773 2435 ulterius
783 2397 835 2436 oon
846 2392 928 2441 manet

122 2453 185 2506 locus
206 2455 337 2517 peccandi:
354 2458 377 2507 ct
389 2454 441 2507 idco
457 2454 497 2505 illa
513 2466 582 2518 pona
598 2458 688 2505 taxatur
702 2453 776 2507 sotim
792 2460 927 2511 modin

123 2524 271 2589 quantitatem
280 2525 381 2589 peccati,
390 2524 532 2577 considerata
541 2524 770 2577 tamcncontritiouia
779 2530 929 2590 quantitate,

123 2600 146 2647 et
159 2594 301 2647 contunsione
311 2600 335 2645 et
347 2595 503 2659 absolutione,
516 2595 572 2659 quin
585 2609 627 2660 per
638 2596 714 2647 onnia
728 2596 780 2649 hec
791 2597 887 2662 aliquid
899 2604 929 2653 de

123 2678 190 2729 poena
198 2665 318 2717 dimittitur
330 2680 337 2715 ι
348 2666 409 2718 unde
419 2665 489 2717 etiam
499 2664 514 2715 a
524 2667 648 2727 uuerden,
658 2665 800 2730 injnnqeudo
810 2670 929 2721 satistu-

125 2737 224 2799 tionem,
235 2735 473 2787 suntcousideranda.
932 2753 937 2772 ¹

156 2807 190 2856 nd
207 2805 305 2869 primum
319 2818 373 2868 erqo
390 2805 524 2868 dicendum,
535 2806 596 2869 qnod
614 2806 734 2859 internis
750 2808 796 2860 illis
806 2810 856 2862 duo
869 2816 927 2865 tan·

20 2914 23 2959 t
124 2879 208 2934 cuntur
215 2888 244 2927 ex
261 2882 325 2937 parta
336 2874 418 2938 colpe,
430 2876 519 2929 scilicet
532 2875 666 2939 clarificatio
678 2882 703 2930 at
715 2878 802 2931 delicie
812 2880 866 2935 aire
883 2884 926 2934 de·
