1942 3284
231 219 263 254 us
277 217 467 257 snsmrnssrrsss
483 217 635 259 samem
788 210 835 258 tos

38 293 119 344 tismus
137 294 170 342 est
185 294 286 355 quedam
306 293 430 358 spiritualis
449 298 599 358 regeneratio.
622 296 673 347 Non
689 307 747 359 ergo
765 295 833 349 (lebet

41 367 120 430 aliquis
131 365 236 430 baptizari
250 365 382 429 priirsqnbur
397 380 426 417 ex
437 371 504 416 utero
518 372 631 419 nascatur.

75 438 225 499 (Conclusxo.
238 465 268 474 —
280 437 337 487 Cium
358 435 452 488 infantis
469 439 494 487 in
514 443 579 489 utero
592 444 694 491 materno
713 441 833 492 existentis

45 523 119 571 corpus
131 509 187 572 aqut
206 508 266 560 ablui
284 522 330 559 uon
348 509 436 572 possit,
455 513 518 574 petet
535 523 581 560 non
603 523 672 574 posse
689 511 714 561 in
730 516 833 564 materno

45 585 106 631 utero
118 580 226 630 infantem
244 579 377 645 baptizari.)

73 651 198 714 Respondro
219 651 355 714 dicendum,
372 651 432 714 qnbd
457 653 485 702 de
507 652 645 704 necessitate
670 654 778 718 baptismi
795 659 833 706 est

45 723 101 786 qnbrl
110 737 186 787 empus
200 723 328 786 baptizandi
347 723 422 786 aliquo
438 725 506 776 modo
520 723 577 787 aqut
587 726 699 784 abluatur,
712 723 764 774 oium
774 725 831 789 bap-

44 795 118 844 tismus
128 797 155 844 sit
164 795 265 858 qnaedam
274 794 368 854 ablutio,
380 799 405 844 ut
415 795 482 859 suprt
493 797 578 846 dietum
588 800 623 846 est
633 798 680 859 (qu⁴
690 801 729 857 66,
740 801 784 846 art.
792 798 829 861 t).

41 868 120 932 Corpus
141 872 217 917 autem
233 866 342 927 infantis,
369 869 491 930 antequam
512 872 616 918 nasoatur
635 881 665 918 ex
684 874 763 932 utero,
784 884 832 922 non

41 945 110 1002 potest
122 941 197 1003 aliquo
211 941 276 989 modo
286 940 347 988 ablui
361 939 434 1002 aqut,
446 939 490 990 nisi
504 939 561 991 torte
574 940 660 990 dicatur
671 941 730 1004 pubal
744 941 832 994 ablutio

41 1011 173 1074 baptismalis
194 1024 237 1073 pua
258 1024 342 1074 onrpns
361 1011 438 1061 matris
456 1012 562 1074 lavatur,
577 1013 605 1062 ad
621 1011 691 1061 illium
707 1011 732 1062 in
752 1015 832 1064 uentre

40 1083 166 1133 existentem
185 1083 313 1146 perueniat.
334 1082 378 1132 Sed
403 1085 446 1133 troo
465 1095 518 1133 esse
538 1096 584 1133 uon
605 1086 696 1147 potest,
710 1088 759 1134 tum
777 1084 832 1148 quis

39 1153 105 1203 anima
118 1153 199 1218 pueri,
214 1155 241 1203 ad
258 1154 324 1217 enjus
338 1153 540 1204 sanctificationem
559 1155 675 1205 ordinatur
689 1154 831 1218 baptismus,

40 1225 134 1275 tisiineta
144 1229 181 1275 est
194 1225 222 1273 ab
237 1225 312 1274 anima
327 1224 420 1287 matris,
436 1230 485 1275 tum
498 1224 551 1288 qnia
564 1237 648 1290 eorpus
664 1224 832 1288 pnerianimati

38 1298 77 1358 jam
88 1303 123 1348 est
137 1296 269 1358 formatum,
281 1299 319 1358 el,
333 1309 375 1359 per
386 1309 537 1359 consequens,
551 1296 565 1347 t
578 1309 673 1361 corpore
687 1297 768 1364 matris
781 1297 831 1346 dis-

38 1368 134 1419 tinctum.
147 1369 236 1418 ntioeo
244 1368 369 1432 baptismus
380 1381 425 1430 qno
437 1371 510 1417 mater
519 1368 656 1432 baptizatur,
665 1381 711 1418 non
720 1368 831 1418 redundat

39 1442 59 1491 iu
70 1443 155 1506 prolem
167 1441 192 1490 in
208 1444 272 1490 utero
286 1439 364 1489 matris
376 1440 529 1503 existentem,
542 1442 602 1490 uude
613 1439 752 1504 Augustinus
763 1440 829 1503 uicit,

42 1515 123 1564 Contra
137 1512 273 1563 Iulianum
292 1512 349 1575 (lib.
360 1512 403 1574 vi,
413 1525 464 1576 cap.
481 1512 513 1574 5)
529 1527 535 1562 :
552 1529 566 1559 ι(
577 1511 601 1562 Si
614 1514 641 1561 ad
656 1513 734 1562 metris
749 1526 832 1576 eorpus

42 1586 118 1650 itpuod
131 1587 194 1636 inea
209 1583 341 1648 coneipitur,
357 1583 466 1648 pertinet,
478 1583 510 1634 ita
525 1587 550 1634 ul
560 1583 612 1644 ejus
626 1597 681 1648 pars
695 1584 829 1648 imputetur,

44 1671 78 1708 non
95 1657 250 1723 baptizaretur
268 1655 343 1706 irrfnns
365 1655 431 1718 eujus
452 1659 531 1705 mater
547 1655 662 1718 baptizata
683 1659 734 1717 est,
753 1655 830 1718 aliquo

39 1731 103 1782 nortis
120 1732 219 1794 urgente
237 1727 350 1792 periculo,
371 1727 422 1778 sirm
435 1740 489 1778 eum
511 1729 611 1789 gestaret
631 1727 656 1776 in
673 1730 746 1777 utero.
764 1727 829 1776 Nune

38 1802 90 1866 verb,
100 1803 155 1854 oum
167 1801 218 1866 ipse
232 1799 410 1864 etiam(seilioet
419 1799 522 1861 inians),
534 1797 676 1862 baptizetur,
685 1810 732 1848 non
747 1798 830 1862 utique

37 1874 59 1922 al
78 1881 203 1926 maternum
219 1885 316 1935 eorpus,
332 1871 387 1921 cirru
409 1873 471 1921 essot
483 1871 508 1920 in
525 1874 608 1930 utero,
623 1868 758 1934 pertinebat.
772 1887 786 1918 n
800 1871 829 1921 Et

37 1942 61 1992 ita
76 1944 214 2008 relinquitur
230 1943 291 2006 quud
306 1942 367 1992 nullo
383 1943 450 1993 modo
469 1942 570 1993 iulantes
587 1942 611 1992 in
631 1941 742 1992 maternis
756 1943 830 1994 uteris

37 2016 159 2079 existentes,
173 2014 284 2080 baptizari
298 2018 402 2079 possunt.

60 2088 89 2138 ild
102 2089 202 2152 primum
222 2100 275 2149 ergo
292 2087 425 2147 dicendum,
443 2085 503 2150 quod
515 2085 580 2149 pueri
597 2085 622 2134 irs
636 2085 749 2138 maternis
758 2085 830 2136 utens

36 2157 165 2220 existentes,
178 2159 278 2208 nondum
293 2157 423 2221 prodierunt
437 2157 460 2207 in
475 2157 565 2218 luoem,
578 2160 604 2206 ut
613 2170 666 2206 eum
683 2156 734 2208 aliis
752 2157 828 2208 bomi-

39 2227 92 2280 nibus
99 2232 174 2281 uitam
183 2232 280 2291 duonum
291 2229 349 2280 unde
359 2242 405 2280 uon
416 2233 514 2293 possunt
524 2228 607 2292 subjici
616 2228 701 2279 aetioui
710 2230 826 2291 bumana,

38 2301 57 2346 nt
71 2316 109 2364 per
125 2315 206 2353 eorum
228 2299 375 2350 ministerium
389 2303 530 2350 sacramenta
547 2298 658 2362 resipiant
671 2300 700 2350 at
716 2299 825 2350 salutem.

38 2369 121 2424 insunt
139 2378 218 2424 tamen
232 2371 314 2436 subjici
328 2371 453 2436 operationi
465 2372 521 2431 liei,
535 2370 597 2433 apud
609 2383 678 2433 quem
692 2370 785 2434 vivunt,
801 2373 828 2420 nt

40 2445 126 2502 quodam
138 2443 259 2509 privilegio
273 2442 351 2506 gratie
363 2443 561 2494 sanctificationem
577 2446 751 2505 consequantur,
770 2443 829 2492 sient

40 2518 90 2572 natet
102 2518 130 2568 de
145 2515 293 2566 sarretilieatr's
304 2515 329 2564 iu
342 2518 413 2566 utero.

63 2589 91 2642 tl
103 2591 228 2640 secundum
242 2587 369 2651 dicendum,
381 2587 441 2651 qnid
452 2587 580 2637 membrum
591 2586 688 2636 interius
700 2586 778 2636 matris
791 2591 828 2637 est

41 2655 111 2722 aliquid
125 2664 178 2726 ejus
194 2675 236 2726 per
248 2660 438 2711 continuationem
452 2663 475 2710 et
487 2657 595 2708 unionem
607 2658 732 2708 naturalem
752 2659 826 2722 partis

41 2728 63 2777 at
77 2735 156 2782 totum.
177 2734 236 2782 Puer
255 2735 330 2781 autern
342 2731 364 2780 in
385 2735 448 2782 utero
465 2730 543 2780 matris
556 2731 674 2790 existens,
689 2734 724 2780 est
740 2730 827 2793 aliquid

41 2799 82 2862 tius
90 2817 129 2868 per
139 2805 260 2869 qnamdam
274 2801 441 2870 colligationem
450 2813 570 2866 corporum
581 2801 746 2852 distinctorum.
762 2801 826 2851 llnrle

42 2882 78 2922 non
89 2880 123 2928 est
134 2873 215 2927 similis
232 2874 300 2926 rutio.

65 2947 198 2999 intertium
211 2945 346 3009 mororum,
364 2944 424 3009 ouon
436 2961 453 2994 n
466 2957 513 2999 non
529 2948 585 2996 sunt
598 2943 703 2994 lamonia
721 2942 782 2992 muln
801 2944 827 2990 nt
847 2981 852 2994 .
