<?xml version="1.0" encoding="UTF-8"?>
<!DOCTYPE html PUBLIC "-//W3C//DTD XHTML 1.0 Transitional//EN"
    "http://www.w3.org/TR/xhtml1/DTD/xhtml1-transitional.dtd">
<html xmlns="http://www.w3.org/1999/xhtml" xml:lang="en" lang="en">
 <head>
  <title>
</title>
<meta http-equiv="Content-Type" content="text/html;charset=utf-8" />
  <meta name='ocr-system' content='tesseract 3.04.00' />
  <meta name='ocr-capabilities' content='ocr_page ocr_carea ocr_par ocr_line ocrx_word'/>
</head>
<body>
  <div class='ocr_page' id='page_1' title='image "./summatheologica01nicogoog_0806.png"; bbox 0 0 1942 3284; ppageno 0'>
   <div class='ocr_carea' id='block_1_1' title="bbox 129 210 937 567">
    <p class='ocr_par' dir='ltr' id='par_1_1' title="bbox 129 210 935 498">
     <span class='ocr_line' id='line_1_1' title="bbox 131 210 791 264; baseline -0.008 -10"><span class='ocrx_word' id='word_1_1' title='bbox 131 210 177 258; x_wconf 72' lang='lat' dir='ltr'><strong>nott</strong></span> <span class='ocrx_word' id='word_1_2' title='bbox 280 214 483 263; x_wconf 66' lang='lat' dir='ltr'><strong>subruuntur,</strong></span> <span class='ocrx_word' id='word_1_3' title='bbox 495 214 591 260; x_wconf 77' lang='lat' dir='ltr'><strong>own.</strong></span> <span class='ocrx_word' id='word_1_4' title='bbox 606 215 671 264; x_wconf 91' lang='grc' dir='ltr'>ιιι,</span> <span class='ocrx_word' id='word_1_5' title='bbox 682 213 743 250; x_wconf 77' lang='grc' dir='ltr'>ιιι.</span> <span class='ocrx_word' id='word_1_6' title='bbox 761 213 791 250; x_wconf 87' lang='lat' dir='ltr'><strong>rr.</strong></span> 
     </span>
     <span class='ocr_line' id='line_1_2' title="bbox 129 287 934 356; baseline -0.01 -10"><span class='ocrx_word' id='word_1_7' title='bbox 129 293 247 356; x_wconf 76' lang='lat' dir='ltr'><strong>inchoati,</strong></span> <span class='ocrx_word' id='word_1_8' title='bbox 258 293 298 344; x_wconf 82' lang='lat' dir='ltr'><strong>seb</strong></span> <span class='ocrx_word' id='word_1_9' title='bbox 313 291 415 356; x_wconf 77' lang='lat' dir='ltr'><strong>quianam</strong></span> <span class='ocrx_word' id='word_1_10' title='bbox 428 289 552 355; x_wconf 82' lang='lat' dir='ltr'><strong>spiritualis</strong></span> <span class='ocrx_word' id='word_1_11' title='bbox 565 287 673 340; x_wconf 76' lang='lat' dir='ltr'>debilitas</span> <span class='ocrx_word' id='word_1_12' title='bbox 685 288 712 338; x_wconf 90' lang='lat' dir='ltr'><strong>in</strong></span> <span class='ocrx_word' id='word_1_13' title='bbox 725 287 779 352; x_wconf 85' lang='lat' dir='ltr'><strong>ipsa</strong></span> <span class='ocrx_word' id='word_1_14' title='bbox 789 290 870 340; x_wconf 81' lang='lat' dir='ltr'><strong>menie</strong></span> <span class='ocrx_word' id='word_1_15' title='bbox 881 288 934 338; x_wconf 74' lang='lat' dir='ltr'><strong>exie</strong></span> 
     </span>
     <span class='ocr_line' id='line_1_3' title="bbox 131 357 935 429; baseline -0.006 -13"><span class='ocrx_word' id='word_1_16' title='bbox 131 369 201 429; x_wconf 77' lang='lat' dir='ltr'><strong>taas3</strong></span> <span class='ocrx_word' id='word_1_17' title='bbox 215 363 261 428; x_wconf 77' lang='lat' dir='ltr'><strong>qua</strong></span> <span class='ocrx_word' id='word_1_18' title='bbox 274 361 373 424; x_wconf 73' lang='lat' dir='ltr'><strong>subbati,</strong></span> <span class='ocrx_word' id='word_1_19' title='bbox 386 362 455 412; x_wconf 83' lang='lat' dir='ltr'><strong>etiam</strong></span> <span class='ocrx_word' id='word_1_20' title='bbox 465 360 551 412; x_wconf 88' lang='lat' dir='ltr'><strong>eisdem</strong></span> <span class='ocrx_word' id='word_1_21' title='bbox 561 357 682 411; x_wconf 83' lang='lat' dir='ltr'><strong>habitibus</strong></span> <span class='ocrx_word' id='word_1_22' title='bbox 692 359 734 409; x_wconf 81' lang='lat' dir='ltr'><strong>vei</strong></span> <span class='ocrx_word' id='word_1_23' title='bbox 750 358 935 424; x_wconf 74' lang='lat' dir='ltr'><strong>dispostionibrt</strong></span> 
     </span>
     <span class='ocr_line' id='line_1_4' title="bbox 132 431 873 498; baseline -0.009 -10"><span class='ocrx_word' id='word_1_24' title='bbox 132 435 294 497; x_wconf 86' lang='lat' dir='ltr'><strong>manentibus,</strong></span> <span class='ocrx_word' id='word_1_25' title='bbox 308 434 396 486; x_wconf 88' lang='lat' dir='ltr'><strong>nonita</strong></span> <span class='ocrx_word' id='word_1_26' title='bbox 407 435 483 498; x_wconf 90' lang='lat' dir='ltr'><strong>potest</strong></span> <span class='ocrx_word' id='word_1_27' title='bbox 495 431 601 482; x_wconf 74' lang='lat' dir='ltr'><strong>inclinari</strong></span> <span class='ocrx_word' id='word_1_28' title='bbox 613 443 680 481; x_wconf 87' lang='lat' dir='ltr'><strong>meus</strong></span> <span class='ocrx_word' id='word_1_29' title='bbox 693 431 727 482; x_wconf 82' lang='lat' dir='ltr'><strong>ad</strong></span> <span class='ocrx_word' id='word_1_30' title='bbox 735 435 873 495; x_wconf 60' lang='lat' dir='ltr'><strong>meatum.</strong></span> 
     </span>
    </p>

    <p class='ocr_par' dir='ltr' id='par_1_2' title="bbox 164 501 937 567">
     <span class='ocr_line' id='line_1_5' title="bbox 164 501 937 567; baseline -0.006 -9"><span class='ocrx_word' id='word_1_31' title='bbox 164 509 199 558; x_wconf 82' lang='lat' dir='ltr'><strong>bd</strong></span> <span class='ocrx_word' id='word_1_32' title='bbox 216 507 309 558; x_wconf 84' lang='lat' dir='ltr'><strong>tertium</strong></span> <span class='ocrx_word' id='word_1_33' title='bbox 327 505 462 566; x_wconf 82' lang='lat' dir='ltr'><strong>dicendum,</strong></span> <span class='ocrx_word' id='word_1_34' title='bbox 477 501 537 567; x_wconf 76' lang='lat' dir='ltr'><strong>quod</strong></span> <span class='ocrx_word' id='word_1_35' title='bbox 555 503 646 566; x_wconf 84' lang='lat' dir='ltr'><strong>quaudo</strong></span> <span class='ocrx_word' id='word_1_36' title='bbox 668 506 726 552; x_wconf 90' lang='lat' dir='ltr'><strong>suut</strong></span> <span class='ocrx_word' id='word_1_37' title='bbox 742 503 828 554; x_wconf 72' lang='lat' dir='ltr'><strong>multae</strong></span> <span class='ocrx_word' id='word_1_38' title='bbox 846 504 937 554; x_wconf 66' lang='lat' dir='ltr'><strong>artiore</strong></span> 
     </span>
    </p>
   </div>
   <div class='ocr_carea' id='block_1_2' title="bbox 135 573 939 713">
    <p class='ocr_par' dir='ltr' id='par_1_3' title="bbox 135 573 939 713">
     <span class='ocr_line' id='line_1_6' title="bbox 135 573 938 638; baseline -0.01 -6"><span class='ocrx_word' id='word_1_39' title='bbox 135 579 242 632; x_wconf 81' lang='lat' dir='ltr'><strong>ordinate</strong></span> <span class='ocrx_word' id='word_1_40' title='bbox 255 577 284 627; x_wconf 84' lang='lat' dir='ltr'><strong>ad</strong></span> <span class='ocrx_word' id='word_1_41' title='bbox 293 589 364 628; x_wconf 88' lang='lat' dir='ltr'><strong>unum</strong></span> <span class='ocrx_word' id='word_1_42' title='bbox 377 573 591 638; x_wconf 60' lang='lat' dir='ltr'><strong>ebertramnum</strong></span> <span class='ocrx_word' id='word_1_43' title='bbox 601 577 639 624; x_wconf 89' lang='lat' dir='ltr'><strong>est</strong></span> <span class='ocrx_word' id='word_1_44' title='bbox 652 573 759 624; x_wconf 78' lang='lat' dir='ltr'><strong>formatis</strong></span> <span class='ocrx_word' id='word_1_45' title='bbox 770 578 888 638; x_wconf 78' lang='lat' dir='ltr'><strong>respecta</strong></span> <span class='ocrx_word' id='word_1_46' title='bbox 898 586 938 624; x_wconf 75' lang='lat' dir='ltr'><strong>one</strong></span> 
     </span>
     <span class='ocr_line' id='line_1_7' title="bbox 135 643 939 713; baseline -0.007 -11"><span class='ocrx_word' id='word_1_47' title='bbox 135 650 198 702; x_wconf 87' lang='lat' dir='ltr'><strong>nium</strong></span> <span class='ocrx_word' id='word_1_48' title='bbox 216 647 405 713; x_wconf 79' lang='lat' dir='ltr'><strong>precedentium,</strong></span> <span class='ocrx_word' id='word_1_49' title='bbox 421 652 444 698; x_wconf 88' lang='lat' dir='ltr'><strong>et</strong></span> <span class='ocrx_word' id='word_1_50' title='bbox 465 646 514 710; x_wconf 80' lang='lat' dir='ltr'><strong>agit</strong></span> <span class='ocrx_word' id='word_1_51' title='bbox 534 643 560 694; x_wconf 85' lang='lat' dir='ltr'><strong>‘nn</strong></span> <span class='ocrx_word' id='word_1_52' title='bbox 579 645 665 695; x_wconf 74' lang='lat' dir='ltr'><strong>virtute</strong></span> <span class='ocrx_word' id='word_1_53' title='bbox 688 657 783 695; x_wconf 87' lang='lat' dir='ltr'><strong>earum.</strong></span> <span class='ocrx_word' id='word_1_54' title='bbox 799 647 833 696; x_wconf 87' lang='lat' dir='ltr'><strong>Et</strong></span> <span class='ocrx_word' id='word_1_55' title='bbox 849 645 939 697; x_wconf 80' lang='lat' dir='ltr'><strong>itoob</strong></span> 
     </span>
    </p>
   </div>
   <div class='ocr_carea' id='block_1_3' title="bbox 134 715 940 856">
    <p class='ocr_par' dir='ltr' id='par_1_4' title="bbox 134 715 940 856">
     <span class='ocr_line' id='line_1_8' title="bbox 134 715 940 842; baseline -0.006 -70"><span class='ocrx_word' id='word_1_56' title='bbox 134 721 219 842; x_wconf 55' lang='lat' dir='ltr'><strong>ultirlnat</strong></span> <span class='ocrx_word' id='word_1_57' title='bbox 232 720 341 772; x_wconf 79' lang='lat' dir='ltr'><strong>nuatione</strong></span> <span class='ocrx_word' id='word_1_58' title='bbox 362 715 653 783; x_wconf 57' lang='lat' dir='ltr'><strong>probatissimorumque</strong></span> <span class='ocrx_word' id='word_1_59' title='bbox 671 715 787 769; x_wconf 77' lang='lat' dir='ltr'><strong>effaetum</strong></span> <span class='ocrx_word' id='word_1_60' title='bbox 801 723 940 768; x_wconf 73' lang='lat' dir='ltr'><strong>sasrmmto</strong></span> 
     </span>
     <span class='ocr_line' id='line_1_9' title="bbox 134 805 227 856; baseline -0.011 -13"><span class='ocrx_word' id='word_1_61' title='bbox 134 805 180 856; x_wconf 74' lang='lat' dir='ltr'><strong>pre</strong></span> <span class='ocrx_word' id='word_1_62' title='bbox 196 805 227 842; x_wconf 87' lang='lat' dir='ltr'><strong>e.</strong></span> 
     </span>
    </p>
   </div>
   <div class='ocr_carea' id='block_1_4' title="bbox 166 893 920 1079">
    <p class='ocr_par' dir='ltr' id='par_1_5' title="bbox 166 893 920 1079">
     <span class='ocr_line' id='line_1_10' title="bbox 427 893 632 946; baseline -0.015 0"><span class='ocrx_word' id='word_1_63' title='bbox 427 893 589 946; x_wconf 80' lang='lat' dir='ltr'><strong>nnrtcbbbs</strong></span> <span class='ocrx_word' id='word_1_64' title='bbox 603 894 632 944; x_wconf 87' lang='lat'><strong>11.</strong></span> 
     </span>
     <span class='ocr_line' id='line_1_11' title="bbox 166 1018 920 1079; baseline -0.005 -9"><span class='ocrx_word' id='word_1_65' title='bbox 166 1023 253 1070; x_wconf 78' lang='lat' dir='ltr'><strong>Utrtrm</strong></span> <span class='ocrx_word' id='word_1_66' title='bbox 266 1021 359 1070; x_wconf 79' lang='lat' dir='ltr'><strong>sonitus</strong></span> <span class='ocrx_word' id='word_1_67' title='bbox 368 1019 501 1076; x_wconf 75' lang='lat' dir='ltr'><strong>corporolia</strong></span> <span class='ocrx_word' id='word_1_68' title='bbox 510 1019 543 1064; x_wconf 79' lang='lat' dir='ltr'><strong>ait</strong></span> <span class='ocrx_word' id='word_1_69' title='bbox 556 1019 653 1075; x_wconf 63' lang='lat' dir='ltr'><strong>meatur</strong></span> <span class='ocrx_word' id='word_1_70' title='bbox 666 1018 745 1074; x_wconf 77' lang='lat' dir='ltr'><strong>bojas</strong></span> <span class='ocrx_word' id='word_1_71' title='bbox 758 1022 920 1079; x_wconf 70' lang='lat' dir='ltr'><strong>manenti</strong></span> 
     </span>
    </p>
   </div>
   <div class='ocr_carea' id='block_1_5' title="bbox 135 1143 968 2852">
    <p class='ocr_par' dir='ltr' id='par_1_6' title="bbox 135 1143 968 1496">
     <span class='ocr_line' id='line_1_12' title="bbox 167 1143 939 1210; baseline -0.004 -10"><span class='ocrx_word' id='word_1_72' title='bbox 167 1149 202 1200; x_wconf 80' lang='lat' dir='ltr'><strong>bd</strong></span> <span class='ocrx_word' id='word_1_73' title='bbox 215 1147 338 1200; x_wconf 83' lang='lat' dir='ltr'><strong>secuudum</strong></span> <span class='ocrx_word' id='word_1_74' title='bbox 357 1146 390 1196; x_wconf 87' lang='lat' dir='ltr'><strong>sio</strong></span> <span class='ocrx_word' id='word_1_75' title='bbox 407 1145 549 1210; x_wconf 80' lang='lat' dir='ltr'><strong>proceditur.</strong></span> <span class='ocrx_word' id='word_1_76' title='bbox 569 1144 663 1194; x_wconf 85' lang='lat' dir='ltr'><strong>Videtur</strong></span> <span class='ocrx_word' id='word_1_77' title='bbox 678 1143 743 1208; x_wconf 81' lang='lat' dir='ltr'><strong>pubd</strong></span> <span class='ocrx_word' id='word_1_78' title='bbox 757 1145 855 1198; x_wconf 69' lang='lat' dir='ltr'><strong>sanius</strong></span> <span class='ocrx_word' id='word_1_79' title='bbox 869 1159 939 1210; x_wconf 75' lang='lat' dir='ltr'><strong>serpe</strong></span> 
     </span>
     <span class='ocr_line' id='line_1_13' title="bbox 135 1215 939 1280; baseline -0.004 -8"><span class='ocrx_word' id='word_1_80' title='bbox 135 1221 190 1272; x_wconf 90' lang='lat' dir='ltr'><strong>ralis</strong></span> <span class='ocrx_word' id='word_1_81' title='bbox 201 1219 288 1270; x_wconf 90' lang='lat' dir='ltr'><strong>nonsit</strong></span> <span class='ocrx_word' id='word_1_82' title='bbox 301 1218 394 1268; x_wconf 84' lang='lat' dir='ltr'><strong>effeetus</strong></span> <span class='ocrx_word' id='word_1_83' title='bbox 407 1217 478 1280; x_wconf 79' lang='lat' dir='ltr'><strong>hujus</strong></span> <span class='ocrx_word' id='word_1_84' title='bbox 489 1215 638 1267; x_wconf 76' lang='lat' dir='ltr'><strong>sacramenti.</strong></span> <span class='ocrx_word' id='word_1_85' title='bbox 647 1216 720 1265; x_wconf 87' lang='lat' dir='ltr'><strong>Omne</strong></span> <span class='ocrx_word' id='word_1_86' title='bbox 731 1216 800 1266; x_wconf 89' lang='lat' dir='ltr'><strong>euim</strong></span> <span class='ocrx_word' id='word_1_87' title='bbox 817 1230 939 1269; x_wconf 65' lang='lat' dir='ltr'><strong>meram</strong></span> 
     </span>
     <span class='ocr_line' id='line_1_14' title="bbox 136 1285 968 1352; baseline -0.004 -9"><span class='ocrx_word' id='word_1_88' title='bbox 136 1296 186 1342; x_wconf 88' lang='lat' dir='ltr'><strong>tum</strong></span> <span class='ocrx_word' id='word_1_89' title='bbox 198 1294 232 1341; x_wconf 90' lang='lat' dir='ltr'><strong>est</strong></span> <span class='ocrx_word' id='word_1_90' title='bbox 243 1289 356 1339; x_wconf 83' lang='lat' dir='ltr'><strong>medicina</strong></span> <span class='ocrx_word' id='word_1_91' title='bbox 370 1287 506 1352; x_wconf 86' lang='lat' dir='ltr'><strong>spiritualis.</strong></span> <span class='ocrx_word' id='word_1_92' title='bbox 520 1288 565 1338; x_wconf 83' lang='lat' dir='ltr'><strong>Sed</strong></span> <span class='ocrx_word' id='word_1_93' title='bbox 579 1285 703 1350; x_wconf 85' lang='lat' dir='ltr'><strong>spiritualis</strong></span> <span class='ocrx_word' id='word_1_94' title='bbox 719 1288 843 1340; x_wconf 82' lang='lat' dir='ltr'><strong>medim&#39;ua</strong></span> <span class='ocrx_word' id='word_1_95' title='bbox 853 1289 882 1340; x_wconf 81' lang='lat' dir='ltr'><strong>ari</strong></span> <span class='ocrx_word' id='word_1_96' title='bbox 898 1289 940 1352; x_wconf 66' lang='lat' dir='ltr'><strong>spi</strong></span> <span class='ocrx_word' id='word_1_97' title='bbox 966 1342 968 1345; x_wconf 77' lang='grc'><strong>,</strong></span> 
     </span>
     <span class='ocr_line' id='line_1_15' title="bbox 135 1357 939 1424; baseline -0.001 -12"><span class='ocrx_word' id='word_1_98' title='bbox 135 1361 239 1412; x_wconf 85' lang='lat' dir='ltr'><strong>ritnaiem</strong></span> <span class='ocrx_word' id='word_1_99' title='bbox 256 1359 376 1410; x_wconf 86' lang='lat' dir='ltr'><strong>sanitatem</strong></span> <span class='ocrx_word' id='word_1_100' title='bbox 390 1361 518 1420; x_wconf 83' lang='lat' dir='ltr'><strong>ordinatur,</strong></span> <span class='ocrx_word' id='word_1_101' title='bbox 531 1357 590 1411; x_wconf 88' lang='lat' dir='ltr'><strong>sieut</strong></span> <span class='ocrx_word' id='word_1_102' title='bbox 603 1357 727 1422; x_wconf 78' lang='lat' dir='ltr'><strong>corporalis</strong></span> <span class='ocrx_word' id='word_1_103' title='bbox 743 1360 939 1424; x_wconf 64' lang='lat' dir='ltr'><strong>adcorporata</strong></span> 
     </span>
     <span class='ocr_line' id='line_1_16' title="bbox 136 1430 907 1496; baseline -0.003 -14"><span class='ocrx_word' id='word_1_104' title='bbox 136 1432 195 1496; x_wconf 83' lang='lat' dir='ltr'><strong>Ergo</strong></span> <span class='ocrx_word' id='word_1_105' title='bbox 213 1431 298 1482; x_wconf 85' lang='lat' dir='ltr'><strong>sanitas</strong></span> <span class='ocrx_word' id='word_1_106' title='bbox 318 1431 440 1496; x_wconf 83' lang='lat' dir='ltr'><strong>corporalis</strong></span> <span class='ocrx_word' id='word_1_107' title='bbox 454 1444 501 1482; x_wconf 90' lang='lat' dir='ltr'><strong>non</strong></span> <span class='ocrx_word' id='word_1_108' title='bbox 514 1435 550 1482; x_wconf 90' lang='lat' dir='ltr'><strong>est</strong></span> <span class='ocrx_word' id='word_1_109' title='bbox 562 1430 657 1481; x_wconf 77' lang='lat' dir='ltr'><strong>effeetus</strong></span> <span class='ocrx_word' id='word_1_110' title='bbox 669 1430 741 1495; x_wconf 87' lang='lat' dir='ltr'><strong>bujus</strong></span> <span class='ocrx_word' id='word_1_111' title='bbox 754 1432 907 1484; x_wconf 74' lang='lat' dir='ltr'><strong>muraneum.</strong></span> 
     </span>
    </p>

    <p class='ocr_par' dir='ltr' id='par_1_7' title="bbox 169 1500 940 1565">
     <span class='ocr_line' id='line_1_17' title="bbox 169 1500 940 1565; baseline -0.003 -13"><span class='ocrx_word' id='word_1_112' title='bbox 169 1508 193 1554; x_wconf 80' lang='lat'><strong>2.</strong></span> <span class='ocrx_word' id='word_1_113' title='bbox 208 1504 332 1563; x_wconf 81' lang='lat' dir='ltr'><strong>Praeterea,</strong></span> <span class='ocrx_word' id='word_1_114' title='bbox 348 1503 514 1555; x_wconf 82' lang='lat' dir='ltr'><strong>sacramentum</strong></span> <span class='ocrx_word' id='word_1_115' title='bbox 524 1515 616 1565; x_wconf 79' lang='lat' dir='ltr'><strong>semper</strong></span> <span class='ocrx_word' id='word_1_116' title='bbox 629 1501 699 1551; x_wconf 86' lang='lat' dir='ltr'><strong>babet</strong></span> <span class='ocrx_word' id='word_1_117' title='bbox 711 1500 830 1553; x_wconf 81' lang='lat' dir='ltr'><strong>eitactum</strong></span> <span class='ocrx_word' id='word_1_118' title='bbox 844 1503 940 1554; x_wconf 80' lang='lat' dir='ltr'><strong>suumin</strong></span> 
     </span>
    </p>

    <p class='ocr_par' dir='ltr' id='par_1_8' title="bbox 138 1573 968 2068">
     <span class='ocr_line' id='line_1_18' title="bbox 138 1573 968 1640; baseline 0 -14"><span class='ocrx_word' id='word_1_119' title='bbox 138 1588 167 1627; x_wconf 87' lang='lat' dir='ltr'><strong>eo</strong></span> <span class='ocrx_word' id='word_1_120' title='bbox 180 1573 219 1640; x_wconf 86' lang='lat' dir='ltr'><strong>qui</strong></span> <span class='ocrx_word' id='word_1_121' title='bbox 233 1588 279 1625; x_wconf 92' lang='lat' dir='ltr'><strong>non</strong></span> <span class='ocrx_word' id='word_1_122' title='bbox 292 1573 358 1626; x_wconf 84' lang='lat' dir='ltr'><strong>ictus</strong></span> <span class='ocrx_word' id='word_1_123' title='bbox 372 1573 467 1624; x_wconf 83' lang='lat' dir='ltr'><strong>aceedit.</strong></span> <span class='ocrx_word' id='word_1_124' title='bbox 483 1574 527 1626; x_wconf 85' lang='lat' dir='ltr'><strong>Sed</strong></span> <span class='ocrx_word' id='word_1_125' title='bbox 541 1575 677 1640; x_wconf 77' lang='lat' dir='ltr'><strong>quandoque</strong></span> <span class='ocrx_word' id='word_1_126' title='bbox 693 1586 740 1624; x_wconf 92' lang='lat' dir='ltr'><strong>nou</strong></span> <span class='ocrx_word' id='word_1_127' title='bbox 753 1579 857 1626; x_wconf 83' lang='lat' dir='ltr'><strong>sanatur</strong></span> <span class='ocrx_word' id='word_1_128' title='bbox 867 1588 938 1639; x_wconf 79' lang='lat' dir='ltr'><strong>nerpo-</strong></span> <span class='ocrx_word' id='word_1_129' title='bbox 966 1592 968 1617; x_wconf 70' lang='grc' dir='ltr'>ι</span> 
     </span>
     <span class='ocr_line' id='line_1_19' title="bbox 138 1646 939 1712; baseline 0.001 -14"><span class='ocrx_word' id='word_1_130' title='bbox 138 1647 219 1700; x_wconf 84' lang='lat' dir='ltr'><strong>naliter</strong></span> <span class='ocrx_word' id='word_1_131' title='bbox 229 1646 356 1712; x_wconf 89' lang='lat' dir='ltr'><strong>suscipiens</strong></span> <span class='ocrx_word' id='word_1_132' title='bbox 367 1647 412 1697; x_wconf 86' lang='lat' dir='ltr'><strong>boc</strong></span> <span class='ocrx_word' id='word_1_133' title='bbox 428 1649 613 1708; x_wconf 70' lang='lat' dir='ltr'><strong>monumentum,</strong></span> <span class='ocrx_word' id='word_1_134' title='bbox 624 1648 844 1710; x_wconf 79' lang='lat' dir='ltr'><strong>quantumcumque</strong></span> <span class='ocrx_word' id='word_1_135' title='bbox 853 1649 939 1699; x_wconf 73' lang='lat' dir='ltr'><strong>ambs</strong></span> 
     </span>
     <span class='ocr_line' id='line_1_20' title="bbox 140 1717 856 1784; baseline 0 -14"><span class='ocrx_word' id='word_1_136' title='bbox 140 1718 247 1784; x_wconf 78' lang='lat' dir='ltr'><strong>accipiat.</strong></span> <span class='ocrx_word' id='word_1_137' title='bbox 261 1719 320 1782; x_wconf 81' lang='lat' dir='ltr'><strong>Ergo</strong></span> <span class='ocrx_word' id='word_1_138' title='bbox 334 1717 418 1768; x_wconf 86' lang='lat' dir='ltr'><strong>sanitas</strong></span> <span class='ocrx_word' id='word_1_139' title='bbox 431 1717 556 1781; x_wconf 82' lang='lat' dir='ltr'><strong>corporalis</strong></span> <span class='ocrx_word' id='word_1_140' title='bbox 569 1731 616 1768; x_wconf 91' lang='lat' dir='ltr'><strong>non</strong></span> <span class='ocrx_word' id='word_1_141' title='bbox 629 1721 665 1768; x_wconf 89' lang='lat' dir='ltr'><strong>est</strong></span> <span class='ocrx_word' id='word_1_142' title='bbox 675 1717 775 1768; x_wconf 73' lang='lat' dir='ltr'><strong>effeetus</strong></span> <span class='ocrx_word' id='word_1_143' title='bbox 786 1719 856 1782; x_wconf 84' lang='lat' dir='ltr'><strong>ejus.</strong></span> 
     </span>
     <span class='ocr_line' id='line_1_21' title="bbox 149 1787 936 1854; baseline 0 -14"><span class='ocrx_word' id='word_1_144' title='bbox 149 1789 152 1794; x_wconf 77' lang='lat'>&#39;</span> <span class='ocrx_word' id='word_1_145' title='bbox 172 1795 196 1840; x_wconf 80' lang='grc'><strong>3.</strong></span> <span class='ocrx_word' id='word_1_146' title='bbox 211 1792 338 1854; x_wconf 82' lang='lat' dir='ltr'><strong>Praeterea,</strong></span> <span class='ocrx_word' id='word_1_147' title='bbox 351 1789 453 1842; x_wconf 77' lang='lat' dir='ltr'><strong>efficacia</strong></span> <span class='ocrx_word' id='word_1_148' title='bbox 474 1788 545 1854; x_wconf 84' lang='lat' dir='ltr'><strong>hujus</strong></span> <span class='ocrx_word' id='word_1_149' title='bbox 562 1787 701 1840; x_wconf 79' lang='lat' dir='ltr'><strong>armamenti</strong></span> <span class='ocrx_word' id='word_1_150' title='bbox 715 1790 785 1840; x_wconf 87' lang='lat' dir='ltr'><strong>nobis</strong></span> <span class='ocrx_word' id='word_1_151' title='bbox 805 1789 936 1849; x_wconf 68' lang='lat' dir='ltr'><strong>meatim,</strong></span> 
     </span>
     <span class='ocr_line' id='line_1_22' title="bbox 140 1858 938 1920; baseline 0 -8"><span class='ocrx_word' id='word_1_152' title='bbox 140 1861 206 1920; x_wconf 73' lang='lat' dir='ltr'><strong>Iac„</strong></span> <span class='ocrx_word' id='word_1_153' title='bbox 225 1861 253 1913; x_wconf 82' lang='lat' dir='ltr'><strong>v.</strong></span> <span class='ocrx_word' id='word_1_154' title='bbox 271 1860 315 1912; x_wconf 90' lang='lat' dir='ltr'><strong>Sed</strong></span> <span class='ocrx_word' id='word_1_155' title='bbox 326 1860 359 1910; x_wconf 91' lang='lat' dir='ltr'><strong>ibi</strong></span> <span class='ocrx_word' id='word_1_156' title='bbox 370 1872 417 1912; x_wconf 88' lang='lat' dir='ltr'><strong>uon</strong></span> <span class='ocrx_word' id='word_1_157' title='bbox 432 1858 563 1910; x_wconf 72' lang='lat' dir='ltr'><strong>attribuitur</strong></span> <span class='ocrx_word' id='word_1_158' title='bbox 572 1860 699 1911; x_wconf 79' lang='lat' dir='ltr'><strong>sauatbnis</strong></span> <span class='ocrx_word' id='word_1_159' title='bbox 712 1859 815 1912; x_wconf 77' lang='lat' dir='ltr'><strong>ebeobrs</strong></span> <span class='ocrx_word' id='word_1_160' title='bbox 827 1861 938 1918; x_wconf 65' lang='lat' dir='ltr'><strong>undum,</strong></span> 
     </span>
     <span class='ocr_line' id='line_1_23' title="bbox 140 1930 938 1994; baseline 0.001 -10"><span class='ocrx_word' id='word_1_161' title='bbox 140 1933 183 1984; x_wconf 85' lang='lat' dir='ltr'><strong>sed</strong></span> <span class='ocrx_word' id='word_1_162' title='bbox 196 1932 309 1994; x_wconf 87' lang='lat' dir='ltr'><strong>orationi;</strong></span> <span class='ocrx_word' id='word_1_163' title='bbox 324 1931 381 1982; x_wconf 87' lang='lat' dir='ltr'><strong>dioit</strong></span> <span class='ocrx_word' id='word_1_164' title='bbox 399 1930 477 1982; x_wconf 84' lang='lat' dir='ltr'><strong>anim:</strong></span> <span class='ocrx_word' id='word_1_165' title='bbox 496 1932 596 1984; x_wconf 73' lang='lat' dir='ltr'><strong>«Oratio</strong></span> <span class='ocrx_word' id='word_1_166' title='bbox 609 1931 662 1982; x_wconf 78' lang='lat' dir='ltr'><strong>boet</strong></span> <span class='ocrx_word' id='word_1_167' title='bbox 676 1931 777 1982; x_wconf 80' lang='lat' dir='ltr'><strong>salvabit</strong></span> <span class='ocrx_word' id='word_1_168' title='bbox 790 1933 938 1984; x_wconf 74' lang='lat' dir='ltr'><strong>infirmnm·</strong></span> 
     </span>
     <span class='ocr_line' id='line_1_24' title="bbox 141 2002 898 2068; baseline 0.004 -14"><span class='ocrx_word' id='word_1_169' title='bbox 141 2003 201 2068; x_wconf 74' lang='lat' dir='ltr'><strong>Ergo</strong></span> <span class='ocrx_word' id='word_1_170' title='bbox 217 2003 340 2068; x_wconf 86' lang='lat' dir='ltr'><strong>corporalis</strong></span> <span class='ocrx_word' id='word_1_171' title='bbox 352 2003 441 2053; x_wconf 87' lang='lat' dir='ltr'><strong>sanatio</strong></span> <span class='ocrx_word' id='word_1_172' title='bbox 455 2016 501 2054; x_wconf 92' lang='lat' dir='ltr'><strong>nou</strong></span> <span class='ocrx_word' id='word_1_173' title='bbox 514 2007 550 2054; x_wconf 85' lang='lat' dir='ltr'><strong>est</strong></span> <span class='ocrx_word' id='word_1_174' title='bbox 561 2002 654 2054; x_wconf 76' lang='lat' dir='ltr'><strong>effeetus</strong></span> <span class='ocrx_word' id='word_1_175' title='bbox 664 2003 736 2067; x_wconf 75' lang='lat' dir='ltr'><strong>buius</strong></span> <span class='ocrx_word' id='word_1_176' title='bbox 744 2003 898 2057; x_wconf 63' lang='lat' dir='ltr'><strong>ereremum</strong></span> 
     </span>
    </p>

    <p class='ocr_par' dir='ltr' id='par_1_9' title="bbox 142 2072 968 2351">
     <span class='ocr_line' id='line_1_25' title="bbox 174 2072 942 2138; baseline 0.007 -16"><span class='ocrx_word' id='word_1_177' title='bbox 174 2073 219 2124; x_wconf 87' lang='lat' dir='ltr'><strong>Sed</strong></span> <span class='ocrx_word' id='word_1_178' title='bbox 227 2072 431 2138; x_wconf 85' lang='lat' dir='ltr'><strong>contra:0peratio</strong></span> <span class='ocrx_word' id='word_1_179' title='bbox 441 2072 626 2126; x_wconf 77' lang='lat' dir='ltr'><strong>Emlesiababet</strong></span> <span class='ocrx_word' id='word_1_180' title='bbox 634 2073 745 2136; x_wconf 77' lang='lat' dir='ltr'><strong>maiorem</strong></span> <span class='ocrx_word' id='word_1_181' title='bbox 758 2074 942 2138; x_wconf 67' lang='lat' dir='ltr'><strong>ammenopes</strong></span> 
     </span>
     <span class='ocr_line' id='line_1_26' title="bbox 143 2141 942 2210; baseline 0.005 -17"><span class='ocrx_word' id='word_1_182' title='bbox 143 2143 229 2194; x_wconf 78' lang='lat' dir='ltr'><strong>Christi</strong></span> <span class='ocrx_word' id='word_1_183' title='bbox 243 2143 374 2209; x_wconf 83' lang='lat' dir='ltr'><strong>passionem</strong></span> <span class='ocrx_word' id='word_1_184' title='bbox 392 2143 461 2208; x_wconf 78' lang='lat' dir='ltr'><strong>quim</strong></span> <span class='ocrx_word' id='word_1_185' title='bbox 475 2149 538 2195; x_wconf 89' lang='lat' dir='ltr'><strong>aute.</strong></span> <span class='ocrx_word' id='word_1_186' title='bbox 556 2141 662 2194; x_wconf 82' lang='lat' dir='ltr'><strong>sedante</strong></span> <span class='ocrx_word' id='word_1_187' title='bbox 673 2144 725 2194; x_wconf 87' lang='lat' dir='ltr'><strong>oleo</strong></span> <span class='ocrx_word' id='word_1_188' title='bbox 734 2143 831 2196; x_wconf 83' lang='lat' dir='ltr'><strong>inuncti</strong></span> <span class='ocrx_word' id='word_1_189' title='bbox 841 2158 942 2210; x_wconf 79' lang='lat' dir='ltr'><strong>perapt-</strong></span> 
     </span>
     <span class='ocr_line' id='line_1_27' title="bbox 142 2213 942 2279; baseline -0.006 -13"><span class='ocrx_word' id='word_1_190' title='bbox 142 2213 213 2266; x_wconf 86' lang='lat' dir='ltr'><strong>stolos</strong></span> <span class='ocrx_word' id='word_1_191' title='bbox 230 2215 382 2279; x_wconf 89' lang='lat' dir='ltr'><strong>sanabantur,</strong></span> <span class='ocrx_word' id='word_1_192' title='bbox 397 2217 423 2265; x_wconf 89' lang='lat' dir='ltr'><strong>nt</strong></span> <span class='ocrx_word' id='word_1_193' title='bbox 436 2217 516 2279; x_wconf 81' lang='lat' dir='ltr'><strong>patet,</strong></span> <span class='ocrx_word' id='word_1_194' title='bbox 529 2217 619 2271; x_wconf 77' lang='lat' dir='ltr'><strong>More..</strong></span> <span class='ocrx_word' id='word_1_195' title='bbox 634 2214 675 2264; x_wconf 83' lang='lat' dir='ltr'><strong>Vl.</strong></span> <span class='ocrx_word' id='word_1_196' title='bbox 689 2215 750 2279; x_wconf 78' lang='lat' dir='ltr'><strong>Ergo</strong></span> <span class='ocrx_word' id='word_1_197' title='bbox 762 2220 788 2266; x_wconf 92' lang='lat' dir='ltr'><strong>et</strong></span> <span class='ocrx_word' id='word_1_198' title='bbox 804 2230 873 2269; x_wconf 86' lang='lat' dir='ltr'><strong>nune</strong></span> <span class='ocrx_word' id='word_1_199' title='bbox 883 2217 942 2266; x_wconf 83' lang='lat' dir='ltr'><strong>babo</strong></span> 
     </span>
     <span class='ocr_line' id='line_1_28' title="bbox 142 2285 968 2351; baseline 0.004 -15"><span class='ocrx_word' id='word_1_200' title='bbox 142 2285 248 2336; x_wconf 81' lang='lat' dir='ltr'><strong>effectum</strong></span> <span class='ocrx_word' id='word_1_201' title='bbox 261 2285 285 2336; x_wconf 92' lang='lat' dir='ltr'><strong>iu</strong></span> <span class='ocrx_word' id='word_1_202' title='bbox 296 2286 408 2351; x_wconf 86' lang='lat' dir='ltr'><strong>corporali</strong></span> <span class='ocrx_word' id='word_1_203' title='bbox 422 2287 550 2338; x_wconf 81' lang='lat' dir='ltr'><strong>sanatione.</strong></span> <span class='ocrx_word' id='word_1_204' title='bbox 966 2305 968 2339; x_wconf 94' lang='grc'>;</span> 
     </span>
    </p>

    <p class='ocr_par' dir='ltr' id='par_1_10' title="bbox 142 2357 943 2636">
     <span class='ocr_line' id='line_1_29' title="bbox 174 2357 941 2424; baseline 0 -17"><span class='ocrx_word' id='word_1_205' title='bbox 174 2357 299 2419; x_wconf 85' lang='lat' dir='ltr'><strong>Praeterer,</strong></span> <span class='ocrx_word' id='word_1_206' title='bbox 315 2361 455 2409; x_wconf 86' lang='lat' dir='ltr'><strong>sacramenta</strong></span> <span class='ocrx_word' id='word_1_207' title='bbox 469 2358 618 2421; x_wconf 78' lang='lat' dir='ltr'><strong>significando</strong></span> <span class='ocrx_word' id='word_1_208' title='bbox 631 2357 742 2409; x_wconf 86' lang='lat' dir='ltr'><strong>eibeiuut.</strong></span> <span class='ocrx_word' id='word_1_209' title='bbox 759 2359 808 2410; x_wconf 72' lang='lat' dir='ltr'><strong>Seni</strong></span> <span class='ocrx_word' id='word_1_210' title='bbox 817 2360 941 2424; x_wconf 74' lang='lat' dir='ltr'><strong>baptism</strong></span> 
     </span>
     <span class='ocr_line' id='line_1_30' title="bbox 142 2426 943 2494; baseline 0 -15"><span class='ocrx_word' id='word_1_211' title='bbox 142 2441 185 2494; x_wconf 87' lang='lat' dir='ltr'><strong>per</strong></span> <span class='ocrx_word' id='word_1_212' title='bbox 192 2426 330 2478; x_wconf 84' lang='lat' dir='ltr'><strong>ablutionem</strong></span> <span class='ocrx_word' id='word_1_213' title='bbox 341 2427 481 2492; x_wconf 79' lang='lat' dir='ltr'><strong>corporalem</strong></span> <span class='ocrx_word' id='word_1_214' title='bbox 491 2443 559 2492; x_wconf 89' lang='lat' dir='ltr'><strong>quam</strong></span> <span class='ocrx_word' id='word_1_215' title='bbox 567 2427 668 2480; x_wconf 78' lang='lat' dir='ltr'><strong>erteubs</strong></span> <span class='ocrx_word' id='word_1_216' title='bbox 677 2427 748 2490; x_wconf 75' lang='lat' dir='ltr'><strong>iacit,</strong></span> <span class='ocrx_word' id='word_1_217' title='bbox 756 2429 880 2492; x_wconf 75' lang='lat' dir='ltr'><strong>signifieat</strong></span> <span class='ocrx_word' id='word_1_218' title='bbox 888 2435 911 2482; x_wconf 89' lang='lat' dir='ltr'><strong>et</strong></span> <span class='ocrx_word' id='word_1_219' title='bbox 917 2429 943 2479; x_wconf 79' lang='lat' dir='ltr'><strong>ei·</strong></span> 
     </span>
     <span class='ocr_line' id='line_1_31' title="bbox 143 2498 942 2566; baseline 0.003 -14"><span class='ocrx_word' id='word_1_220' title='bbox 143 2501 192 2552; x_wconf 86' lang='lat' dir='ltr'><strong>fieit</strong></span> <span class='ocrx_word' id='word_1_221' title='bbox 201 2498 348 2564; x_wconf 88' lang='lat' dir='ltr'><strong>spiritualem.</strong></span> <span class='ocrx_word' id='word_1_222' title='bbox 358 2501 417 2564; x_wconf 72' lang='lat' dir='ltr'><strong>Ergo</strong></span> <span class='ocrx_word' id='word_1_223' title='bbox 425 2505 450 2551; x_wconf 92' lang='lat' dir='ltr'><strong>et</strong></span> <span class='ocrx_word' id='word_1_224' title='bbox 459 2505 563 2553; x_wconf 83' lang='lat' dir='ltr'><strong>extrema</strong></span> <span class='ocrx_word' id='word_1_225' title='bbox 573 2501 652 2551; x_wconf 86' lang='lat' dir='ltr'><strong>nnetio</strong></span> <span class='ocrx_word' id='word_1_226' title='bbox 659 2513 701 2564; x_wconf 84' lang='lat' dir='ltr'><strong>per</strong></span> <span class='ocrx_word' id='word_1_227' title='bbox 708 2501 861 2554; x_wconf 86' lang='lat' dir='ltr'><strong>sanationem</strong></span> <span class='ocrx_word' id='word_1_228' title='bbox 871 2515 942 2566; x_wconf 77' lang='lat' dir='ltr'><strong>corpo</strong></span> 
     </span>
     <span class='ocr_line' id='line_1_32' title="bbox 142 2570 917 2636; baseline 0.001 -14"><span class='ocrx_word' id='word_1_229' title='bbox 142 2573 213 2622; x_wconf 87' lang='lat' dir='ltr'><strong>ralam</strong></span> <span class='ocrx_word' id='word_1_230' title='bbox 223 2583 291 2634; x_wconf 77' lang='lat' dir='ltr'><strong>quam</strong></span> <span class='ocrx_word' id='word_1_231' title='bbox 300 2570 401 2621; x_wconf 84' lang='lat' dir='ltr'><strong>exteribs</strong></span> <span class='ocrx_word' id='word_1_232' title='bbox 411 2571 495 2634; x_wconf 82' lang='lat' dir='ltr'><strong>efficit,</strong></span> <span class='ocrx_word' id='word_1_233' title='bbox 506 2571 620 2634; x_wconf 74' lang='lat' dir='ltr'><strong>signifieat</strong></span> <span class='ocrx_word' id='word_1_234' title='bbox 633 2576 658 2622; x_wconf 88' lang='lat' dir='ltr'><strong>et</strong></span> <span class='ocrx_word' id='word_1_235' title='bbox 667 2574 746 2622; x_wconf 85' lang='lat' dir='ltr'><strong>causat</strong></span> <span class='ocrx_word' id='word_1_236' title='bbox 759 2571 917 2636; x_wconf 83' lang='lat' dir='ltr'><strong>spirituatem.</strong></span> 
     </span>
    </p>

    <p class='ocr_par' dir='ltr' id='par_1_11' title="bbox 141 2643 946 2852">
     <span class='ocr_line' id='line_1_33' title="bbox 176 2643 945 2708; baseline 0.001 -14"><span class='ocrx_word' id='word_1_237' title='bbox 176 2643 337 2706; x_wconf 72' lang='lat' dir='ltr'><strong>(concursio.</strong></span> <span class='ocrx_word' id='word_1_238' title='bbox 346 2643 457 2694; x_wconf 84' lang='lat' dir='ltr'><strong>-Siouti</strong></span> <span class='ocrx_word' id='word_1_239' title='bbox 467 2643 553 2694; x_wconf 88' lang='lat' dir='ltr'><strong>ablutio</strong></span> <span class='ocrx_word' id='word_1_240' title='bbox 568 2643 676 2708; x_wconf 80' lang='lat' dir='ltr'><strong>baptismi</strong></span> <span class='ocrx_word' id='word_1_241' title='bbox 692 2644 803 2694; x_wconf 73' lang='lat' dir='ltr'><strong>effaetum</strong></span> <span class='ocrx_word' id='word_1_242' title='bbox 813 2646 890 2698; x_wconf 80' lang='lat' dir='ltr'><strong>babet</strong></span> <span class='ocrx_word' id='word_1_243' title='bbox 904 2658 945 2695; x_wconf 76' lang='lat' dir='ltr'><strong>nor</strong></span> 
     </span>
     <span class='ocr_line' id='line_1_34' title="bbox 141 2711 946 2781; baseline 0.002 -17"><span class='ocrx_word' id='word_1_244' title='bbox 141 2713 226 2778; x_wconf 87' lang='lat' dir='ltr'><strong>poralis</strong></span> <span class='ocrx_word' id='word_1_245' title='bbox 237 2711 376 2776; x_wconf 87' lang='lat' dir='ltr'><strong>ablutionis,</strong></span> <span class='ocrx_word' id='word_1_246' title='bbox 393 2714 426 2764; x_wconf 88' lang='lat' dir='ltr'><strong>sie</strong></span> <span class='ocrx_word' id='word_1_247' title='bbox 441 2718 464 2764; x_wconf 91' lang='lat' dir='ltr'><strong>et</strong></span> <span class='ocrx_word' id='word_1_248' title='bbox 473 2719 575 2766; x_wconf 81' lang='lat' dir='ltr'><strong>extrema</strong></span> <span class='ocrx_word' id='word_1_249' title='bbox 587 2715 665 2766; x_wconf 85' lang='lat' dir='ltr'><strong>unctio</strong></span> <span class='ocrx_word' id='word_1_250' title='bbox 680 2716 750 2768; x_wconf 84' lang='lat' dir='ltr'><strong>babet</strong></span> <span class='ocrx_word' id='word_1_251' title='bbox 761 2718 893 2781; x_wconf 66' lang='lat' dir='ltr'><strong>corporeis</strong></span> <span class='ocrx_word' id='word_1_252' title='bbox 907 2728 946 2766; x_wconf 81' lang='lat' dir='ltr'><strong>me</strong></span> 
     </span>
     <span class='ocr_line' id='line_1_35' title="bbox 141 2781 945 2852; baseline 0.01 -20"><span class='ocrx_word' id='word_1_253' title='bbox 141 2783 261 2834; x_wconf 70' lang='lat' dir='ltr'><strong>mentionis</strong></span> <span class='ocrx_word' id='word_1_254' title='bbox 283 2781 402 2846; x_wconf 80' lang='lat' dir='ltr'><strong>effectum,</strong></span> <span class='ocrx_word' id='word_1_255' title='bbox 419 2785 567 2837; x_wconf 82' lang='lat' dir='ltr'><strong>sanationem</strong></span> <span class='ocrx_word' id='word_1_256' title='bbox 592 2786 678 2836; x_wconf 78' lang='lat' dir='ltr'><strong>subiret</strong></span> <span class='ocrx_word' id='word_1_257' title='bbox 696 2787 863 2851; x_wconf 64' lang='lat' dir='ltr'><strong>corporalem</strong></span> <span class='ocrx_word' id='word_1_258' title='bbox 884 2801 945 2852; x_wconf 75' lang='lat' dir='ltr'><strong>quau</strong></span> 
     </span>
    </p>
   </div>
   <div class='ocr_carea' id='block_1_6' title="bbox 142 2849 968 2984">
    <p class='ocr_par' dir='ltr' id='par_1_12' title="bbox 142 2849 968 2984">
     <span class='ocr_line' id='line_1_36' title="bbox 142 2849 968 2984; baseline 0.018 -83"><span class='ocrx_word' id='word_1_259' title='bbox 142 2861 226 2970; x_wconf 42' lang='lat' dir='ltr'><strong>tdtssnertnl</strong></span> <span class='ocrx_word' id='word_1_260' title='bbox 230 2849 330 2984; x_wconf 47' lang='lat' dir='ltr'><strong>uoeuthsi</strong></span> <span class='ocrx_word' id='word_1_261' title='bbox 339 2851 390 2906; x_wconf 83' lang='lat' dir='ltr'><strong>nbm</strong></span> <span class='ocrx_word' id='word_1_262' title='bbox 399 2857 427 2907; x_wconf 85' lang='lat' dir='ltr'><strong>ad</strong></span> <span class='ocrx_word' id='word_1_263' title='bbox 436 2855 588 2920; x_wconf 77' lang='lat' dir='ltr'><strong>principalem</strong></span> <span class='ocrx_word' id='word_1_264' title='bbox 595 2856 945 2923; x_wconf 72' lang='lat' dir='ltr'><strong>effectuumuuuettprastm</strong></span> <span class='ocrx_word' id='word_1_265' title='bbox 966 2886 968 2891; x_wconf 95' lang='lat'>·</span> 
     </span>
     <span class='ocr_line' id='line_1_37' title="bbox 181 2934 294 2972; baseline 0 -2"><span class='ocrx_word' id='word_1_266' title='bbox 181 2934 210 2970; x_wconf 90' lang='lat' dir='ltr'><strong>en</strong></span> <span class='ocrx_word' id='word_1_267' title='bbox 227 2934 240 2970; x_wconf 92' lang='lat' dir='ltr'><strong>a</strong></span> <span class='ocrx_word' id='word_1_268' title='bbox 265 2934 294 2972; x_wconf 92' lang='lat' dir='ltr'><strong>s.</strong></span> 
     </span>
    </p>
   </div>
   <div class='ocr_carea' id='block_1_7' title="bbox 0 0 988 3284">
    <p class='ocr_par' dir='ltr' id='par_1_13' title="bbox 0 0 988 3284">
     <span class='ocr_line' id='line_1_38' title="bbox 0 0 988 3284; baseline 0 0"><span class='ocrx_word' id='word_1_269' title='bbox 0 0 988 3284; x_wconf 95' lang='lat' dir='ltr'><strong> </strong></span> 
     </span>
    </p>
   </div>
  </div>
 </body>
</html>
