<?xml version="1.0" encoding="UTF-8"?>
<!DOCTYPE html PUBLIC "-//W3C//DTD XHTML 1.0 Transitional//EN"
    "http://www.w3.org/TR/xhtml1/DTD/xhtml1-transitional.dtd">
<html xmlns="http://www.w3.org/1999/xhtml" xml:lang="en" lang="en">
 <head>
  <title>
</title>
<meta http-equiv="Content-Type" content="text/html;charset=utf-8" />
  <meta name='ocr-system' content='tesseract 3.04.00' />
  <meta name='ocr-capabilities' content='ocr_page ocr_carea ocr_par ocr_line ocrx_word'/>
</head>
<body>
  <div class='ocr_page' id='page_1' title='image "./summatheologica01nicogoog_0150.png"; bbox 0 0 1942 3284; ppageno 0'>
   <div class='ocr_carea' id='block_1_1' title="bbox 136 205 756 264">
    <p class='ocr_par' dir='ltr' id='par_1_1' title="bbox 136 205 756 264">
     <span class='ocr_line' id='line_1_1' title="bbox 136 205 756 264; baseline -0.003 -12"><span class='ocrx_word' id='word_1_1' title='bbox 136 205 182 253; x_wconf 78' lang='lat' dir='ltr'><strong>sta</strong></span> <span class='ocrx_word' id='word_1_2' title='bbox 321 212 381 252; x_wconf 75' lang='lat' dir='ltr'><strong>ress</strong></span> <span class='ocrx_word' id='word_1_3' title='bbox 397 213 439 261; x_wconf 89' lang='grc' dir='ltr'>ιιι,</span> <span class='ocrx_word' id='word_1_4' title='bbox 452 211 549 258; x_wconf 75' lang='lat' dir='ltr'><strong>oonsr.</strong></span> <span class='ocrx_word' id='word_1_5' title='bbox 562 209 649 264; x_wconf 78' lang='lat' dir='ltr'><strong>uviri,</strong></span> <span class='ocrx_word' id='word_1_6' title='bbox 664 211 720 252; x_wconf 79' lang='grc' dir='ltr'>ιιι.</span> <span class='ocrx_word' id='word_1_7' title='bbox 738 214 756 251; x_wconf 94' lang='grc' dir='ltr'>ι.</span> 
     </span>
    </p>
   </div>
   <div class='ocr_carea' id='block_1_2' title="bbox 441 395 634 448">
    <p class='ocr_par' dir='ltr' id='par_1_2' title="bbox 441 395 634 448">
     <span class='ocr_line' id='line_1_2' title="bbox 441 395 634 448; baseline -0.01 0"><span class='ocrx_word' id='word_1_8' title='bbox 441 395 601 448; x_wconf 73' lang='lat' dir='ltr'>ARTICULUS</span> <span class='ocrx_word' id='word_1_9' title='bbox 616 397 634 447; x_wconf 91' lang='lat'><strong>1.</strong></span> 
     </span>
    </p>
   </div>
   <div class='ocr_carea' id='block_1_3' title="bbox 194 523 888 582">
    <p class='ocr_par' dir='ltr' id='par_1_3' title="bbox 194 523 888 582">
     <span class='ocr_line' id='line_1_3' title="bbox 194 523 888 582; baseline 0.003 -12"><span class='ocrx_word' id='word_1_10' title='bbox 194 524 277 570; x_wconf 71' lang='lat' dir='ltr'><strong>Utrim</strong></span> <span class='ocrx_word' id='word_1_11' title='bbox 292 536 373 569; x_wconf 80' lang='lat' dir='ltr'><strong>omncs</strong></span> <span class='ocrx_word' id='word_1_12' title='bbox 387 526 514 569; x_wconf 73' lang='lat' dir='ltr'><strong>terreantur</strong></span> <span class='ocrx_word' id='word_1_13' title='bbox 527 523 559 568; x_wconf 81' lang='lat' dir='ltr'><strong>od</strong></span> <span class='ocrx_word' id='word_1_14' title='bbox 576 523 746 580; x_wconf 64' lang='lat' dir='ltr'><strong>susceptionem</strong></span> <span class='ocrx_word' id='word_1_15' title='bbox 766 525 888 582; x_wconf 79' lang='lat' dir='ltr'><strong>baptismi.</strong></span> 
     </span>
    </p>
   </div>
   <div class='ocr_carea' id='block_1_4' title="bbox 138 648 960 2655">
    <p class='ocr_par' dir='ltr' id='par_1_4' title="bbox 138 648 940 990">
     <span class='ocr_line' id='line_1_4' title="bbox 168 648 938 717; baseline 0.001 -14"><span class='ocrx_word' id='word_1_16' title='bbox 168 653 203 703; x_wconf 79' lang='lat' dir='ltr'><strong>Ad</strong></span> <span class='ocrx_word' id='word_1_17' title='bbox 213 652 311 717; x_wconf 89' lang='lat' dir='ltr'><strong>primum</strong></span> <span class='ocrx_word' id='word_1_18' title='bbox 325 651 358 702; x_wconf 89' lang='lat' dir='ltr'><strong>sic</strong></span> <span class='ocrx_word' id='word_1_19' title='bbox 374 649 503 714; x_wconf 81' lang='lat' dir='ltr'><strong>proceditur</strong></span> <span class='ocrx_word' id='word_1_20' title='bbox 514 648 559 714; x_wconf 77' lang='lat' dir='ltr'><strong>(t).</strong></span> <span class='ocrx_word' id='word_1_21' title='bbox 574 648 668 700; x_wconf 82' lang='lat' dir='ltr'><strong>Videtur</strong></span> <span class='ocrx_word' id='word_1_22' title='bbox 684 649 744 714; x_wconf 76' lang='lat' dir='ltr'><strong>qnod</strong></span> <span class='ocrx_word' id='word_1_23' title='bbox 758 655 938 706; x_wconf 78' lang='lat' dir='ltr'><strong>conteneantur</strong></span> 
     </span>
     <span class='ocr_line' id='line_1_5' title="bbox 138 721 939 787; baseline 0.002 -11"><span class='ocrx_word' id='word_1_24' title='bbox 138 726 255 778; x_wconf 86' lang='lat' dir='ltr'><strong>omuesad</strong></span> <span class='ocrx_word' id='word_1_25' title='bbox 271 723 441 787; x_wconf 85' lang='lat' dir='ltr'><strong>susceptionem</strong></span> <span class='ocrx_word' id='word_1_26' title='bbox 449 721 563 786; x_wconf 87' lang='lat' dir='ltr'><strong>baptismi.</strong></span> <span class='ocrx_word' id='word_1_27' title='bbox 578 722 622 772; x_wconf 84' lang='lat' dir='ltr'><strong>Per</strong></span> <span class='ocrx_word' id='word_1_28' title='bbox 636 721 753 774; x_wconf 78' lang='lat' dir='ltr'><strong>Christum</strong></span> <span class='ocrx_word' id='word_1_29' title='bbox 767 725 832 776; x_wconf 88' lang='lat' dir='ltr'><strong>euim</strong></span> <span class='ocrx_word' id='word_1_30' title='bbox 845 739 894 778; x_wconf 90' lang='lat' dir='ltr'><strong>nou</strong></span> <span class='ocrx_word' id='word_1_31' title='bbox 908 731 939 778; x_wconf 84' lang='lat' dir='ltr'><strong>est</strong></span> 
     </span>
     <span class='ocr_line' id='line_1_6' title="bbox 138 793 939 864; baseline 0.001 -17"><span class='ocrx_word' id='word_1_32' title='bbox 138 797 270 848; x_wconf 86' lang='lat' dir='ltr'><strong>homiuibus</strong></span> <span class='ocrx_word' id='word_1_33' title='bbox 284 797 368 846; x_wconf 84' lang='lat' dir='ltr'><strong>arctata</strong></span> <span class='ocrx_word' id='word_1_34' title='bbox 383 793 421 843; x_wconf 84' lang='lat' dir='ltr'><strong>uia</strong></span> <span class='ocrx_word' id='word_1_35' title='bbox 436 793 526 844; x_wconf 88' lang='lat' dir='ltr'><strong>salutis.</strong></span> <span class='ocrx_word' id='word_1_36' title='bbox 538 793 583 844; x_wconf 82' lang='lat' dir='ltr'><strong>sed</strong></span> <span class='ocrx_word' id='word_1_37' title='bbox 596 796 650 844; x_wconf 87' lang='lat' dir='ltr'><strong>aute</strong></span> <span class='ocrx_word' id='word_1_38' title='bbox 663 794 749 846; x_wconf 77' lang='lat' dir='ltr'><strong>curisti</strong></span> <span class='ocrx_word' id='word_1_39' title='bbox 764 798 891 848; x_wconf 83' lang='lat' dir='ltr'><strong>adveutum</strong></span> <span class='ocrx_word' id='word_1_40' title='bbox 902 813 939 864; x_wconf 88' lang='lat' dir='ltr'><strong>po-</strong></span> 
     </span>
     <span class='ocr_line' id='line_1_7' title="bbox 138 863 940 933; baseline 0.002 -13"><span class='ocrx_word' id='word_1_41' title='bbox 138 871 214 920; x_wconf 88' lang='lat' dir='ltr'><strong>teraut</strong></span> <span class='ocrx_word' id='word_1_42' title='bbox 225 865 331 919; x_wconf 81' lang='lat' dir='ltr'><strong>homines</strong></span> <span class='ocrx_word' id='word_1_43' title='bbox 349 865 431 917; x_wconf 80' lang='lat' dir='ltr'><strong>salvari</strong></span> <span class='ocrx_word' id='word_1_44' title='bbox 452 865 502 916; x_wconf 90' lang='lat' dir='ltr'><strong>siue</strong></span> <span class='ocrx_word' id='word_1_45' title='bbox 526 863 647 929; x_wconf 85' lang='lat' dir='ltr'><strong>baptismo.</strong></span> <span class='ocrx_word' id='word_1_46' title='bbox 670 865 729 931; x_wconf 78' lang='lat' dir='ltr'><strong>Ergo</strong></span> <span class='ocrx_word' id='word_1_47' title='bbox 748 871 839 933; x_wconf 88' lang='lat' dir='ltr'><strong>etpost</strong></span> <span class='ocrx_word' id='word_1_48' title='bbox 857 865 940 922; x_wconf 83' lang='lat' dir='ltr'><strong>Christi</strong></span> 
     </span>
     <span class='ocr_line' id='line_1_8' title="bbox 139 941 271 990; baseline -0.008 0"><span class='ocrx_word' id='word_1_49' title='bbox 139 941 271 990; x_wconf 86' lang='lat' dir='ltr'><strong>adventum.</strong></span> 
     </span>
    </p>

    <p class='ocr_par' dir='ltr' id='par_1_5' title="bbox 139 1007 942 1364">
     <span class='ocr_line' id='line_1_9' title="bbox 171 1007 940 1074; baseline 0.005 -13"><span class='ocrx_word' id='word_1_50' title='bbox 171 1016 195 1061; x_wconf 73' lang='lat' dir='ltr'><strong>t.</strong></span> <span class='ocrx_word' id='word_1_51' title='bbox 209 1012 336 1072; x_wconf 81' lang='lat' dir='ltr'><strong>Praeterea,</strong></span> <span class='ocrx_word' id='word_1_52' title='bbox 348 1010 476 1074; x_wconf 87' lang='lat' dir='ltr'><strong>baptismus</strong></span> <span class='ocrx_word' id='word_1_53' title='bbox 495 1007 593 1059; x_wconf 62' lang='lat' dir='ltr'><strong>maxine</strong></span> <span class='ocrx_word' id='word_1_54' title='bbox 607 1009 698 1060; x_wconf 83' lang='lat' dir='ltr'><strong>videtur</strong></span> <span class='ocrx_word' id='word_1_55' title='bbox 716 1022 768 1060; x_wconf 86' lang='lat' dir='ltr'><strong>esse</strong></span> <span class='ocrx_word' id='word_1_56' title='bbox 783 1011 908 1065; x_wconf 88' lang='lat' dir='ltr'><strong>institutus</strong></span> <span class='ocrx_word' id='word_1_57' title='bbox 920 1015 940 1064; x_wconf 90' lang='lat' dir='ltr'><strong>in</strong></span> 
     </span>
     <span class='ocr_line' id='line_1_10' title="bbox 139 1080 941 1150; baseline -0.001 -15"><span class='ocrx_word' id='word_1_58' title='bbox 139 1084 264 1136; x_wconf 85' lang='lat' dir='ltr'><strong>remedium</strong></span> <span class='ocrx_word' id='word_1_59' title='bbox 278 1082 365 1147; x_wconf 88' lang='lat' dir='ltr'><strong>peccati</strong></span> <span class='ocrx_word' id='word_1_60' title='bbox 378 1080 501 1146; x_wconf 82' lang='lat' dir='ltr'><strong>originalis.</strong></span> <span class='ocrx_word' id='word_1_61' title='bbox 514 1081 559 1131; x_wconf 87' lang='lat' dir='ltr'><strong>Sed</strong></span> <span class='ocrx_word' id='word_1_62' title='bbox 574 1080 612 1131; x_wconf 86' lang='lat' dir='ltr'><strong>itle</strong></span> <span class='ocrx_word' id='word_1_63' title='bbox 627 1080 667 1146; x_wconf 88' lang='lat' dir='ltr'><strong>qui</strong></span> <span class='ocrx_word' id='word_1_64' title='bbox 680 1083 715 1132; x_wconf 88' lang='lat' dir='ltr'><strong>cst</strong></span> <span class='ocrx_word' id='word_1_65' title='bbox 728 1081 879 1150; x_wconf 81' lang='lat' dir='ltr'><strong>baptizatus,</strong></span> <span class='ocrx_word' id='word_1_66' title='bbox 894 1086 941 1136; x_wconf 85' lang='lat' dir='ltr'><strong>cin</strong></span> 
     </span>
     <span class='ocr_line' id='line_1_11' title="bbox 140 1152 941 1219; baseline -0.002 -12"><span class='ocrx_word' id='word_1_67' title='bbox 140 1169 186 1207; x_wconf 90' lang='lat' dir='ltr'><strong>uon</strong></span> <span class='ocrx_word' id='word_1_68' title='bbox 201 1155 284 1205; x_wconf 83' lang='lat' dir='ltr'><strong>habeat</strong></span> <span class='ocrx_word' id='word_1_69' title='bbox 295 1153 404 1218; x_wconf 73' lang='lat' dir='ltr'><strong>originale</strong></span> <span class='ocrx_word' id='word_1_70' title='bbox 418 1155 554 1217; x_wconf 86' lang='lat' dir='ltr'><strong>peccatum,</strong></span> <span class='ocrx_word' id='word_1_71' title='bbox 565 1163 612 1202; x_wconf 89' lang='lat' dir='ltr'><strong>non</strong></span> <span class='ocrx_word' id='word_1_72' title='bbox 625 1152 714 1202; x_wconf 84' lang='lat' dir='ltr'><strong>videtur</strong></span> <span class='ocrx_word' id='word_1_73' title='bbox 725 1153 785 1217; x_wconf 80' lang='lat' dir='ltr'><strong>quod</strong></span> <span class='ocrx_word' id='word_1_74' title='bbox 801 1155 879 1219; x_wconf 84' lang='lat' dir='ltr'><strong>possit</strong></span> <span class='ocrx_word' id='word_1_75' title='bbox 892 1156 941 1207; x_wconf 85' lang='lat' dir='ltr'><strong>illut</strong></span> 
     </span>
     <span class='ocr_line' id='line_1_12' title="bbox 139 1224 942 1290; baseline 0 -12"><span class='ocrx_word' id='word_1_76' title='bbox 139 1227 297 1278; x_wconf 73' lang='lat' dir='ltr'><strong>transfundere</strong></span> <span class='ocrx_word' id='word_1_77' title='bbox 309 1226 334 1276; x_wconf 90' lang='lat' dir='ltr'><strong>iu</strong></span> <span class='ocrx_word' id='word_1_78' title='bbox 346 1225 442 1290; x_wconf 89' lang='lat' dir='ltr'><strong>protem.</strong></span> <span class='ocrx_word' id='word_1_79' title='bbox 457 1227 516 1288; x_wconf 79' lang='lat' dir='ltr'><strong>Ergo</strong></span> <span class='ocrx_word' id='word_1_80' title='bbox 534 1224 576 1274; x_wconf 84' lang='lat' dir='ltr'><strong>titii</strong></span> <span class='ocrx_word' id='word_1_81' title='bbox 594 1224 759 1289; x_wconf 80' lang='lat' dir='ltr'><strong>baptizatorum</strong></span> <span class='ocrx_word' id='word_1_82' title='bbox 773 1239 822 1278; x_wconf 90' lang='lat' dir='ltr'><strong>nou</strong></span> <span class='ocrx_word' id='word_1_83' title='bbox 840 1228 942 1281; x_wconf 82' lang='lat' dir='ltr'><strong>uidcutu</strong></span> 
     </span>
     <span class='ocr_line' id='line_1_13' title="bbox 140 1297 488 1364; baseline -0.006 -13"><span class='ocrx_word' id='word_1_84' title='bbox 140 1313 190 1352; x_wconf 88' lang='lat' dir='ltr'><strong>esse</strong></span> <span class='ocrx_word' id='word_1_85' title='bbox 207 1297 348 1364; x_wconf 81' lang='lat' dir='ltr'><strong>baptizandi.</strong></span> <span class='ocrx_word' id='word_1_86' title='bbox 483 1347 488 1355; x_wconf 81' lang='grc'>,</span> 
     </span>
    </p>

    <p class='ocr_par' dir='ltr' id='par_1_6' title="bbox 139 1367 960 1653">
     <span class='ocr_line' id='line_1_14' title="bbox 173 1367 960 1437; baseline 0.003 -16"><span class='ocrx_word' id='word_1_87' title='bbox 173 1378 195 1423; x_wconf 81' lang='lat'><strong>3.</strong></span> <span class='ocrx_word' id='word_1_88' title='bbox 211 1375 339 1430; x_wconf 72' lang='lat' dir='ltr'><strong>praterea,</strong></span> <span class='ocrx_word' id='word_1_89' title='bbox 353 1369 480 1433; x_wconf 80' lang='lat' dir='ltr'>baptismus</span> <span class='ocrx_word' id='word_1_90' title='bbox 491 1369 557 1420; x_wconf 86' lang='lat' dir='ltr'><strong>datur</strong></span> <span class='ocrx_word' id='word_1_91' title='bbox 570 1369 599 1419; x_wconf 89' lang='lat' dir='ltr'><strong>ad</strong></span> <span class='ocrx_word' id='word_1_92' title='bbox 613 1369 657 1418; x_wconf 88' lang='lat' dir='ltr'><strong>hoc</strong></span> <span class='ocrx_word' id='word_1_93' title='bbox 671 1367 731 1432; x_wconf 79' lang='lat' dir='ltr'><strong>quid</strong></span> <span class='ocrx_word' id='word_1_94' title='bbox 746 1369 831 1434; x_wconf 88' lang='lat' dir='ltr'><strong>aliquis</strong></span> <span class='ocrx_word' id='word_1_95' title='bbox 843 1385 889 1436; x_wconf 88' lang='lat' dir='ltr'><strong>per</strong></span> <span class='ocrx_word' id='word_1_96' title='bbox 898 1383 941 1437; x_wconf 68' lang='lat' dir='ltr'><strong>gre</strong></span> <span class='ocrx_word' id='word_1_97' title='bbox 959 1379 960 1408; x_wconf 74' lang='lat'>³</span> 
     </span>
     <span class='ocr_line' id='line_1_15' title="bbox 139 1441 941 1509; baseline -0.002 -13"><span class='ocrx_word' id='word_1_98' title='bbox 139 1445 195 1496; x_wconf 89' lang='lat' dir='ltr'><strong>tiam</strong></span> <span class='ocrx_word' id='word_1_99' title='bbox 212 1445 226 1496; x_wconf 81' lang='lat' dir='ltr'><strong>tr</strong></span> <span class='ocrx_word' id='word_1_100' title='bbox 241 1447 336 1509; x_wconf 86' lang='lat' dir='ltr'><strong>peccato</strong></span> <span class='ocrx_word' id='word_1_101' title='bbox 351 1443 481 1493; x_wconf 85' lang='lat' dir='ltr'><strong>mundetur.</strong></span> <span class='ocrx_word' id='word_1_102' title='bbox 499 1441 545 1492; x_wconf 86' lang='lat' dir='ltr'><strong>Sed</strong></span> <span class='ocrx_word' id='word_1_103' title='bbox 558 1443 601 1492; x_wconf 85' lang='lat' dir='ltr'><strong>troc</strong></span> <span class='ocrx_word' id='word_1_104' title='bbox 615 1441 828 1506; x_wconf 89' lang='lat' dir='ltr'><strong>consequunturilli</strong></span> <span class='ocrx_word' id='word_1_105' title='bbox 841 1446 941 1508; x_wconf 85' lang='lat' dir='ltr'><strong>quisunt</strong></span> 
     </span>
     <span class='ocr_line' id='line_1_16' title="bbox 140 1512 941 1578; baseline -0.001 -11"><span class='ocrx_word' id='word_1_106' title='bbox 140 1516 273 1568; x_wconf 86' lang='lat' dir='ltr'><strong>sanctificati</strong></span> <span class='ocrx_word' id='word_1_107' title='bbox 291 1516 315 1565; x_wconf 89' lang='lat' dir='ltr'><strong>iu</strong></span> <span class='ocrx_word' id='word_1_108' title='bbox 329 1520 394 1565; x_wconf 84' lang='lat' dir='ltr'><strong>utero</strong></span> <span class='ocrx_word' id='word_1_109' title='bbox 403 1514 454 1564; x_wconf 89' lang='lat' dir='ltr'><strong>siue</strong></span> <span class='ocrx_word' id='word_1_110' title='bbox 467 1512 588 1578; x_wconf 86' lang='lat' dir='ltr'><strong>baptismo.</strong></span> <span class='ocrx_word' id='word_1_111' title='bbox 604 1513 662 1577; x_wconf 76' lang='lat' dir='ltr'><strong>Ergo</strong></span> <span class='ocrx_word' id='word_1_112' title='bbox 675 1526 722 1565; x_wconf 89' lang='lat' dir='ltr'><strong>non</strong></span> <span class='ocrx_word' id='word_1_113' title='bbox 736 1517 847 1566; x_wconf 83' lang='lat' dir='ltr'><strong>tenentur</strong></span> <span class='ocrx_word' id='word_1_114' title='bbox 858 1518 890 1568; x_wconf 89' lang='lat' dir='ltr'><strong>ad</strong></span> <span class='ocrx_word' id='word_1_115' title='bbox 899 1531 941 1567; x_wconf 89' lang='lat' dir='ltr'><strong>sus-</strong></span> 
     </span>
     <span class='ocr_line' id='line_1_17' title="bbox 140 1580 960 1653; baseline -0.011 -15"><span class='ocrx_word' id='word_1_116' title='bbox 140 1589 272 1653; x_wconf 88' lang='lat' dir='ltr'><strong>cipiendum</strong></span> <span class='ocrx_word' id='word_1_117' title='bbox 285 1586 431 1652; x_wconf 85' lang='lat' dir='ltr'><strong>baptismum.</strong></span> <span class='ocrx_word' id='word_1_118' title='bbox 959 1580 960 1609; x_wconf 63' lang='lat'>¹</span> 
     </span>
    </p>

    <p class='ocr_par' dir='ltr' id='par_1_7' title="bbox 143 1656 941 1938">
     <span class='ocr_line' id='line_1_18' title="bbox 171 1656 941 1724; baseline 0 -13"><span class='ocrx_word' id='word_1_119' title='bbox 171 1661 216 1711; x_wconf 87' lang='lat' dir='ltr'><strong>Sed</strong></span> <span class='ocrx_word' id='word_1_120' title='bbox 234 1661 311 1711; x_wconf 84' lang='lat' dir='ltr'><strong>contra</strong></span> <span class='ocrx_word' id='word_1_121' title='bbox 329 1662 380 1720; x_wconf 87' lang='lat' dir='ltr'><strong>est,</strong></span> <span class='ocrx_word' id='word_1_122' title='bbox 395 1658 455 1722; x_wconf 90' lang='lat' dir='ltr'><strong>quod</strong></span> <span class='ocrx_word' id='word_1_123' title='bbox 476 1656 560 1707; x_wconf 85' lang='lat' dir='ltr'><strong>dicitur</strong></span> <span class='ocrx_word' id='word_1_124' title='bbox 578 1658 662 1718; x_wconf 73' lang='lat' dir='ltr'><strong>toan,</strong></span> <span class='ocrx_word' id='word_1_125' title='bbox 680 1659 711 1709; x_wconf 84' lang='grc' dir='ltr'><strong>ΙΙΙ</strong></span> <span class='ocrx_word' id='word_1_126' title='bbox 727 1673 733 1708; x_wconf 90' lang='lat'>:</span> <span class='ocrx_word' id='word_1_127' title='bbox 748 1657 825 1708; x_wconf 86' lang='lat' dir='ltr'><strong>«Nisi</strong></span> <span class='ocrx_word' id='word_1_128' title='bbox 845 1661 900 1724; x_wconf 89' lang='lat' dir='ltr'><strong>quis</strong></span> <span class='ocrx_word' id='word_1_129' title='bbox 913 1672 941 1710; x_wconf 86' lang='lat' dir='ltr'><strong>re·</strong></span> 
     </span>
     <span class='ocr_line' id='line_1_19' title="bbox 143 1727 941 1795; baseline -0.001 -14"><span class='ocrx_word' id='word_1_130' title='bbox 143 1735 211 1782; x_wconf 90' lang='lat' dir='ltr'><strong>uatus</strong></span> <span class='ocrx_word' id='word_1_131' title='bbox 223 1731 292 1782; x_wconf 84' lang='lat' dir='ltr'><strong>fucrit</strong></span> <span class='ocrx_word' id='word_1_132' title='bbox 305 1745 333 1782; x_wconf 86' lang='lat' dir='ltr'><strong>ex</strong></span> <span class='ocrx_word' id='word_1_133' title='bbox 346 1743 404 1794; x_wconf 87' lang='lat' dir='ltr'><strong>aqua</strong></span> <span class='ocrx_word' id='word_1_134' title='bbox 417 1732 441 1780; x_wconf 89' lang='lat' dir='ltr'><strong>et</strong></span> <span class='ocrx_word' id='word_1_135' title='bbox 454 1727 541 1792; x_wconf 77' lang='lat' dir='ltr'>Spiritu</span> <span class='ocrx_word' id='word_1_136' title='bbox 555 1733 646 1793; x_wconf 84' lang='lat' dir='ltr'><strong>sancto,</strong></span> <span class='ocrx_word' id='word_1_137' title='bbox 661 1743 708 1781; x_wconf 87' lang='lat' dir='ltr'><strong>uon</strong></span> <span class='ocrx_word' id='word_1_138' title='bbox 721 1734 798 1795; x_wconf 86' lang='lat' dir='ltr'><strong>potest</strong></span> <span class='ocrx_word' id='word_1_139' title='bbox 812 1731 941 1783; x_wconf 72' lang='lat' dir='ltr'><strong>introirem</strong></span> 
     </span>
     <span class='ocr_line' id='line_1_20' title="bbox 143 1800 939 1868; baseline 0.001 -15"><span class='ocrx_word' id='word_1_140' title='bbox 143 1817 239 1866; x_wconf 80' lang='lat' dir='ltr'><strong>reguum</strong></span> <span class='ocrx_word' id='word_1_141' title='bbox 251 1803 300 1853; x_wconf 86' lang='lat' dir='ltr'><strong>Dei.</strong></span> <span class='ocrx_word' id='word_1_142' title='bbox 312 1818 326 1849; x_wconf 80' lang='lat' dir='ltr'><strong>u</strong></span> <span class='ocrx_word' id='word_1_143' title='bbox 341 1803 370 1852; x_wconf 83' lang='lat' dir='ltr'><strong>Et</strong></span> <span class='ocrx_word' id='word_1_144' title='bbox 378 1802 403 1851; x_wconf 91' lang='lat' dir='ltr'><strong>iu</strong></span> <span class='ocrx_word' id='word_1_145' title='bbox 411 1801 451 1852; x_wconf 86' lang='lat' dir='ltr'><strong>tib.</strong></span> <span class='ocrx_word' id='word_1_146' title='bbox 460 1800 636 1852; x_wconf 83' lang='lat' dir='ltr'><strong>Deecctese‘nst.</strong></span> <span class='ocrx_word' id='word_1_147' title='bbox 647 1802 887 1868; x_wconf 74' lang='lat' dir='ltr'><strong>doqmotitus(oap.</strong></span> <span class='ocrx_word' id='word_1_148' title='bbox 899 1803 939 1864; x_wconf 74' lang='lat' dir='ltr'><strong>et).</strong></span> 
     </span>
     <span class='ocr_line' id='line_1_21' title="bbox 143 1871 906 1938; baseline 0 -14"><span class='ocrx_word' id='word_1_149' title='bbox 143 1875 244 1924; x_wconf 84' lang='lat' dir='ltr'><strong>dicitur:</strong></span> <span class='ocrx_word' id='word_1_150' title='bbox 265 1873 416 1938; x_wconf 75' lang='lat' dir='ltr'><strong>«Baptizatis</strong></span> <span class='ocrx_word' id='word_1_151' title='bbox 430 1871 519 1922; x_wconf 65' lang='lat' dir='ltr'><strong>muium</strong></span> <span class='ocrx_word' id='word_1_152' title='bbox 536 1872 580 1922; x_wconf 87' lang='lat' dir='ltr'><strong>iter</strong></span> <span class='ocrx_word' id='word_1_153' title='bbox 598 1873 678 1924; x_wconf 88' lang='lat' dir='ltr'><strong>salutis</strong></span> <span class='ocrx_word' id='word_1_154' title='bbox 691 1887 742 1925; x_wconf 89' lang='lat' dir='ltr'><strong>esse</strong></span> <span class='ocrx_word' id='word_1_155' title='bbox 754 1874 906 1926; x_wconf 75' lang='lat' dir='ltr'><strong>credimus.»</strong></span> 
     </span>
    </p>

    <p class='ocr_par' dir='ltr' id='par_1_8' title="bbox 142 1943 959 2226">
     <span class='ocr_line' id='line_1_22' title="bbox 177 1943 940 2010; baseline 0 -14"><span class='ocrx_word' id='word_1_156' title='bbox 177 1947 335 2010; x_wconf 74' lang='lat' dir='ltr'><strong>(Concessio.</strong></span> <span class='ocrx_word' id='word_1_157' title='bbox 343 1943 438 1994; x_wconf 85' lang='lat' dir='ltr'><strong>—Cirur</strong></span> <span class='ocrx_word' id='word_1_158' title='bbox 452 1956 529 2007; x_wconf 85' lang='lat' dir='ltr'><strong>neruo,</strong></span> <span class='ocrx_word' id='word_1_159' title='bbox 543 1943 588 1994; x_wconf 90' lang='lat' dir='ltr'><strong>nisi</strong></span> <span class='ocrx_word' id='word_1_160' title='bbox 600 1944 692 1996; x_wconf 73' lang='lat' dir='ltr'><strong>Chusto</strong></span> <span class='ocrx_word' id='word_1_161' title='bbox 703 1945 873 2010; x_wconf 85' lang='lat' dir='ltr'><strong>incorporatus,</strong></span> <span class='ocrx_word' id='word_1_162' title='bbox 882 1948 940 1999; x_wconf 88' lang='lat' dir='ltr'><strong>satu-</strong></span> 
     </span>
     <span class='ocr_line' id='line_1_23' title="bbox 143 2014 959 2090; baseline 0.004 -21"><span class='ocrx_word' id='word_1_163' title='bbox 143 2020 189 2070; x_wconf 87' lang='lat' dir='ltr'><strong>tem</strong></span> <span class='ocrx_word' id='word_1_164' title='bbox 205 2017 314 2081; x_wconf 77' lang='lat' dir='ltr'><strong>consequi</strong></span> <span class='ocrx_word' id='word_1_165' title='bbox 326 2020 410 2081; x_wconf 87' lang='lat' dir='ltr'><strong>queat,</strong></span> <span class='ocrx_word' id='word_1_166' title='bbox 427 2014 574 2066; x_wconf 71' lang='lat' dir='ltr'><strong>manifestum</strong></span> <span class='ocrx_word' id='word_1_167' title='bbox 585 2019 621 2066; x_wconf 89' lang='lat' dir='ltr'><strong>est</strong></span> <span class='ocrx_word' id='word_1_168' title='bbox 634 2029 714 2068; x_wconf 82' lang='lat' dir='ltr'><strong>ornnes</strong></span> <span class='ocrx_word' id='word_1_169' title='bbox 724 2017 831 2068; x_wconf 87' lang='lat' dir='ltr'><strong>homiues</strong></span> <span class='ocrx_word' id='word_1_170' title='bbox 845 2021 876 2071; x_wconf 83' lang='lat' dir='ltr'><strong>ad</strong></span> <span class='ocrx_word' id='word_1_171' title='bbox 890 2021 941 2084; x_wconf 77' lang='lat' dir='ltr'><strong>bap·</strong></span> <span class='ocrx_word' id='word_1_172' title='bbox 958 2023 959 2090; x_wconf 53' lang='grc' dir='ltr'>ζ</span> 
     </span>
     <span class='ocr_line' id='line_1_24' title="bbox 142 2087 959 2155; baseline -0.002 -15"><span class='ocrx_word' id='word_1_173' title='bbox 142 2088 207 2140; x_wconf 89' lang='lat' dir='ltr'><strong>tismi</strong></span> <span class='ocrx_word' id='word_1_174' title='bbox 219 2089 386 2152; x_wconf 80' lang='lat' dir='ltr'><strong>susceptionem</strong></span> <span class='ocrx_word' id='word_1_175' title='bbox 399 2087 482 2153; x_wconf 86' lang='lat' dir='ltr'><strong>teneri,</strong></span> <span class='ocrx_word' id='word_1_176' title='bbox 491 2102 531 2153; x_wconf 89' lang='lat' dir='ltr'><strong>per</strong></span> <span class='ocrx_word' id='word_1_177' title='bbox 542 2101 612 2153; x_wconf 85' lang='lat' dir='ltr'><strong>quem</strong></span> <span class='ocrx_word' id='word_1_178' title='bbox 630 2089 721 2140; x_wconf 79' lang='lat' dir='ltr'><strong>Christo</strong></span> <span class='ocrx_word' id='word_1_179' title='bbox 735 2089 913 2155; x_wconf 80' lang='lat' dir='ltr'><strong>incorporantur</strong></span> <span class='ocrx_word' id='word_1_180' title='bbox 922 2095 940 2141; x_wconf 91' lang='lat' dir='ltr'><strong>et</strong></span> <span class='ocrx_word' id='word_1_181' title='bbox 958 2109 959 2148; x_wconf 64' lang='lat' dir='ltr'><strong>q</strong></span> 
     </span>
     <span class='ocr_line' id='line_1_25' title="bbox 142 2159 959 2226; baseline -0.001 -16"><span class='ocrx_word' id='word_1_182' title='bbox 142 2161 215 2226; x_wconf 91' lang='lat' dir='ltr'><strong>ipsius</strong></span> <span class='ocrx_word' id='word_1_183' title='bbox 228 2160 327 2210; x_wconf 85' lang='lat' dir='ltr'><strong>membra</strong></span> <span class='ocrx_word' id='word_1_184' title='bbox 340 2159 422 2224; x_wconf 86' lang='lat' dir='ltr'><strong>tiuut.)</strong></span> <span class='ocrx_word' id='word_1_185' title='bbox 504 2167 510 2184; x_wconf 81' lang='lat'><strong>⁴</strong></span> <span class='ocrx_word' id='word_1_186' title='bbox 958 2159 959 2166; x_wconf 77' lang='grc'>’</span> 
     </span>
    </p>

    <p class='ocr_par' dir='ltr' id='par_1_9' title="bbox 141 2199 959 2655">
     <span class='ocr_line' id='line_1_26' title="bbox 174 2199 959 2299; baseline -0.003 -15"><span class='ocrx_word' id='word_1_187' title='bbox 174 2233 309 2296; x_wconf 81' lang='lat' dir='ltr'><strong>Respondes</strong></span> <span class='ocrx_word' id='word_1_188' title='bbox 320 2231 449 2295; x_wconf 85' lang='lat' dir='ltr'><strong>dicendum,</strong></span> <span class='ocrx_word' id='word_1_189' title='bbox 460 2231 521 2297; x_wconf 80' lang='lat' dir='ltr'><strong>quid</strong></span> <span class='ocrx_word' id='word_1_190' title='bbox 535 2231 563 2282; x_wconf 87' lang='lat' dir='ltr'><strong>ad</strong></span> <span class='ocrx_word' id='word_1_191' title='bbox 572 2231 627 2282; x_wconf 88' lang='lat' dir='ltr'><strong>illud</strong></span> <span class='ocrx_word' id='word_1_192' title='bbox 641 2232 745 2283; x_wconf 87' lang='lat' dir='ltr'><strong>homines</strong></span> <span class='ocrx_word' id='word_1_193' title='bbox 758 2235 884 2299; x_wconf 85' lang='lat' dir='ltr'><strong>tenentur,</strong></span> <span class='ocrx_word' id='word_1_194' title='bbox 898 2233 941 2285; x_wconf 89' lang='lat' dir='ltr'><strong>siue</strong></span> <span class='ocrx_word' id='word_1_195' title='bbox 958 2199 959 2275; x_wconf 54' lang='lat' dir='ltr'><strong>i</strong></span> 
     </span>
     <span class='ocr_line' id='line_1_27' title="bbox 143 2303 942 2372; baseline -0.004 -15"><span class='ocrx_word' id='word_1_196' title='bbox 143 2320 188 2370; x_wconf 90' lang='lat' dir='ltr'><strong>que</strong></span> <span class='ocrx_word' id='word_1_197' title='bbox 202 2305 298 2355; x_wconf 85' lang='lat' dir='ltr'><strong>satutem</strong></span> <span class='ocrx_word' id='word_1_198' title='bbox 306 2304 416 2368; x_wconf 86' lang='lat' dir='ltr'><strong>consequi</strong></span> <span class='ocrx_word' id='word_1_199' title='bbox 425 2318 472 2355; x_wconf 92' lang='lat' dir='ltr'><strong>nou</strong></span> <span class='ocrx_word' id='word_1_200' title='bbox 485 2306 590 2368; x_wconf 85' lang='lat' dir='ltr'><strong>possunt.</strong></span> <span class='ocrx_word' id='word_1_201' title='bbox 599 2303 744 2354; x_wconf 76' lang='lat' dir='ltr'><strong>Manifestum</strong></span> <span class='ocrx_word' id='word_1_202' title='bbox 754 2307 790 2356; x_wconf 89' lang='lat' dir='ltr'><strong>est</strong></span> <span class='ocrx_word' id='word_1_203' title='bbox 800 2309 880 2356; x_wconf 88' lang='lat' dir='ltr'><strong>autern</strong></span> <span class='ocrx_word' id='word_1_204' title='bbox 888 2305 942 2372; x_wconf 83' lang='lat' dir='ltr'><strong>quid</strong></span> 
     </span>
     <span class='ocr_line' id='line_1_28' title="bbox 142 2375 941 2441; baseline -0.005 -13"><span class='ocrx_word' id='word_1_205' title='bbox 142 2377 219 2428; x_wconf 88' lang='lat' dir='ltr'><strong>nullus</strong></span> <span class='ocrx_word' id='word_1_206' title='bbox 237 2378 312 2440; x_wconf 85' lang='lat' dir='ltr'><strong>potest</strong></span> <span class='ocrx_word' id='word_1_207' title='bbox 325 2375 420 2426; x_wconf 83' lang='lat' dir='ltr'><strong>salutern</strong></span> <span class='ocrx_word' id='word_1_208' title='bbox 440 2375 564 2439; x_wconf 82' lang='lat' dir='ltr'><strong>consequi,</strong></span> <span class='ocrx_word' id='word_1_209' title='bbox 578 2375 621 2425; x_wconf 89' lang='lat' dir='ltr'><strong>uisi</strong></span> <span class='ocrx_word' id='word_1_210' title='bbox 638 2389 679 2439; x_wconf 91' lang='lat' dir='ltr'><strong>per</strong></span> <span class='ocrx_word' id='word_1_211' title='bbox 699 2375 832 2441; x_wconf 67' lang='lat' dir='ltr'><strong>Christum</strong></span> <span class='ocrx_word' id='word_1_212' title='bbox 851 2379 941 2428; x_wconf 87' lang='lat' dir='ltr'><strong>undeet</strong></span> 
     </span>
     <span class='ocr_line' id='line_1_29' title="bbox 141 2446 940 2512; baseline -0.004 -14"><span class='ocrx_word' id='word_1_213' title='bbox 141 2449 262 2512; x_wconf 74' lang='lat' dir='ltr'><strong>Apostolus</strong></span> <span class='ocrx_word' id='word_1_214' title='bbox 271 2446 333 2508; x_wconf 82' lang='lat' dir='ltr'><strong>dicit,</strong></span> <span class='ocrx_word' id='word_1_215' title='bbox 345 2449 425 2505; x_wconf 72' lang='lat' dir='ltr'><strong>Rom„</strong></span> <span class='ocrx_word' id='word_1_216' title='bbox 435 2448 470 2496; x_wconf 82' lang='lat' dir='ltr'><strong>V:</strong></span> <span class='ocrx_word' id='word_1_217' title='bbox 488 2446 571 2497; x_wconf 80' lang='lat' dir='ltr'><strong>«Sicut</strong></span> <span class='ocrx_word' id='word_1_218' title='bbox 581 2459 621 2512; x_wconf 86' lang='lat' dir='ltr'><strong>per</strong></span> <span class='ocrx_word' id='word_1_219' title='bbox 630 2447 697 2498; x_wconf 88' lang='lat' dir='ltr'><strong>unius</strong></span> <span class='ocrx_word' id='word_1_220' title='bbox 705 2447 811 2498; x_wconf 85' lang='lat' dir='ltr'><strong>delictum</strong></span> <span class='ocrx_word' id='word_1_221' title='bbox 824 2449 850 2498; x_wconf 89' lang='lat' dir='ltr'><strong>in</strong></span> <span class='ocrx_word' id='word_1_222' title='bbox 865 2460 940 2500; x_wconf 83' lang='lat' dir='ltr'><strong>omues</strong></span> 
     </span>
     <span class='ocr_line' id='line_1_30' title="bbox 141 2517 941 2584; baseline -0.003 -14"><span class='ocrx_word' id='word_1_223' title='bbox 141 2520 245 2571; x_wconf 87' lang='lat' dir='ltr'><strong>homines</strong></span> <span class='ocrx_word' id='word_1_224' title='bbox 267 2520 291 2568; x_wconf 91' lang='lat' dir='ltr'><strong>in</strong></span> <span class='ocrx_word' id='word_1_225' title='bbox 309 2519 536 2582; x_wconf 82' lang='lat' dir='ltr'><strong>condemnationem,</strong></span> <span class='ocrx_word' id='word_1_226' title='bbox 549 2517 582 2569; x_wconf 89' lang='lat' dir='ltr'><strong>sic</strong></span> <span class='ocrx_word' id='word_1_227' title='bbox 602 2521 626 2570; x_wconf 86' lang='lat' dir='ltr'><strong>et</strong></span> <span class='ocrx_word' id='word_1_228' title='bbox 645 2532 685 2584; x_wconf 90' lang='lat' dir='ltr'><strong>per</strong></span> <span class='ocrx_word' id='word_1_229' title='bbox 707 2520 775 2570; x_wconf 90' lang='lat' dir='ltr'><strong>unius</strong></span> <span class='ocrx_word' id='word_1_230' title='bbox 793 2518 941 2584; x_wconf 82' lang='lat' dir='ltr'><strong>justitiamin</strong></span> 
     </span>
     <span class='ocr_line' id='line_1_31' title="bbox 142 2589 941 2655; baseline -0.006 -13"><span class='ocrx_word' id='word_1_231' title='bbox 142 2604 223 2643; x_wconf 88' lang='lat' dir='ltr'><strong>omues</strong></span> <span class='ocrx_word' id='word_1_232' title='bbox 235 2589 340 2642; x_wconf 86' lang='lat' dir='ltr'><strong>homines</strong></span> <span class='ocrx_word' id='word_1_233' title='bbox 351 2591 376 2641; x_wconf 88' lang='lat' dir='ltr'><strong>in</strong></span> <span class='ocrx_word' id='word_1_234' title='bbox 387 2591 576 2655; x_wconf 84' lang='lat' dir='ltr'><strong>justificationem</strong></span> <span class='ocrx_word' id='word_1_235' title='bbox 587 2591 649 2644; x_wconf 78' lang='lat' dir='ltr'><strong>vita.</strong></span> <span class='ocrx_word' id='word_1_236' title='bbox 661 2608 674 2639; x_wconf 77' lang='grc' dir='ltr'>ι</span> <span class='ocrx_word' id='word_1_237' title='bbox 683 2591 716 2642; x_wconf 75' lang='lat' dir='ltr'><strong>Ad</strong></span> <span class='ocrx_word' id='word_1_238' title='bbox 731 2592 777 2642; x_wconf 85' lang='lat' dir='ltr'><strong>hoc</strong></span> <span class='ocrx_word' id='word_1_239' title='bbox 791 2597 869 2644; x_wconf 87' lang='lat' dir='ltr'><strong>autem</strong></span> <span class='ocrx_word' id='word_1_240' title='bbox 882 2593 941 2643; x_wconf 83' lang='lat' dir='ltr'><strong>datur</strong></span> 
     </span>
    </p>
   </div>
   <div class='ocr_carea' id='block_1_5' title="bbox 142 2733 958 2952">
    <p class='ocr_par' dir='ltr' id='par_1_10' title="bbox 142 2733 958 2952">
     <span class='ocr_line' id='line_1_32' title="bbox 177 2733 958 2825; baseline 0 -15"><span class='ocrx_word' id='word_1_241' title='bbox 177 2760 211 2825; x_wconf 85' lang='grc' dir='ltr'>(ι)</span> <span class='ocrx_word' id='word_1_242' title='bbox 225 2767 258 2810; x_wconf 75' lang='lat' dir='ltr'><strong>ue</strong></span> <span class='ocrx_word' id='word_1_243' title='bbox 269 2764 306 2810; x_wconf 79' lang='lat' dir='ltr'><strong>uss</strong></span> <span class='ocrx_word' id='word_1_244' title='bbox 319 2765 390 2810; x_wconf 73' lang='lat' dir='ltr'><strong>euram</strong></span> <span class='ocrx_word' id='word_1_245' title='bbox 405 2763 473 2822; x_wconf 79' lang='lat' dir='ltr'><strong>snus,</strong></span> <span class='ocrx_word' id='word_1_246' title='bbox 489 2775 529 2820; x_wconf 80' lang='lat' dir='ltr'><strong>qn.</strong></span> <span class='ocrx_word' id='word_1_247' title='bbox 540 2763 581 2825; x_wconf 85' lang='lat' dir='ltr'><strong>ro,</strong></span> <span class='ocrx_word' id='word_1_248' title='bbox 596 2769 640 2810; x_wconf 74' lang='lat' dir='ltr'><strong>au.</strong></span> <span class='ocrx_word' id='word_1_249' title='bbox 662 2764 692 2822; x_wconf 83' lang='lat' dir='ltr'><strong>s,</strong></span> <span class='ocrx_word' id='word_1_250' title='bbox 706 2763 763 2811; x_wconf 71' lang='lat' dir='ltr'><strong>ana</strong></span> <span class='ocrx_word' id='word_1_251' title='bbox 783 2769 807 2812; x_wconf 77' lang='lat' dir='ltr'><strong>ee</strong></span> <span class='ocrx_word' id='word_1_252' title='bbox 820 2763 851 2820; x_wconf 67' lang='grc' dir='ltr'>ι,</span> <span class='ocrx_word' id='word_1_253' title='bbox 867 2765 939 2818; x_wconf 71' lang='lat' dir='ltr'><strong>serv,</strong></span> <span class='ocrx_word' id='word_1_254' title='bbox 957 2733 958 2804; x_wconf 81' lang='lat' dir='ltr'><strong>j</strong></span> 
     </span>
     <span class='ocr_line' id='line_1_33' title="bbox 143 2825 958 2887; baseline -0.001 -15"><span class='ocrx_word' id='word_1_255' title='bbox 143 2825 220 2877; x_wconf 67' lang='lat' dir='ltr'><strong>Sene,</strong></span> <span class='ocrx_word' id='word_1_256' title='bbox 234 2827 289 2873; x_wconf 85' lang='lat' dir='ltr'><strong>dist.</strong></span> <span class='ocrx_word' id='word_1_257' title='bbox 301 2826 326 2887; x_wconf 80' lang='lat' dir='ltr'><strong>t,</strong></span> <span class='ocrx_word' id='word_1_258' title='bbox 340 2840 380 2886; x_wconf 87' lang='lat' dir='ltr'><strong>qu.</strong></span> <span class='ocrx_word' id='word_1_259' title='bbox 392 2826 416 2887; x_wconf 85' lang='grc'><strong>3,</strong></span> <span class='ocrx_word' id='word_1_260' title='bbox 432 2833 476 2874; x_wconf 83' lang='lat' dir='ltr'><strong>art.</strong></span> <span class='ocrx_word' id='word_1_261' title='bbox 490 2825 514 2884; x_wconf 86' lang='grc'><strong>3,</strong></span> <span class='ocrx_word' id='word_1_262' title='bbox 527 2828 664 2884; x_wconf 78' lang='lat' dir='ltr'><strong>quaestiuue.</strong></span> <span class='ocrx_word' id='word_1_263' title='bbox 679 2827 703 2883; x_wconf 74' lang='lat' dir='ltr'><strong>t,</strong></span> <span class='ocrx_word' id='word_1_264' title='bbox 718 2839 784 2886; x_wconf 85' lang='lat' dir='ltr'><strong>corp.</strong></span> <span class='ocrx_word' id='word_1_265' title='bbox 799 2834 824 2874; x_wconf 90' lang='lat' dir='ltr'><strong>et</strong></span> <span class='ocrx_word' id='word_1_266' title='bbox 836 2829 867 2875; x_wconf 78' lang='lat' dir='ltr'><strong>eet</strong></span> <span class='ocrx_word' id='word_1_267' title='bbox 884 2827 941 2882; x_wconf 81' lang='lat' dir='ltr'><strong>³;et</strong></span> <span class='ocrx_word' id='word_1_268' title='bbox 957 2837 958 2850; x_wconf 62' lang='lat'>³</span> 
     </span>
     <span class='ocr_line' id='line_1_34' title="bbox 142 2889 958 2952; baseline 0.002 -18"><span class='ocrx_word' id='word_1_269' title='bbox 142 2889 198 2935; x_wconf 84' lang='lat' dir='ltr'><strong>dist.</strong></span> <span class='ocrx_word' id='word_1_270' title='bbox 208 2889 233 2946; x_wconf 86' lang='lat' dir='ltr'><strong>o,</strong></span> <span class='ocrx_word' id='word_1_271' title='bbox 243 2903 284 2948; x_wconf 88' lang='lat' dir='ltr'><strong>qu.</strong></span> <span class='ocrx_word' id='word_1_272' title='bbox 295 2889 318 2952; x_wconf 86' lang='lat' dir='ltr'><strong>t,</strong></span> <span class='ocrx_word' id='word_1_273' title='bbox 333 2896 377 2938; x_wconf 89' lang='lat' dir='ltr'><strong>art.</strong></span> <span class='ocrx_word' id='word_1_274' title='bbox 389 2891 412 2951; x_wconf 84' lang='lat'><strong>1,</strong></span> <span class='ocrx_word' id='word_1_275' title='bbox 422 2891 559 2949; x_wconf 77' lang='lat' dir='ltr'><strong>questione.</strong></span> <span class='ocrx_word' id='word_1_276' title='bbox 574 2891 602 2946; x_wconf 67' lang='grc' dir='ltr'><strong>ις</strong></span> <span class='ocrx_word' id='word_1_277' title='bbox 617 2895 642 2937; x_wconf 86' lang='lat' dir='ltr'><strong>et</strong></span> <span class='ocrx_word' id='word_1_278' title='bbox 653 2889 743 2939; x_wconf 73' lang='lat' dir='ltr'><strong>centra</strong></span> <span class='ocrx_word' id='word_1_279' title='bbox 754 2895 834 2942; x_wconf 50' lang='grc' dir='ltr'><strong>(ἰωὴ,</strong></span> <span class='ocrx_word' id='word_1_280' title='bbox 842 2891 885 2939; x_wconf 77' lang='lat' dir='ltr'><strong>tir.</strong></span> <span class='ocrx_word' id='word_1_281' title='bbox 894 2891 936 2948; x_wconf 83' lang='grc' dir='ltr'><strong>Π,</strong></span> <span class='ocrx_word' id='word_1_282' title='bbox 957 2911 958 2928; x_wconf 55' lang='lat' dir='ltr'><strong>r</strong></span> 
     </span>
    </p>
   </div>
   <div class='ocr_carea' id='block_1_6' title="bbox 144 2951 252 3012">
    <p class='ocr_par' dir='ltr' id='par_1_11' title="bbox 144 2951 252 3012">
     <span class='ocr_line' id='line_1_35' title="bbox 144 2951 252 3012; baseline 0.019 -14"><span class='ocrx_word' id='word_1_283' title='bbox 144 2963 197 3012; x_wconf 84' lang='lat' dir='ltr'><strong>cap.</strong></span> <span class='ocrx_word' id='word_1_284' title='bbox 212 2951 252 3000; x_wconf 70' lang='lat' dir='ltr'><strong>tt.</strong></span> 
     </span>
    </p>
   </div>
   <div class='ocr_carea' id='block_1_7' title="bbox 0 0 979 3284">
    <p class='ocr_par' dir='ltr' id='par_1_12' title="bbox 0 0 979 3284">
     <span class='ocr_line' id='line_1_36' title="bbox 0 0 979 3284; baseline 0 0"><span class='ocrx_word' id='word_1_285' title='bbox 0 0 979 3284; x_wconf 95' lang='lat' dir='ltr'><strong> </strong></span> 
     </span>
    </p>
   </div>
  </div>
 </body>
</html>
