1942 3284
114 226 144 273 58
304 230 531 280 pessumeuntem.
548 230 613 279 cxiv,
631 231 687 268 aar.
705 233 723 267 1.

346 418 515 489 ulmaria
533 417 640 483 LXIV.

146 568 181 613 De
195 578 268 611 ecura
280 568 490 611 sacramentorum
498 596 508 614 ,
521 565 551 609 tre
566 563 645 609 decem
658 566 778 611 articulos
791 565 891 613 diuisa.
961 556 962 563 ¹

147 714 234 766 Deinde
253 712 441 763 considerandum
456 714 493 762 est
507 712 535 761 dc
555 712 631 762 causis
644 708 855 779 sacramenlomm,
873 717 935 769 sive

117 799 159 851 per
177 784 351 847 anctoritatem,
365 783 414 833 sire
428 796 468 846 per
479 782 639 833 ministerium.

149 857 178 905 Et
191 856 250 906 circa
264 857 309 905 hnc
322 857 452 917 queruntur
465 854 561 905 decem:
577 857 603 903 10
614 852 693 905 tllrirm
710 855 771 905 selus
784 856 845 907 Deus
864 858 934 913 inte-

117 926 166 979 riirs
180 929 287 992 operetur
303 926 329 976 in
342 925 490 975 sacramentis
506 940 511 973 :
527 930 555 974 20
567 924 646 975 ulrum
663 925 775 976 institutio
789 939 934 981 sacramen-

117 1002 194 1051 turnm
208 999 239 1049 sit
250 998 323 1049 selim
337 998 351 1047 a
365 997 420 1047 Dee.
432 1001 458 1045 3⁰
471 998 503 1047 lle
516 1000 629 1060 potestate
643 1010 710 1060 quam
724 997 805 1047 hahuit
816 998 936 1053 Christus
961 1014 962 1017 ’

118 1070 144 1120 in
158 1068 313 1119 sacramentis.
329 1071 355 1117 l⁰
367 1066 447 1117 Utrum
459 1066 523 1117 illam
536 1070 672 1131 potestatem
684 1068 785 1131 potuerit
795 1069 848 1121 aliis
861 1085 934 1125 cum-
961 1128 962 1131 ,

117 1141 245 1191 manicare.
255 1144 281 1189 50
292 1138 375 1189 Utrirrn
383 1143 485 1202 potestas
499 1138 620 1189 ministerii
633 1140 657 1188 in
673 1140 823 1189 sacramentis
835 1153 933 1195 eanre-

118 1212 169 1262 nial
184 1212 258 1262 malis.
276 1217 303 1260 60
315 1209 395 1261 Utrum
409 1211 463 1259 mali
484 1215 578 1274 peccent
598 1210 752 1274 dispensando
765 1218 932 1265 sacramenta.

119 1286 147 1331 70
156 1282 235 1334 Ulcirm
242 1282 319 1345 angeli
326 1280 416 1346 possint
427 1295 477 1331 esse
485 1280 585 1331 ministri
596 1285 798 1333 sacramentorum.
807 1286 833 1331 8⁰
841 1284 935 1337 Utrum

120 1353 218 1404 intenlio
231 1352 331 1403 ministri
341 1351 467 1415 requiratur
480 1351 505 1401 in
519 1352 675 1404 sacramentis.
688 1357 714 1401 90
724 1350 804 1403 Utrirm
821 1356 938 1417 requira—

120 1428 159 1474 tur
169 1425 202 1474 ibi
212 1429 275 1475 reeta
289 1425 362 1485 tides,
377 1423 410 1473 ita
426 1424 513 1475 scilicet
531 1424 592 1487 qutd
605 1424 703 1474 infidelis
724 1436 770 1474 non
784 1426 858 1487 possit
882 1430 932 1482 tra·

121 1496 174 1546 dere
188 1500 339 1547 sacramenta.
353 1498 396 1545 100
411 1494 491 1545 Utrum
503 1496 630 1559 requiratur
644 1495 675 1545 ihi
691 1498 753 1546 recta
767 1496 881 1549 intenlio.

423 1673 585 1725 ARTlCULUS
601 1674 620 1723 1.

125 1797 213 1843 Utrum
226 1799 290 1843 solas
299 1800 364 1844 Deua
371 1801 485 1855 operetur
491 1798 593 1843 taleriis
607 1798 639 1843 ud
648 1798 756 1854 effectam
765 1804 932 1849 sacramenti.
961 1770 962 1779 ἵ

154 1924 188 1974 aa
201 1922 299 1988 primum
311 1923 481 1987 sicprccelilnr
490 1924 533 1987 (1).
542 1922 636 1973 Videtur
649 1922 709 1987 qntd
724 1936 770 1975 nen
784 1923 936 1995 salustium,
961 1912 962 1939 ³

119 1996 166 2046 *ren
177 1994 246 2045 etiam
260 1993 365 2045 minister
381 1994 478 2045 interiirs
492 1998 596 2059 operetur
610 1995 637 2045 ad
650 1995 758 2045 ellectum
776 2003 936 2054 sacramenti.

123 2066 218 2117 interior
234 2065 297 2115 enim
317 2065 454 2116 sacramenti
471 2065 566 2115 effectus
586 2068 636 2127 est,
656 2071 681 2116 nt
700 2067 769 2118 homo
785 2073 939 2131 purgatura

123 2137 233 2200 maeatis,
243 2141 267 2188 et
275 2136 415 2187 illuminetur
425 2150 466 2200 ner
477 2136 583 2200 gratiam,
593 2138 637 2187 Sed
648 2138 676 2188 ad
688 2138 803 2189 ministras
814 2139 939 2199 Ecclesiae

123 2207 224 2272 pertinet
232 2222 345 2273 purgare,
359 2208 486 2259 illuminare
500 2212 523 2259 et
532 2207 653 2273 perficere3
664 2214 690 2259 ut
707 2212 770 2274 patet
783 2222 824 2273 per
841 2210 938 2281 Diony.

125 2280 184 2329 mum
196 2281 222 2330 in
235 2281 264 2331 V.
282 2294 332 2345 cap.
359 2278 456 2330 Coelest.
476 2279 600 2329 hierarch.
617 2280 676 2344 Erga
694 2282 782 2330 videtur
795 2278 858 2345 qntd
881 2299 938 2339 non

125 2349 198 2400 selim
217 2352 290 2413 lleus,
307 2351 348 2401 sed
361 2350 431 2399 etiam
446 2350 545 2402 ministri
565 2351 673 2403 Ecclesia
692 2350 788 2402 intentas
801 2361 938 2417 operantur

125 2420 155 2470 ad
168 2422 303 2471 sacramenti
319 2421 435 2473 ellectum.

158 2496 182 2541 2.
196 2494 323 2555 Pratum,
335 2492 360 2541 in
375 2492 495 2544 cellatione
509 2497 699 2545 sacramentorum
718 2492 822 2557 quadam
842 2501 939 2553 uratio-

126 2576 182 2613 mun
193 2564 300 2627 sutfragia
310 2567 529 2628 praenunciasset
540 2566 654 2618 crationes
661 2566 775 2627 jnstcrum
787 2570 840 2615 sunt
853 2574 937 2635 magis

129 2634 190 2698 apul
205 2636 276 2685 Deum
289 2636 429 2687 exaudibiles
439 2636 507 2700 qulam
519 2649 712 2701 quorumcumque
718 2672 727 2699 ,
738 2636 863 2687 secundnm
872 2639 938 2695 illud

128 2707 211 2763 leun„
221 2706 251 2755 lx
266 2720 272 2754 ε
289 2707 338 2755 «Si
349 2707 400 2771 quis
410 2707 451 2757 llei
461 2709 534 2759 cultor
546 2713 594 2771 cst,
608 2710 631 2758 et
646 2708 785 2758 veluntatem
800 2709 851 2771 ejus
861 2709 935 2778 tacit,

128 2776 191 2827 hunc
209 2777 274 2827 neus
283 2778 383 2829 exaudit.
399 2794 412 2825 n
426 2779 485 2843 Ergo
504 2778 593 2829 videtur
611 2778 671 2842 quel
691 2780 800 2843 majorem
821 2778 939 2837 ellectum

162 2882 193 2945 (1)
208 2886 285 2933 llchia
294 2888 363 2934 etiam
374 2887 443 2947 intrat,
458 2888 482 2931 in
500 2888 648 2949 inlaqueat,
660 2895 705 2938 art.
718 2886 746 2944 5;
758 2894 783 2935 et
796 2889 837 2947 tv,
848 2888 936 2948 Salat„

129 2945 183 2994 (liet.
192 2946 217 3009 5,
229 2962 269 3008 qu.
279 2950 304 3011 2,
315 2957 360 2999 art.
375 2951 398 3012 2,
406 2951 545 3009 quaestiunc.
553 2950 577 2999 Ξ.
