1942 3284
168 202 203 239 nn
220 199 380 238 conrnssroras
394 199 477 244 onero
492 200 549 238 eins
564 201 748 241 messarim.
815 191 859 240 603

88 277 256 340 immansio.
267 297 300 314 -·
313 271 370 324 cim
390 278 534 324 sacramenia
550 274 662 327 animalis
681 277 778 330 rationis
795 281 858 333 viras

56 346 184 406 excedant,
202 344 391 396 sacramentalem
412 343 595 411 confessionem,
616 357 663 397 nou
679 348 803 412 naturalis,
816 353 858 404 sed

86 486 378 551 Respondeodiceniom,
390 483 451 548 quin
466 489 606 538 sacramenta
620 492 674 540 snnt
691 490 864 554 meramnum

55 557 258 623 protestationes,
271 556 332 608 undo
346 559 435 621 oporiet
445 568 473 608 ea
486 556 600 610 tineiesse
615 562 792 626 proportionata
801 564 858 616 tides

56 633 133 680 antem
146 633 185 680 cst
204 640 277 692 snpra
296 627 446 692 coguitionem
461 627 556 678 rationis
570 631 695 694 naturalis3
715 635 774 685 uude
786 639 811 686 et
822 648 858 686 sa·

56 703 175 751 cramenta
189 703 249 750 suut
265 711 334 762 supra
346 697 441 750 rationis
453 699 563 749 naturalis
576 699 697 752 dictamen.
709 702 739 754 Et
754 705 859 769 quiajos

55 769 160 820 naturale
176 773 217 820 est
239 783 255 818 c
271 769 332 832 quod
345 781 391 819 nou
402 767 482 832 opinio
498 770 592 832 gennit,
606 772 646 821 secl
663 772 740 824 innata
753 777 858 838 qondam

54 841 90 892 uis
104 842 251 901 inseruit‚o
265 845 291 891 nt
303 838 390 890 Tullius
406 838 475 900 dicit,
484 837 537 891 ideo
552 844 692 892 sacramenta
706 855 752 895 non
764 851 818 897 sunt
828 847 858 897 alc

54 910 106 974 jure
121 910 242 972 naturali,
256 909 296 960 scd
310 909 338 961 de
358 909 408 973 iure
420 908 512 972 divino,
533 911 594 972 qnod
612 915 649 960 est
660 924 728 974 supra
741 917 856 979 naturale;

56 982 116 1045 quod
130 983 273 1045 quaudoque
286 979 356 1031 eiiam
366 979 484 1030 naturaie
499 978 589 1043 elicitur,
601 981 726 1033 secondim
736 985 797 1047 quon
808 987 859 1038 cni·

55 1052 116 1104 libet
128 1053 163 1106 rei
176 1051 237 1102 illud
251 1055 288 1102 est
299 1050 415 1113 naturale,
426 1051 488 1114 qnod
497 1049 522 1102 ei
532 1049 546 1100 l
558 1063 601 1102 mo
610 1056 711 1104 creatore
724 1054 857 1120 imponitur.

56 1123 143 1175 Tamen
161 1121 260 1188 proprie
280 1122 385 1174 dicuntur
398 1119 522 1183 naturalia,
533 1133 586 1185 qna
597 1134 627 1173 ex
644 1123 762 1188 principiis
773 1131 859 1180 maturo

56 1196 191 1256 causantur,
202 1203 274 1256 snpra
285 1196 363 1244 autem
374 1195 477 1242 naturam
492 1190 547 1255 illa,
560 1204 612 1256 qno
626 1191 677 1256 ipse
693 1194 754 1246 liena
765 1196 810 1247 sibi
822 1211 859 1248 re·

58 1267 152 1319 serrat,
161 1263 217 1314 siue
229 1265 316 1314 naturae
324 1261 449 1314 ministerio
460 1263 583 1325 operanda,
594 1262 643 1315 sire
652 1262 677 1314 in
689 1265 859 1329 operationibus

59 1331 242 1396 miraculorum,
254 1332 305 1384 sivo
315 1332 340 1382 in
352 1331 528 1383 revelationibus
536 1333 709 1396 mysteriorum,
721 1335 771 1387 sire
783 1337 809 1388 in
821 1339 860 1390 in·

60 1403 220 1458 sntutouibus
232 1405 434 1456 armamentorum.
453 1405 482 1454 nt
498 1403 534 1456 sic
546 1405 672 1467 confessio,
686 1419 737 1470 qua
755 1409 859 1462 necessi-

58 1477 129 1525 tatem
146 1473 337 1527 sacramentalem
348 1474 432 1538 nabet,
443 1487 492 1526 uon
501 1481 539 1527 cst
547 1476 577 1525 de
586 1477 639 1539 juro
649 1477 759 1542 naturali,
769 1480 812 1533 soi
823 1480 859 1531 di-

60 1555 123 1597 rino.

89 1616 125 1668 ici
138 1615 241 1680 primum
252 1611 307 1679 erio
319 1613 452 1678 dicendum,
461 1615 523 1678 qubn
536 1616 608 1668 idam
620 1617 801 1682 vituperatum
814 1620 860 1671 hoc

60 1685 121 1748 quoi
134 1692 258 1752 peccatum
273 1700 340 1737 suom
352 1698 429 1738 coram
445 1687 493 1737 ilco
509 1699 556 1738 nou
573 1688 705 1751 recognovit
722 1689 858 1741 :muressm

59 1757 121 1809 enim
140 1771 196 1824 qum
208 1757 237 1809 iit
248 1757 295 1810 ilco
307 1770 348 1822 per
361 1756 540 1819 recognitionem
555 1758 646 1822 pcccati
658 1762 695 1810 est
707 1759 736 1810 dc
748 1759 801 1823 imo
813 1773 859 1810 ua-

59 1828 140 1892 turali3
154 1841 220 1882 nuuc
237 1831 314 1880 autem
333 1828 446 1892 loquimur
461 1829 491 1880 de
500 1828 646 1880 confessione
655 1842 707 1893 qua
720 1831 747 1880 nt
759 1831 857 1884 homiui.

60 1897 101 1950 vel
112 1899 253 1960 bmnium,
266 1897 326 1964 quil
343 1898 445 1951 confiteri
459 1903 591 1964 peccatum,
603 1898 628 1950 in
643 1913 697 1951 casu
714 1906 753 1953 est
766 1901 795 1954 de
804 1903 858 1966 juro

60 1971 173 2037 naturali,
192 1970 281 2023 scilicet
294 1969 347 2021 ciam
358 1970 411 2034 quis
421 1969 447 2022 in
457 1970 546 2034 jndicio
558 1970 694 2022 consitutns
709 1971 724 2022 i
731 1972 809 2035 jndice
821 1975 859 2022 in-

60 2045 189 2107 terrogatur
202 2059 209 2094 ι
223 2046 280 2094 tunc
293 2043 355 2095 enim
373 2054 420 2093 non
443 2043 510 2094 (lebet
526 2042 636 2102 mentiri,
653 2047 770 2106 peccatum
790 2057 858 2094 suum

61 2117 195 2168 excusando
211 2113 381 2177 immorando,
396 2113 424 2164 de
437 2126 482 2178 qno
500 2114 571 2165 balam
582 2116 607 2163 et
617 2111 673 2164 cain
690 2113 855 2178 vituperantur.

60 2183 105 2236 Saul
116 2186 234 2240 confessio
245 2198 298 2249 oum
310 2184 336 2235 ili
350 2183 435 2234 bomini
453 2188 550 2248 sponte,
565 2185 593 2234 ad
606 2183 763 2236 remissionem
776 2199 857 2252 pecca·

61 2255 135 2306 torum
147 2254 354 2320 consequendami
367 2256 424 2318 ileo,
437 2267 483 2305 non
493 2258 529 2305 ost
541 2254 629 2316 delore
639 2255 746 2305 naturali.

91 2327 125 2376 Al
138 2327 266 2380 secuudum
285 2324 418 2386 dicentium,
432 2324 494 2388 qnbd
509 2328 622 2388 precepta
635 2323 694 2388 legis
709 2330 797 2380 natura
808 2339 857 2378 ma·

62 2399 213 2450 ncutcodem
227 2397 296 2450 modo
310 2395 497 2460 inicornium,
511 2395 646 2446 etiunoua
662 2396 781 2460 lege3serl
800 2411 856 2450 cou-
949 2452 950 2455 ,

62 2465 130 2520 iessio
148 2469 257 2534 quamvis
276 2466 404 2531 aliqualiter
420 2470 480 2518 esset
497 2465 522 2516 is
540 2466 593 2530 lege
610 2466 699 2531 blopsi,
712 2481 759 2518 nou
778 2473 857 2520 umen

61 2539 140 2590 eodem
155 2541 233 2602 morlo,
245 2539 307 2590 sicut
318 2538 344 2588 iu
356 2538 407 2600 lege
419 2550 488 2598 noua,
500 2549 543 2586 nec
555 2537 615 2587 sicut
624 2535 650 2588 iu
664 2537 856 2600 regenatorum

61 2604 112 2668 lege
123 2611 187 2662 enim
202 2614 288 2661 uaturm
302 2607 429 2662 suiilcicbat
440 2606 567 2670 recognitio
581 2607 670 2670 pcccati
688 2607 783 2658 interior
795 2610 856 2672 apud

64 2674 196 2744 llenm3sed
206 2681 232 2732 in
243 2681 295 2743 lege
307 2677 380 2744 llopsi
394 2678 513 2742 oportebat
525 2676 602 2740 aliqum
611 2675 676 2739 sigim
686 2677 794 2729 exteriori
803 2689 856 2742 poc-

63 2751 137 2802 catnm
156 2751 292 2815 protestari,
311 2749 371 2802 sicut
390 2762 432 2812 per
444 2745 582 2799 oblationem
597 2745 679 2797 nostia
692 2758 733 2809 pro
748 2749 855 2810 peccato,

64 2829 95 2870 mr
103 2833 150 2884 quo
162 2822 233 2875 ctiam
246 2821 333 2872 bomini
347 2821 488 2872 innotescere
499 2821 588 2880 poterat
601 2829 653 2869 enm
671 2828 793 2892 peecasscj
808 2828 857 2867 nou

65 2893 139 2944 antem
155 2893 274 2958 oportebat
285 2896 311 2944 ut
327 2891 424 2957 speciale
438 2895 557 2954 peccatam
575 2888 629 2940 ise
644 2887 793 2940 commissum
805 2898 857 2935 ma·
