1942 3284
261 233 294 269 un
309 232 429 270 umrsrnm
444 233 562 273 cnavrunr.
768 224 814 273 ‘tto

45 308 180 373 Respondeo
191 308 320 372 dicendum,
331 308 392 372 quod
405 308 465 359 sicut
473 307 616 374 participatio
628 309 705 361 forme
718 324 770 375 qne
779 314 816 362 eet

22 380 137 431 nlnceuda
150 379 175 429 in
188 378 307 441 effectum,
321 393 368 430 non
379 380 434 430 iacit
447 380 640 442 instrumentum,
650 380 683 430 ita
699 394 742 431 uec
756 382 815 433 suh-

21 451 91 501 ractio
102 450 153 501 talis
161 452 241 501 forme
256 450 316 501 tollit
325 464 391 501 usum
402 450 562 514 instrumenti;
573 457 597 503 et
604 452 655 503 ideo
665 491 671 515 ‚
682 451 734 503 cim
743 454 814 505 homo

21 523 44 573 sit
54 522 141 573 tantum
155 522 357 573 instrumentaliter
373 535 445 585 agens
459 522 483 572 in
501 536 544 572 usu
561 522 673 586 clavium,
689 528 815 588 quantum-

21 607 108 659 mmque
123 593 153 643 sit
172 591 244 657 gratil
257 606 297 657 per
313 597 432 658 peccatum
444 592 560 657 privatus,
575 607 616 657 ner
632 607 699 659 qnam
718 593 814 659 gratiam

21 667 39 715 lt
55 665 159 717 remissio
170 669 329 730 peccatorum,
346 664 409 715 nullo
421 668 498 715 tamen
513 666 579 715 morlo
592 665 693 729 privatur
707 680 751 717 usu
766 668 815 719 cla-

21 752 84 787 uum.

42 808 75 857 lid
83 806 182 872 primum
193 820 246 870 ergo
255 806 388 871 dicendum,
399 806 460 871 quod
471 807 556 858 donum
567 807 665 871 spiritis
677 810 749 861 sancti
761 811 818 862 exi-

21 880 73 945 gitur
85 881 114 931 ad
129 892 197 930 usum
210 878 324 941 clavium,
336 892 384 929 non
399 882 423 929 ut
433 879 484 930 siue
493 891 537 943 quo
551 878 600 929 lieri
614 891 660 928 nou
673 880 758 943 possit,
774 883 816 935 seul

21 952 64 1015 uria
78 949 128 1003 sine
139 964 167 1002 eo
182 948 306 1012 incongrui
317 950 341 1001 fit
351 963 380 1000 ex
388 955 454 1014 parte
469 950 563 1013 utentis,
574 948 680 1013 quamvis
689 951 816 1016 subjiciens

21 1035 37 1073 re
50 1022 161 1083 claribus,
179 1020 286 1071 ellectum
301 1019 400 1071 clarium
411 1024 575 1085 consequatur,

43 1095 75 1144 lu
98 1092 225 1144 secundum
245 1090 382 1154 (licendum,
397 1092 457 1155 qu'od
477 1106 517 1141 rex
538 1096 643 1142 terrenus
660 1092 683 1141 in
707 1094 816 1147 thesauro

21 1177 55 1214 mo
70 1161 201 1215 defraudari
216 1164 240 1211 et
258 1161 336 1226 decipi
349 1165 439 1227 potest,
453 1165 477 1213 et
490 1162 542 1213 ideo
556 1162 749 1227 dispensationem
763 1164 816 1227 ejus

21 1235 73 1287 nosti
86 1249 134 1285 non
143 1231 281 1297 committit3
297 1234 336 1283 sed
350 1234 401 1283 Rex
413 1233 512 1285 ooelestis
526 1233 654 1285 defraudari
668 1247 715 1286 non
729 1238 817 1300 potest,

21 1307 64 1369 ruia
74 1310 148 1358 toturn
157 1306 186 1355 ad
197 1304 270 1368 ipsius
283 1306 393 1355 honorem
401 1306 469 1363 cedit,
481 1305 552 1357 etiarn
561 1305 622 1371 quod
634 1305 705 1369 aliqui
715 1306 817 1357 claribus

21 1379 69 1431 nale
82 1382 193 1440 utuntur3
209 1374 263 1441 quia
274 1376 339 1426 novit
352 1390 381 1426 ex
392 1376 457 1427 malis
471 1377 554 1429 elicere
568 1378 643 1441 lona,
656 1381 679 1429 et
690 1391 731 1443 per
744 1378 818 1431 malos

21 1450 79 1500 utiam
93 1452 167 1500 multa
183 1448 244 1498 bona
259 1448 342 1497 iacere.
357 1448 385 1497 Et
397 1448 450 1499 ideo
463 1451 556 1499 nonest
570 1448 653 1499 simile.

43 1523 76 1572 Ad
88 1519 184 1571 teitium
196 1518 331 1582 dicendum,
345 1518 407 1581 quod
425 1519 568 1582 Augustinus
580 1518 683 1582 loquitur
696 1520 724 1571 de
736 1520 820 1571 remis-

21 1591 75 1642 n'one
83 1594 246 1657 peccalorum,
259 1589 385 1639 secundum
394 1589 455 1654 quod
469 1590 542 1641 sancti
552 1588 658 1640 homines
666 1596 821 1655 cooperantur

21 1663 144 1727 idipsam,
160 1674 209 1711 non
223 1674 252 1711 en
262 1660 286 1708 ui
298 1659 408 1723 darium,
418 1661 459 1711 sed
473 1674 503 1711 ex
517 1659 596 1710 merito
607 1660 717 1724 congrui;
731 1665 755 1711 et
764 1660 818 1713 irleo

21 1732 145 1798 dicitquod
161 1749 175 1780 u
185 1731 253 1782 elium
265 1744 307 1794 per
317 1730 389 1781 malos
402 1734 543 1781 sacramenta
557 1730 684 1794 ministrat;
694 1747 708 1778 n
722 1734 745 1781 et
754 1730 818 1783 ictor

21 1803 56 1852 ilia
67 1807 212 1855 sacramenta
225 1802 295 1852 eliam
308 1801 430 1864 absolutio,
441 1817 492 1867 qne
510 1805 546 1852 est
563 1816 618 1852 usus
633 1801 745 1865 clarium,
756 1814 820 1853 com·

21 1876 85 1937 nutari
96 1876 175 1927 debet.
191 1874 236 1925 Sed
247 1886 289 1937 per
300 1890 314 1921 u
324 1874 425 1924 membra
435 1873 555 1937 columbae,
565 1889 579 1921 u
593 1873 661 1923 idest
675 1886 715 1937 per
726 1875 819 1924 sanctos

21 1946 132 2009 nomines,
147 1945 203 1995 lacit
219 1943 379 1995 remissionem
398 1948 560 2009 peccatorum,
572 1944 596 1993 in
611 1947 722 2008 quantum
738 1956 819 1995 eorum

24 2016 216 2069 ntercessionihus
226 2018 322 2080 peccata
333 2014 437 2066 remittit.
453 2016 494 2065 llel
504 2019 578 2080 potest
593 2014 638 2065 dici
651 2014 710 2079 quod
721 2032 735 2064 u
747 2028 821 2065 mern·

21 2091 53 2138 tra
64 2088 199 2140 columba»
215 2088 319 2137 nominat
332 2100 412 2138 omnes
424 2087 452 2136 ab
463 2086 566 2137 Ecclesia
581 2099 627 2137 non
641 2086 758 2150 precisus.
773 2084 819 2145 Qui

21 2159 73 2208 mim
87 2158 117 2209 ab
127 2158 161 2209 eis
173 2161 314 2207 sacramenta
330 2158 460 2223 recipiunt,
471 2158 567 2220 gratiam
579 2161 759 2220 consequuntur,
772 2168 820 2206 non

21 2234 87 2279 nutem
101 2228 143 2295 qui
156 2228 268 2293 recipiunt
282 2228 310 2278 ab
320 2228 364 2278 illis
376 2228 415 2291 qui
428 2233 482 2279 sunt
496 2230 524 2279 ab
537 2226 638 2278 Ecclesia
652 2227 750 2291 praecisi,
765 2226 820 2291 quit

21 2313 42 2349 rx
53 2302 98 2351 hoc
106 2302 158 2365 ipsu
169 2304 284 2364 peccunt3
299 2303 395 2363 excepto
409 2298 535 2363 baptismo,
552 2310 620 2361 quem
634 2297 659 2347 in
670 2312 726 2349 casu
739 2310 821 2349 neces·

21 2370 86 2421 itatis
100 2372 156 2422 licet
170 2370 238 2421 etiam
252 2370 281 2420 ab
299 2369 499 2421 excommunicato
515 2370 628 2433 recipere.

46 2443 194 2507 loquantum
203 2441 331 2505 licendum,
339 2440 402 2505 quod
410 2440 546 2491 intercessio
558 2454 627 2505 quam
635 2440 740 2491 sacerdos
748 2440 821 2491 malus

21 2526 43 2563 rx
57 2512 150 2577 propria
161 2524 259 2576 persona
272 2511 343 2574 facit,
364 2524 411 2562 non
424 2511 494 2561 habet
502 2511 639 2575 efficaciam
652 2512 692 2561 sed
702 2510 741 2559 illa
751 2522 821 2575 qnam
869 2511 870 2519 ’

21 2583 66 2633 leit
79 2589 107 2633 nt
115 2583 221 2633 minister
233 2582 355 2647 Ecclesia,
368 2583 437 2633 hahet
450 2582 576 2633 efficaciam
588 2594 617 2633 ex
628 2582 710 2633 merito
725 2579 820 2643 Christi3

20 2656 109 2719 rtroquc
123 2660 201 2704 tamen
215 2653 282 2706 modo
295 2655 364 2705 debet
377 2653 512 2705 intercessio
526 2653 652 2705 sucerdotis
665 2651 750 2717 populo
765 2648 823 2701 sub·

24 2731 74 2777 ecto
87 2726 209 2792 prodesse.
