1942 3284
283 168 315 206 uu
330 167 489 209 sinuamine
504 169 611 206 drumm.
800 157 849 206 82³

23 245 136 298 nienter
152 243 177 294 dt
195 244 279 296 mentio
292 243 482 295 remunerationis
497 245 647 308 acquirendo,
662 243 684 294 si
696 243 794 294 tideliter
808 245 849 295 ad·

23 315 199 367 ministretur.
221 315 266 366 Sed
286 315 311 364 in
332 315 383 364 aliis
398 327 445 364 nou
465 315 581 366 confertur
598 315 674 367 simile
692 313 793 366 officium
810 315 849 366 uel

25 385 125 439 simitis
142 387 245 449 potestas
261 386 291 436 cd
309 385 437 448 agendum3
453 387 476 434 et
490 385 544 435 ideo
556 384 582 435 in
599 385 645 436 illis
658 386 721 436 nulla
739 397 847 435 remune-

25 457 139 510 rationis
155 456 241 507 meutio
262 457 297 506 iit.
315 457 349 506 dd
364 457 408 506 alia
429 456 499 520 igitur
512 461 655 508 sacramenta
672 457 735 506 uelut
753 456 850 520 passivi

26 529 211 596 quodammodo
235 541 260 579 se
281 529 350 579 hahet
374 527 519 592 suscipiens,
533 527 587 591 quia
605 527 689 592 recipit
708 541 735 579 ea
757 531 851 592 propter

26 600 164 667 proprium
174 603 258 650 statum
276 599 439 663 perficiendum
453 597 552 662 tantdm;
562 600 603 650 sed
614 601 642 650 ad
657 600 702 649 lroc
713 611 850 649 sacramen-¹

28 676 85 724 tum
101 685 132 722 se
148 671 217 722 habet
230 670 397 736 quodammodo
410 669 496 734 active,
510 670 564 734 quia
577 670 634 720 illud
647 670 744 734 suscipit
756 673 852 734 propter

27 742 199 796 hierarchicas
213 741 341 793 functiones
353 741 378 792 in
387 741 488 792 Ecclesia
503 743 654 792 exercendas.
664 743 729 792 Unde
741 741 850 804 quamvis

30 815 81 866 alia
106 827 140 866 ec
158 813 209 878 ipso
224 813 284 878 qudd
303 813 398 877 gratiam
415 813 550 876 conterunt,
565 812 670 863 ordinent
690 815 718 863 ad
736 813 849 875 salutem,

29 885 140 950 proprie
159 888 236 935 tamen
257 885 286 936 ad
300 885 508 935 remunerationem
528 896 575 934 nou
591 883 711 946 ordinant,
729 883 788 933 sirm
805 884 851 934 noc

33 959 228 1008 sacramentnm.

345 1053 507 1105 innectus
523 1055 551 1104 V.

165 1169 250 1214 Utrum
260 1169 302 1214 doc
315 1174 492 1215 sacramentum
502 1169 586 1215 trudeat
594 1168 729 1213 materiam.

73 1288 114 1338 Ad
124 1288 230 1351 quintum
242 1287 275 1337 sic
284 1287 422 1351 proceditur.
434 1286 529 1337 Videtur
543 1286 605 1350 qndd
625 1288 670 1336 lroc
684 1289 852 1336 sacramentnm

38 1371 92 1408 nun
112 1357 198 1408 haheat
214 1357 339 1408 materiam.
354 1358 410 1418 Quia
429 1358 454 1408 in
470 1359 533 1409 omni
546 1362 689 1409 sacramento
702 1359 761 1422 qnod
782 1359 853 1410 habet

38 1427 183 1492 materiam,
197 1429 270 1478 uirtus
283 1442 380 1492 operans
393 1429 418 1480 in
428 1434 584 1490 sacramento,
598 1434 635 1480 est
648 1429 674 1478 iu
689 1429 791 1480 materia.
806 1429 853 1480 Sed

38 1497 68 1550 iu
82 1501 157 1550 nehus
173 1499 328 1550 materialibus
343 1513 393 1562 qnae
409 1499 449 1549 iric
463 1500 612 1562 adhibentur,
627 1499 686 1549 sicut
698 1504 752 1548 suut
765 1499 852 1560 clares,

42 1571 186 1622 candelabra
199 1575 222 1620 et
236 1569 382 1632 hujusmodi,
399 1584 446 1621 non
456 1571 606 1620 videturesse
618 1569 778 1633 eliquavimus
787 1581 853 1620 sanc-

41 1641 161 1694 tificandi.
173 1643 233 1706 Ergo
244 1655 291 1692 non
307 1643 377 1692 habet
392 1640 518 1692 materiam.

75 1720 104 1765 n.
126 1717 257 1776 Praeterea,
275 1714 300 1763 in
317 1715 361 1765 isto
378 1720 521 1767 sacramento
539 1714 654 1765 confertur
666 1713 784 1796 plenitudo
801 1725 852 1776 gra·

44 1785 85 1836 tiae
103 1785 245 1849 septiformis
260 1785 321 1848 (nt
315 1801 340 1836 ιιι
353 1785 427 1838 littera
442 1789 477 1852 (l)
493 1787 603 1849 dicitur),
613 1787 691 1836 sicut
685 1801 710 1836 un
728 1785 853 1836 confirma-

42 1857 122 1909 tione.
138 1857 184 1908 Sed
198 1859 291 1908 materia
306 1857 484 1909 confirmationis
500 1857 621 1923 praeexigit
640 1855 852 1907 sanctificationem.

44 1927 107 1978 Cum
118 1942 176 1992 ergo
191 1942 217 1978 ea
229 1943 280 1992 qnae
294 1929 318 1979 in
327 1931 371 1981 hoc
386 1934 528 1982 sacramento
539 1929 645 1981 ridentur
657 1941 709 1986 esse
718 1925 852 1991 materialia,

45 2010 96 2049 non
107 2001 155 2050 sint
165 2000 355 2064 praesanctidcata
362 2039 371 2066 ,
384 2003 476 2054 uidetur
485 2001 547 2065 qndd
559 2013 605 2051 non
614 2001 662 2051 sint
675 1999 770 2049 materia
783 1998 853 2062 hujus

45 2073 194 2122 sacramenti.

81 2145 106 2192 3.
121 2143 243 2203 Praeterea,
257 2142 281 2193 in
293 2144 393 2208 quolibet
402 2147 543 2194 sacramento
553 2143 652 2194 habente
666 2141 793 2203 materiam,
806 2155 848 2192 re-

48 2215 149 2274 quiritur
159 2219 277 2266 contactus
293 2216 391 2266 materia
402 2218 430 2266 ad
445 2229 499 2266 eum
513 2217 553 2278 qui
566 2216 661 2280 suscipit
674 2217 853 2266 sacramentum}

48 2281 97 2336 Sed
113 2287 149 2352 (ut
160 2287 315 2350 aquibusdam
329 2286 423 2348 dicitur)
441 2291 560 2338 contactus
574 2286 688 2337 dictorum
701 2284 854 2336 materialium

50 2353 80 2404 ab
91 2369 120 2408 eu
134 2359 175 2420 qni
188 2358 283 2422 suscipit
297 2361 473 2420 sacramentum,
484 2362 578 2408 nonest
590 2358 618 2407 de
632 2357 769 2408 necessitate
777 2366 854 2417 sacra-2

50 2429 134 2492 menti,
145 2432 184 2481 sed
194 2430 267 2481 solium
283 2429 405 2494 porrectio.
415 2431 476 2494 Ergo
490 2423 604 2494 praedicta
617 2443 654 2481 res
668 2427 797 2478 materiales
807 2439 855 2478 nen

52 2504 108 2549 sunt
125 2502 220 2552 materia
231 2501 301 2565 nujus
315 2503 460 2552 sacramenti.

85 2570 130 2622 Sed
140 2575 217 2624 contra
228 2578 262 2623 est
270 2609 277 2632 ‚
285 2571 346 2636 qudd
357 2589 370 2621 κ
382 2585 448 2624 omne
457 2577 623 2624 sacramentum
633 2569 740 2622 consistit
749 2568 774 2617 in
786 2565 855 2618 rebus

54 2643 77 2691 et
90 2643 189 2694 verbis»
205 2647 247 2708 (ut
260 2645 306 2708 jam
320 2644 413 2708 sopri).
436 2645 480 2696 Sed
497 2658 535 2695 res
552 2645 576 2694 in
593 2641 695 2708 quolibet
714 2643 858 2691 sacramento

90 2758 120 2820 (1)
135 2763 187 2808 Sita
201 2763 304 2821 Magistri
316 2767 393 2823 textu
408 2763 452 2809 lib.
461 2764 505 2810 tv.
519 2763 635 2816 Scmtemt„
651 2761 705 2806 dist.
722 2757 765 2818 26,
784 2757 821 2802 lit
833 2758 856 2804 A
955 2812 956 2815 Ἴ

57 2825 123 2878 etB;
142 2837 183 2870 reu
200 2823 215 2885 ἓ
231 2824 243 2870 1
258 2825 325 2884 eti,
342 2831 368 2871 nt
380 2837 410 2871 ex
420 2825 528 2886 professo
540 2831 622 2883 quaest
634 2823 755 2882 sequenti,
771 2825 815 2866 art.
829 2818 855 2878 i,
955 2822 956 2883 j

59 2895 147 2943 argum.
162 2887 207 2936 Sed
222 2893 316 2944 contro,
329 2889 438 2936 retertur.
489 2909 491 2914 ·
527 2885 533 2901 '
955 2896 956 2901 ’
