1942 3284
279 213 309 249 ns
325 210 458 255 ouruurnun
473 213 646 251 conrsssronrs.
715 204 718 209 “
813 217 857 261 eqo

88 288 129 340 nd
140 288 266 339 secundum
280 288 414 349 dicendum,
425 286 484 351 qudd
500 300 566 351 qoena
577 288 694 339 adirersis
704 291 857 345 sacerdotibus

45 360 174 427 imposita
185 371 232 411 non
244 363 307 411 esset
318 358 448 422 sufficiens3
462 359 516 423 quia
528 361 622 424 quilibet
638 360 789 414 consideraret
803 368 856 416 tau·

46 433 110 483 tium
127 445 202 482 unum
221 434 339 495 peccatum
351 444 392 495 per
404 444 443 493 so,
457 436 480 481 et
494 444 541 483 non
558 433 691 495 gravitatem
704 433 775 497 ipsius
787 450 855 499 qoam

49 504 132 554 habet
146 504 177 553 e‘x
191 501 335 564 adjunctione
347 500 453 564 alterium
462 504 486 551 et
498 503 633 566 quandoqm
645 515 711 566 poena
720 518 771 568 que
779 512 855 558 contra

49 586 134 624 unum
145 576 266 636 peecatum
285 571 388 633 daretur,
402 572 600 635 essetqromotiua
611 573 704 625 atterius
718 576 813 639 peccati.
829 580 856 627 Et

49 648 174 711 praterea
188 642 292 694 sacerdos
305 641 469 693 contessionem
483 642 589 701 audieus.
604 643 677 695 vicem
688 646 728 696 itei
741 648 803 709 getit
813 664 820 697 ε
831 655 855 699 et

51 717 115 767 ideo
126 714 195 765 debet
206 712 229 763 ei
241 712 291 763 deri
299 714 344 763 hon
357 714 423 763 modo
436 713 562 775 consessio,
575 713 635 764 sicut
646 716 673 765 tit
684 717 789 769 contritio
798 720 851 770 Deo.

51 785 129 836 Unde
138 784 198 835 sicut
206 794 252 835 non
263 787 324 835 esset
336 783 456 845 conuitio,
467 783 514 833 nisi
525 784 577 847 quis
589 785 618 835 de
627 786 733 837 omnihus
743 791 852 852 peccatis,

51 868 114 919 qna
127 854 244 906 memoria
252 856 378 915 occurrunt,
390 857 554 917 contereretur,
561 854 593 903 ita
603 868 648 906 non
660 861 721 908 esset
729 858 852 920 consessio,

51 925 107 977 misi
118 924 172 989 quis
187 924 215 975 de
228 920 345 985 omnibus}
356 936 407 987 quae
422 922 536 974 memoria
546 926 696 988 occurrerint,
709 916 851 980 confiteatur.

93 996 129 1047 Ad
147 995 238 1046 tertium
256 994 388 1055 dicendum,
401 994 461 1057 qudd
476 995 567 1058 quidam
579 996 669 1056 dicunt,
683 996 744 1059 quod
764 999 853 1062 quando

54 1068 148 1131 aliquis
160 1066 289 1117 recordatur
301 1075 378 1115 eorum
391 1078 441 1129 qum
453 1065 517 1129 prius
528 1065 612 1116 oblitus
624 1071 685 1127 erat,
697 1067 766 1118 debet
781 1071 851 1120 etiam

54 1152 89 1190 ea
106 1151 159 1202 qum
177 1134 241 1201 pride
253 1135 372 1187 confessus
388 1135 444 1199 suit,
463 1135 545 1186 iterium
560 1136 661 1187 confiteri
671 1152 687 1190 ,τ
700 1143 725 1189 et
741 1140 852 1205 precipue

56 1210 82 1260 si
98 1221 147 1259 non
161 1210 236 1271 potest
245 1208 349 1258 eumdem
361 1206 458 1267 trabere,
468 1206 505 1256 cui
520 1210 573 1257 ante
586 1207 704 1258 confessus
713 1208 799 1272 tuerat,
812 1213 852 1274 qui

55 1278 142 1331 omnia
157 1278 289 1341 cognoscit,
305 1280 332 1327 ut
344 1276 413 1327 totius
425 1276 498 1341 culpan
515 1276 630 1339 quantitas
643 1278 684 1328 uni
694 1280 805 1331 sacerdoti
817 1283 853 1331 in·

56 1351 175 1401 notescat.
190 1348 234 1399 Sed
251 1349 295 1399 troo
312 1359 358 1397 non
375 1346 466 1396 uidetur
481 1346 648 1407 necessarium,
659 1347 714 1411 quia
733 1354 851 1413 peccatum

57 1420 134 1472 nabet
144 1418 291 1481 quantitatem
311 1422 334 1467 et
352 1430 381 1467 ex
394 1416 483 1481 seipso,
498 1420 567 1466 etex
583 1417 726 1479 adjunctione
745 1420 850 1483 alterins3

56 1493 205 1556 peccatorum
215 1492 304 1550 autem,
314 1487 430 1549 dequibus
441 1486 557 1537 mntessue
564 1490 609 1548 est,
618 1488 770 1539 manifestavit
780 1505 852 1555 quan·

57 1562 162 1619 ritatem,
171 1570 237 1622 quam
246 1570 276 1609 ex
284 1557 363 1623 seipsis
373 1556 471 1620 trahent3
480 1557 509 1607 ad
521 1558 565 1608 troc
578 1560 666 1619 antem,
677 1558 739 1622 quod
747 1563 852 1612 sacerdos

58 1636 182 1693 utramque
191 1628 338 1691 quantitatem
348 1627 418 1691 huius
430 1626 608 1690 peccati‚cujus
622 1624 695 1677 inerat
703 1628 799 1693 otoldus,
812 1644 853 1683 oo-

58 1704 167 1766 gnoscat,
178 1698 262 1749 suffieit
272 1698 332 1762 qudd
344 1700 389 1749 tuoe
404 1700 523 1761 peccatum
535 1696 645 1748 confitens
655 1697 715 1747 dicat
729 1699 850 1762 explicita,

58 1777 87 1823 et
96 1770 143 1821 alia
153 1770 177 1820 in
192 1770 304 1833 generali,
314 1768 418 1832 diceudo,
426 1765 488 1832 qudd
500 1766 552 1818 edm
561 1767 606 1817 alia
618 1767 688 1818 multa
698 1771 850 1833 eonfiteretur,

58 1842 134 1907 hujus
144 1840 227 1893 oblitus
237 1840 289 1891 tuit.

93 1912 129 1963 nd
145 1920 249 1974 quartum
269 1909 403 1973 dicendum,
421 1907 481 1973 qudd
496 1908 587 1959 etiamsi
599 1910 703 1960 sacerdos
717 1923 764 1961 nou
779 1912 852 1973 possit

57 1987 90 2037 de
102 1981 207 2034 omnihus
220 1981 352 2043 absoluere,
363 1985 438 2031 tamen
450 1983 541 2030 tenetur
550 1979 666 2044 poenitens
677 1978 701 2029 ei
711 1979 787 2030 omnia
797 1994 852 2030 con·

57 2053 130 2115 titeri,
143 2055 168 2101 ut
180 2051 326 2114 quantitatem
347 2051 420 2102 totius
437 2050 511 2114 cutpae
531 2055 666 2114 cognoscat,
684 2054 709 2100 et
721 2050 750 2099 de
763 2050 810 2118 ¹iltis
822 2052 851 2101 de

57 2124 145 2190 quibus
161 2134 207 2173 nou
218 2125 293 2185 potest
311 2121 440 2183 absoluere,
453 2121 483 2171 ad
496 2120 760 2186 superioremrcmittat.
790 2163 809 2171 ,.
835 2113 840 2188 j

348 2297 503 2349 ARTICULUS
519 2296 558 2347 itt.
647 2320 652 2329 ·

99 2424 183 2471 utrum
192 2423 263 2477 posen
273 2420 326 2477 quin
333 2432 377 2476 per
390 2420 465 2463 etium
479 2420 517 2463 oet
526 2431 567 2473 per
577 2424 691 2475 scriptum
702 2424 814 2477 confiteri.

90 2550 126 2601 nd
143 2547 234 2597 tertium
250 2545 284 2595 sic
302 2543 437 2608 proceditur.
458 2542 553 2593 Videtur
567 2543 627 2606 qudd
647 2544 721 2608 possit
739 2544 789 2607 quis
808 2559 849 2606 per

56 2622 137 2678 atium,
147 2616 184 2667 rei
195 2628 236 2681 per
246 2614 353 2678 scriptum
362 2613 464 2664 confiteri
474 2628 480 2661 ι
491 2613 544 2675 quia
552 2612 664 2663 confessio
675 2614 703 2663 ad
716 2615 759 2662 troc
769 2626 848 2663 neces-

57 2692 118 2745 saria
130 2693 177 2752 est,
190 2690 217 2737 ut
229 2685 367 2737 conscientia
383 2683 515 2747 paenitentis
535 2682 646 2733 sacerdoti
662 2685 780 2743 pandatur.
803 2684 848 2733 Sed

56 2768 127 2815 homo
136 2761 210 2824 potest
217 2768 259 2819 qor
266 2754 334 2805 atium
348 2754 383 2804 rel
392 2767 432 2817 per
441 2754 550 2816 scriptum
559 2765 623 2801 suam
635 2754 798 2803 conscientiam
810 2767 847 2801 sa-

55 2830 141 2885 cerdoti
152 2826 306 2879 manifestare.
321 2824 381 2887 Ergo
393 2823 476 2874 sufficit
489 2836 531 2887 qer
543 2822 612 2872 alium
622 2860 629 2884 ‚
640 2822 675 2873 uel
688 2834 728 2886 per
740 2821 848 2885 scriptum

55 2899 166 2954 ceroutiti.
