1942 3284
256 129 287 166 nt
302 129 388 166 ttottu
404 129 572 181 emetienda,
588 131 646 169 ttic-
795 137 839 186 m

23 204 183 254 cedentium
194 203 341 266 delictorum,
353 203 391 254 sed
402 203 555 255 necessarium
563 208 599 255 est
612 205 810 269 proportionaliter
820 214 846 257 ut

14 275 130 346 ,quanto
149 279 245 340 peecata
257 273 320 338 prius
335 257 428 326 dimissa
443 275 508 338 plura
521 276 613 328 inerunt
625 281 649 327 et
662 279 764 342 majora,
780 281 845 331 tautd

23 347 116 408 major
130 351 213 398 reatus
225 359 266 410 per
281 345 445 408 qualecumque
459 349 579 408 peceatum
592 360 691 412 sequens
699 349 799 412 redeat.)

62 419 217 482 Respondes
235 416 363 480 dicendum,
375 417 436 479 quod
449 417 540 480 quidam
555 418 660 468 dierunt
672 419 734 482 qnod
749 433 778 471 ex
793 433 846 484 peo-

24 493 87 539 cato
106 488 222 552 sequenti
233 491 324 552 propter
339 487 525 550 ingratitudinem
539 490 654 552 consurgit
666 493 742 540 tantus
760 495 845 554 reatus,

25 565 152 623 quantus
161 559 206 609 fuit
217 561 292 609 reatus
305 560 448 622 peccatorum
457 557 521 622 priirs
529 559 673 609 dimissorum
682 574 751 624 super
757 566 845 612 reatum

25 630 169 694 propitium
181 630 250 692 hujus
260 629 357 692 peceati.
371 627 416 678 Sed
426 629 471 678 hoo
481 641 528 679 nou
543 632 578 678 est
592 630 761 692 nemssarium,
776 633 845 695 qnia,

27 702 102 752 siout
118 699 195 765 snpra
209 700 292 750 dietam
307 701 341 750 est
352 700 413 762 (art.
426 700 476 764 1),
491 703 565 752 reatus
577 701 753 764 praecedentium
767 715 846 766 peeca-

27 778 123 822 torum
146 781 195 822 non
211 771 271 822 redit
282 783 323 834 per
334 774 455 834 peceatum
468 783 567 833 sequens
574 808 583 834 ,
596 771 622 822 in
638 775 747 834 qnantum
760 786 847 836 soque-

28 843 111 894 batur
134 857 167 894 ex
186 842 272 892 adibus
289 841 453 906 prateritorum
470 845 630 905 peecatorum,
642 843 683 893 sed
695 841 721 892 in
737 849 847 906 quantum

32 913 201 976 consequitur
217 916 292 962 aetum
312 910 429 975 sequentis
448 913 534 976 peooati
549 927 555 961 ε
573 915 598 962 et
609 913 661 963 ideo
677 917 768 975 oportet
786 914 847 977 quod

33 986 172 1050 quantitas
189 983 267 1034 reatds
285 981 400 1036 redeuntis
421 983 450 1032 sit
467 984 591 1034 seeundum
613 984 744 1046 gravitatem
760 985 847 1048 paoeati

33 1055 226 1118 subsequentis.
243 1054 411 1105 potestantem
426 1053 556 1117 oontiugere
571 1053 631 1117 quod
645 1053 744 1117 gravitas
760 1051 847 1118 peceati

34 1125 215 1190 subsequentis
226 1125 357 1188 adaquatur
369 1124 473 1188 gravitati
488 1126 588 1175 omnium
599 1130 742 1189 peecatorum
758 1140 847 1188 praeoe-

36 1197 167 1248 dentium.
181 1196 226 1246 Sed
242 1195 286 1245 hoo
301 1205 346 1245 non
364 1205 452 1258 semper
461 1197 497 1244 est
512 1207 620 1257 necesse,
630 1195 679 1245 sire
688 1195 806 1258 loquamur
819 1198 849 1246 do
942 1241 949 1257 ,

37 1269 168 1332 gravitate
180 1279 247 1330 quam
264 1265 334 1315 hahet
344 1278 372 1315 ex
379 1277 420 1314 sua
428 1265 504 1328 specie
513 1265 573 1326 (eum
584 1267 718 1330 quaudoque
730 1271 847 1330 motatum

40 1351 156 1403 sequens
166 1338 195 1388 sit
207 1335 325 1398 lomioatio
337 1335 450 1398 simplex,
462 1339 554 1398 peooata
565 1335 619 1388 rard
632 1334 744 1400 pretenta
756 1338 848 1390 fuerant

39 1407 173 1466 adulteria,
189 1404 415 1466 velhomioidia‚seu
431 1405 567 1469 sacrilegia),
579 1407 629 1456 sive
645 1407 713 1457 etiam
729 1407 849 1471 loquamur

40 1481 74 1530 de
86 1479 206 1544 mutate
219 1489 286 1540 quam
297 1475 365 1526 habet
378 1488 406 1526 er
420 1475 582 1538 ingratitudine
601 1489 689 1527 annexa
705 1493 711 1526 ι
726 1479 847 1528 nonenim

12 1601 13 1604 ,
42 1550 145 1612 oportet
155 1546 215 1610 qudd
222 1544 335 1610 quantitas
343 1544 513 1608 ingratitudinis
522 1544 662 1596 sitahsolutt
669 1545 764 1608 aqnuis
775 1559 848 1608 qnan-

42 1620 112 1671 titati
126 1617 233 1670 beneficii
246 1615 360 1680 suseepti,
374 1616 440 1678 ouius
454 1616 569 1678 quantitas
581 1615 705 1666 attenditm
725 1617 848 1668 semndtm

44 1691 204 1754 quantitatem
215 1691 357 1752 peecatorum
364 1685 427 1750 prius
437 1684 590 1748 dimissorum
598 1685 710 1748 unungt
717 1688 778 1736 enim
788 1689 848 1751 qnod

45 1766 133 1812 eontra
146 1759 206 1811 idam
218 1758 351 1810 beneficium
370 1771 429 1808 unns
440 1760 476 1808 est
489 1755 589 1806 multirm'
600 1755 704 1820 ingratus
715 1758 754 1808 ael
765 1768 848 1808 secun-

44 1831 107 1882 diun
120 1829 274 1882 intensionem
286 1829 428 1892 eontemptris
446 1827 566 1888 benefitii,
583 1827 621 1877 vel
632 1827 757 1878 seeundum
771 1830 848 1892 gresi-

46 1907 124 1954 tatem
133 1901 206 1966 culpe
218 1903 295 1950 oontm
310 1899 476 1950 benefactorem
489 1897 634 1957 commissa3
648 1897 707 1948 alim
720 1901 797 1950 autem
807 1911 849 1963 pa·

46 1987 114 2037 rum,
125 1973 164 2022 vel
177 1971 230 2036 quia
244 1969 463 2030 miniseoutemnit,
478 1968 515 2019 vel
527 1969 582 2032 quia
594 1967 670 2019 minis
681 1973 760 2019 annua
775 1971 848 2021 bene·

47 2046 163 2095 faetorem
190 2041 244 2106 agit.
259 2041 303 2092 Sed
325 2039 522 2105 proportionaliter
544 2039 659 2103 quantitas
680 2037 849 2103 ingratitudinis

50 2116 186 2178 adaquatur
206 2110 327 2176 quantitati
342 2109 463 2174 beneficii,
478 2110 596 2174 supposito
611 2109 674 2159 enim
692 2110 775 2173 equali
792 2123 847 2163 oon-

50 2188 145 2248 temptu
161 2182 266 2234 beneficii
282 2180 319 2232 rel
332 2179 420 2232 offensa
440 2179 605 2242 benefactoris,
618 2179 683 2231 tanti
702 2180 746 2230 erit
757 2183 848 2244 grarmr

50 2253 207 2318 ingratitudo,
220 2252 304 2316 qnantt
316 2251 453 2302 benefitium
465 2249 509 2300 init
521 2250 604 2310 majus.
617 2249 682 2300 Unde
701 2251 847 2302 manifestum

52 2324 165 2389 estquod
178 2326 266 2374 nonest
276 2334 379 2383 neusse,
389 2320 448 2384 qudd
461 2324 555 2385 propter
565 2319 749 2384 ingrautudinem
758 2332 854 2386 semper.

52 2409 95 2458 per
104 2399 225 2460 peooatnm
236 2405 335 2457 sequens
343 2391 421 2442 redeat
430 2395 508 2441 tantus
522 2395 611 2452 matus,
620 2395 721 2454 quantus
735 2391 779 2441 luit
788 2405 847 2456 prm-

52 2466 184 2528 oedent'pum
197 2469 339 2528 peecatorum
347 2478 357 2526 Ἰ;
365 2463 412 2512 sod
427 2475 520 2513 naoesse
533 2466 568 2510 est
581 2459 642 2524 qnod
651 2462 849 2524 proportionaliter
888 2521 891 2527 ¹

54 2537 142 2600 quanto
154 2539 251 2600 peecata
262 2534 324 2600 prius
337 2533 429 2585 dimissa
446 2533 540 2582 fuerant
554 2532 619 2595 plura
633 2535 658 2582 et
666 2531 769 2594 majora,
782 2533 847 2582 tanto

55 2608 135 2658 redeat
151 2606 223 2670 major
239 2609 315 2656 reatus
330 2617 372 2668 par
387 2603 549 2667 qualeennqno
568 2613 666 2665 seqnem
682 2601 776 2654 monuo
792 2615 847 2664 pec-

56 2680 141 2728 catum.

87 2749 121 2798 ad
140 2746 240 2812 primum
257 2757 312 2808 ergo
330 2743 466 2806 dicendum,
479 2740 541 2805 qnod
561 2739 694 2792 hermetem
708 2739 848 2791 remissionis

58 2819 131 2884 eulpa
150 2816 230 2880 recipio
250 2815 398 2880 quantitatem
419 2813 544 2866 absolutam
561 2808 684 2862 seeundum
699 2810 852 2874 quantitatem·

616 2903 746 2948 ,16
