1942 3284
259 202 289 238 nn
302 201 357 239 nrru
371 201 446 240 uatus
461 201 617 240 sumturum.
792 193 836 240 tb'l

77 279 108 328 td
128 277 220 328 tertium
239 277 376 339 dicendum,
391 277 450 342 qudd
467 278 620 329 debilitasset
634 277 741 342 aegritudo
755 292 839 343 super·
940 306 941 311 κ

49 349 139 400 veniens
156 347 231 398 ordini
245 351 391 410 sacerdotali,
406 350 509 400 ordinem
524 364 570 401 uon
585 350 659 412 tollit,
677 351 839 401 executionem

48 425 117 472 tannen
130 419 218 472 ordinis
236 420 330 484 impedit
343 421 452 484 quantiam
470 424 498 472 ad
515 423 705 473 consecrationem
719 423 838 472 eucharis·

45 493 94 542 tiae:
109 487 245 556 quandbque
262 492 351 556 quidem
367 498 459 556 propter
470 493 673 556 Impossibilitatem
685 494 836 556 executionis

47 563 102 614 sicut
111 563 131 614 si
141 563 244 626 privetur
255 563 333 626 oculis,
344 568 382 614 aut
393 565 483 628 digitis,
495 569 533 614 aut
542 580 587 614 usu
597 565 693 628 linguae3
704 566 839 628 quandoque

47 640 116 685 autem
127 640 221 700 prolator
230 635 363 699 periculum,
377 636 435 686 sicut
447 639 511 700 patet
522 637 549 686 de
561 649 588 687 eo
598 638 636 700 qui
645 636 730 701 patitur
738 637 840 685 morbum

47 709 165 771 caducum,
182 709 219 758 vel
232 707 300 758 etiarm
314 722 477 772 quamcumque
489 709 647 760 alienationem
661 709 758 772 meutis3
768 721 841 771 quan·

49 781 116 844 doqrre
125 784 221 844 propter
233 779 429 843 abominationem,
440 781 497 831 sicut
508 784 571 845 patet
584 783 612 831 de
626 783 731 844 leproso,
741 780 781 844 qui
793 792 841 829 nou

47 853 108 901 debet
124 851 216 916 publici
229 852 355 916 celebrare;
371 856 447 916 potest
463 857 539 902 tamen
550 853 643 902 missam
654 851 727 903 dicere
744 849 840 910 occulti,

48 924 86 973 nisi
100 923 164 988 lepra
177 924 234 974 adeo
250 923 384 988 iuvuluertt,
398 925 456 988 qubd
470 938 512 988 per
527 925 679 975 corrosionem
690 924 842 974 membromm

47 1008 94 1045 eum
109 997 138 1047 ad
152 997 197 1046 troc
211 995 331 1046 reddiderit
344 996 501 1061 impotentem.

395 1181 491 1192 11——

267 1343 432 1412 dddlstlo
449 1343 622 1408 LXXXIII.

90 1489 124 1534 Ile
137 1489 193 1533 ritu
206 1487 283 1548 bujur
295 1487 456 1536 sacramenti,
469 1487 500 1532 iat
513 1498 556 1532 rea:
568 1486 687 1532 articulos
700 1486 789 1531 diemo.

77 1633 161 1683 lleinde
178 1631 366 1682 considerandum
378 1635 413 1682 est
426 1633 454 1682 de
467 1631 514 1680 ritu
526 1630 596 1694 hujus
611 1630 757 1680 sacramenti.

78 1705 105 1755 Et
118 1704 178 1754 circa
188 1705 233 1754 boc
247 1705 377 1765 queruntur
386 1717 440 1752 sex:
456 1707 482 1750 i⁰
491 1701 572 1751 Utrirm
581 1701 605 1751 iu
620 1701 848 1764 celebratIonebujus

51 1776 150 1841 mysterii
159 1775 265 1826 Christus
272 1775 408 1823 immoletur.
418 1779 444 1822 2⁰
452 1774 484 1823 ilo
494 1777 595 1837 tempore
605 1773 772 1823 celebrationis.
782 1777 808 1820 3⁰
816 1773 847 1822 ile

51 1849 95 1898 loco
105 1853 128 1898 et
141 1847 194 1897 aliis
207 1859 258 1910 quaa
270 1845 387 1910 portinent
400 1846 427 1896 ad
445 1849 579 1908 apparatum
594 1845 662 1908 hujus
676 1843 844 1895 celebrationis.

50 1922 71 1966 t⁰
85 1921 115 1968 lle
127 1919 164 1968 bis
176 1931 228 1982 que
241 1917 266 1966 in
278 1916 429 1967 celebratione
442 1917 512 1980 hujus
530 1917 633 1980 mysterii
645 1915 757 1966 dicuntur.
773 1918 800 1964 5⁰
814 1916 845 1966 Ile

51 1991 82 2041 its
95 2005 144 2054 que
156 1990 216 2040 circa
228 1977 399 2039 celebrationem
412 1988 482 2052 buJ'us
493 1988 595 2052 mysterii
609 1988 673 2037 liunt.
690 1993 717 2036 6⁰
728 1988 760 2037 ile
770 1987 844 2037 delec-

53 2061 111 2112 tibus
123 2063 161 2126 qui
178 2061 238 2110 cima
255 2060 431 2111 celebrationem
446 2061 515 2124 bujus
529 2059 666 2110 sacramenti
679 2062 807 2110 occurrunt.

357 2239 514 2290 tatlcbtbs
529 2241 548 2290 l.

125 2367 210 2411 Utrdm
229 2366 256 2409 int
272 2365 313 2410 hoc
330 2367 479 2408 auocamento
499 2363 610 2408 Obra'atus
625 2363 769 2406 Immoletrcr.

83 2495 116 2543 bd
127 2494 224 2557 primum
239 2493 272 2542 sic
285 2490 415 2554 proceditur
425 2489 471 2554 (d).
486 2489 580 2540 Videtur
590 2488 650 2552 quod
662 2489 686 2538 iu
697 2488 850 2539 celebratione

57 2565 123 2627 bajus
133 2563 269 2614 sacramenti
278 2563 383 2612 Christus
396 2575 441 2612 uon
452 2561 589 2612 Immoletur.
601 2561 686 2610 Dicitur
695 2560 756 2610 enim
765 2559 850 2614 Hcdr„

57 2636 86 2696 ll,
108 2637 167 2700 qubd
182 2653 196 2683 u
213 2634 316 2685 Cbnirtus
329 2633 375 2684 uod
388 2633 501 2682 oblatione
514 2632 678 2683 consummarit
692 2632 716 2680 in
730 2631 850 2692 sempiter-

57 2719 108 2756 num
121 2706 282 2758 sanctificatos.
293 2723 306 2753 n
317 2706 363 2756 Sed
372 2705 410 2754 illa
422 2705 505 2754 oblatio
514 2704 558 2754 fuit
567 2703 618 2767 ejus
628 2701 762 2752 immolatio
771 2699 849 2750 Chris·

56 2781 90 2828 tus
108 2793 160 2844 ergo
173 2791 220 2829 non
237 2778 367 2828 immolatur
380 2777 405 2826 in
424 2777 575 2827 celebratione
590 2775 658 2838 nujus
675 2771 820 2824 sacramenti.

90 2931 120 2994 (t)
133 2937 166 2980 De
176 2933 292 2979 bisetium
305 2931 373 2992 iniri,
390 2936 435 2979 art.
444 2929 467 2990 2,
483 2930 593 2991 incorp„
610 2936 634 2976 et
648 2929 677 2975 ad
695 2926 708 2973 1
722 2927 779 2973 eta.
