<?xml version="1.0" encoding="UTF-8"?>
<!DOCTYPE html PUBLIC "-//W3C//DTD XHTML 1.0 Transitional//EN"
    "http://www.w3.org/TR/xhtml1/DTD/xhtml1-transitional.dtd">
<html xmlns="http://www.w3.org/1999/xhtml" xml:lang="en" lang="en">
 <head>
  <title>
</title>
<meta http-equiv="Content-Type" content="text/html;charset=utf-8" />
  <meta name='ocr-system' content='tesseract 3.04.00' />
  <meta name='ocr-capabilities' content='ocr_page ocr_carea ocr_par ocr_line ocrx_word'/>
</head>
<body>
  <div class='ocr_page' id='page_1' title='image "./summatheologica01nicogoog_0088.png"; bbox 0 0 1942 3284; ppageno 0'>
   <div class='ocr_carea' id='block_1_1' title="bbox 112 169 723 226">
    <p class='ocr_par' dir='ltr' id='par_1_1' title="bbox 112 169 723 226">
     <span class='ocr_line' id='line_1_1' title="bbox 112 169 723 226; baseline -0.007 -10"><span class='ocrx_word' id='word_1_1' title='bbox 112 169 144 216; x_wconf 79' lang='lat' dir='ltr'><strong>ts</strong></span> <span class='ocrx_word' id='word_1_2' title='bbox 297 177 357 215; x_wconf 80' lang='lat' dir='ltr'><strong>enne</strong></span> <span class='ocrx_word' id='word_1_3' title='bbox 373 177 416 226; x_wconf 86' lang='lat' dir='ltr'><strong>ur,</strong></span> <span class='ocrx_word' id='word_1_4' title='bbox 428 175 523 220; x_wconf 74' lang='lat' dir='ltr'><strong>ouusr.</strong></span> <span class='ocrx_word' id='word_1_5' title='bbox 537 173 603 226; x_wconf 76' lang='lat' dir='ltr'><strong>cxlv,</strong></span> <span class='ocrx_word' id='word_1_6' title='bbox 616 174 673 213; x_wconf 84' lang='grc' dir='ltr'>ιιι.</span> <span class='ocrx_word' id='word_1_7' title='bbox 689 175 723 212; x_wconf 84' lang='grc' dir='ltr'><strong>ιι.</strong></span> 
     </span>
    </p>
   </div>
   <div class='ocr_carea' id='block_1_2' title="bbox 110 251 947 2252">
    <p class='ocr_par' dir='ltr' id='par_1_2' title="bbox 110 251 947 2252">
     <span class='ocr_line' id='line_1_2' title="bbox 110 251 911 316; baseline 0 -12"><span class='ocrx_word' id='word_1_8' title='bbox 110 253 165 306; x_wconf 83' lang='lat' dir='ltr'><strong>rerd</strong></span> <span class='ocrx_word' id='word_1_9' title='bbox 185 255 276 308; x_wconf 82' lang='lat' dir='ltr'><strong>serram</strong></span> <span class='ocrx_word' id='word_1_10' title='bbox 286 252 394 304; x_wconf 78' lang='lat' dir='ltr'><strong>Ecclesia</strong></span> <span class='ocrx_word' id='word_1_11' title='bbox 408 252 519 316; x_wconf 80' lang='lat' dir='ltr'><strong>formam3</strong></span> <span class='ocrx_word' id='word_1_12' title='bbox 534 255 557 304; x_wconf 88' lang='lat' dir='ltr'><strong>ct</strong></span> <span class='ocrx_word' id='word_1_13' title='bbox 571 252 629 302; x_wconf 88' lang='lat' dir='ltr'><strong>tales</strong></span> <span class='ocrx_word' id='word_1_14' title='bbox 638 251 757 304; x_wconf 83' lang='lat' dir='ltr'><strong>conserunt</strong></span> <span class='ocrx_word' id='word_1_15' title='bbox 768 251 860 316; x_wconf 82' lang='lat' dir='ltr'><strong>quidem</strong></span> <span class='ocrx_word' id='word_1_16' title='bbox 871 265 911 304; x_wconf 84' lang='lat' dir='ltr'><strong>sa-</strong></span> 
     </span>
     <span class='ocr_line' id='line_1_3' title="bbox 111 322 910 388; baseline -0.003 -10"><span class='ocrx_word' id='word_1_17' title='bbox 111 330 266 388; x_wconf 87' lang='lat' dir='ltr'><strong>cramentum,</strong></span> <span class='ocrx_word' id='word_1_18' title='bbox 278 325 373 376; x_wconf 87' lang='lat' dir='ltr'><strong>sednon</strong></span> <span class='ocrx_word' id='word_1_19' title='bbox 385 323 507 374; x_wconf 82' lang='lat' dir='ltr'><strong>conterunt</strong></span> <span class='ocrx_word' id='word_1_20' title='bbox 519 337 567 375; x_wconf 90' lang='lat' dir='ltr'><strong>rem</strong></span> <span class='ocrx_word' id='word_1_21' title='bbox 581 322 726 374; x_wconf 78' lang='lat' dir='ltr'><strong>sacramenti.</strong></span> <span class='ocrx_word' id='word_1_22' title='bbox 741 325 769 374; x_wconf 85' lang='lat' dir='ltr'><strong>Et</strong></span> <span class='ocrx_word' id='word_1_23' title='bbox 785 325 830 376; x_wconf 91' lang='lat' dir='ltr'><strong>hoc</strong></span> <span class='ocrx_word' id='word_1_24' title='bbox 844 325 910 388; x_wconf 90' lang='lat' dir='ltr'><strong>dico,</strong></span> 
     </span>
     <span class='ocr_line' id='line_1_4' title="bbox 111 395 907 460; baseline 0 -12"><span class='ocrx_word' id='word_1_25' title='bbox 111 399 132 448; x_wconf 89' lang='lat' dir='ltr'><strong>si</strong></span> <span class='ocrx_word' id='word_1_26' title='bbox 142 402 196 450; x_wconf 89' lang='lat' dir='ltr'><strong>sunt</strong></span> <span class='ocrx_word' id='word_1_27' title='bbox 209 397 329 449; x_wconf 78' lang='lat' dir='ltr'><strong>manifeste</strong></span> <span class='ocrx_word' id='word_1_28' title='bbox 343 396 371 446; x_wconf 88' lang='lat' dir='ltr'><strong>ab</strong></span> <span class='ocrx_word' id='word_1_29' title='bbox 387 395 489 446; x_wconf 75' lang='lat' dir='ltr'>Ecclesia</span> <span class='ocrx_word' id='word_1_30' title='bbox 500 395 603 459; x_wconf 82' lang='lat' dir='ltr'><strong>precisi3</strong></span> <span class='ocrx_word' id='word_1_31' title='bbox 618 395 670 458; x_wconf 84' lang='lat' dir='ltr'><strong>quia</strong></span> <span class='ocrx_word' id='word_1_32' title='bbox 684 408 713 446; x_wconf 81' lang='lat' dir='ltr'><strong>ex</strong></span> <span class='ocrx_word' id='word_1_33' title='bbox 725 395 770 446; x_wconf 91' lang='lat' dir='ltr'><strong>hoc</strong></span> <span class='ocrx_word' id='word_1_34' title='bbox 781 396 833 460; x_wconf 88' lang='lat' dir='ltr'><strong>ipso</strong></span> <span class='ocrx_word' id='word_1_35' title='bbox 846 397 907 460; x_wconf 85' lang='lat' dir='ltr'><strong>qudd</strong></span> 
     </span>
     <span class='ocr_line' id='line_1_5' title="bbox 111 467 947 536; baseline -0.001 -17"><span class='ocrx_word' id='word_1_36' title='bbox 111 469 191 534; x_wconf 85' lang='lat' dir='ltr'><strong>aliquis</strong></span> <span class='ocrx_word' id='word_1_37' title='bbox 204 469 288 534; x_wconf 89' lang='lat' dir='ltr'><strong>accipit</strong></span> <span class='ocrx_word' id='word_1_38' title='bbox 296 472 438 520; x_wconf 87' lang='lat' dir='ltr'><strong>sacramenta</strong></span> <span class='ocrx_word' id='word_1_39' title='bbox 446 469 475 519; x_wconf 90' lang='lat' dir='ltr'><strong>ab</strong></span> <span class='ocrx_word' id='word_1_40' title='bbox 490 467 533 527; x_wconf 81' lang='lat' dir='ltr'><strong>eis,</strong></span> <span class='ocrx_word' id='word_1_41' title='bbox 542 471 628 531; x_wconf 88' lang='lat' dir='ltr'><strong>peccat,</strong></span> <span class='ocrx_word' id='word_1_42' title='bbox 639 471 662 518; x_wconf 91' lang='lat' dir='ltr'><strong>et</strong></span> <span class='ocrx_word' id='word_1_43' title='bbox 675 479 717 532; x_wconf 88' lang='lat' dir='ltr'><strong>per</strong></span> <span class='ocrx_word' id='word_1_44' title='bbox 727 469 771 518; x_wconf 91' lang='lat' dir='ltr'><strong>boc</strong></span> <span class='ocrx_word' id='word_1_45' title='bbox 784 469 909 532; x_wconf 77' lang='lat' dir='ltr'><strong>impeditur</strong></span> <span class='ocrx_word' id='word_1_46' title='bbox 946 529 947 536; x_wconf 13' lang='grc' dir='ltr'><strong>ἶ</strong></span> 
     </span>
     <span class='ocr_line' id='line_1_6' title="bbox 111 539 947 611; baseline -0.002 -19"><span class='ocrx_word' id='word_1_47' title='bbox 111 555 140 592; x_wconf 86' lang='grc' dir='ltr'><strong>ιι</strong></span> <span class='ocrx_word' id='word_1_48' title='bbox 148 541 254 592; x_wconf 77' lang='lat' dir='ltr'><strong>effectum</strong></span> <span class='ocrx_word' id='word_1_49' title='bbox 264 540 400 591; x_wconf 80' lang='lat' dir='ltr'><strong>sacramenti</strong></span> <span class='ocrx_word' id='word_1_50' title='bbox 414 543 570 604; x_wconf 74' lang='lat' dir='ltr'><strong>consequatur.</strong></span> <span class='ocrx_word' id='word_1_51' title='bbox 581 540 645 611; x_wconf 82' lang='lat' dir='ltr'><strong>Unde</strong></span> <span class='ocrx_word' id='word_1_52' title='bbox 657 539 795 602; x_wconf 74' lang='lat' dir='ltr'><strong>Augustinus</strong></span> <span class='ocrx_word' id='word_1_53' title='bbox 812 539 844 604; x_wconf 78' lang='lat' dir='ltr'><strong>(l)</strong></span> <span class='ocrx_word' id='word_1_54' title='bbox 855 540 912 591; x_wconf 88' lang='lat' dir='ltr'><strong>dicit</strong></span> <span class='ocrx_word' id='word_1_55' title='bbox 946 599 947 602; x_wconf 7' lang='grc' dir='ltr'><strong>Ἰ</strong></span> 
     </span>
     <span class='ocr_line' id='line_1_7' title="bbox 110 610 910 677; baseline 0 -15"><span class='ocrx_word' id='word_1_56' title='bbox 110 612 135 662; x_wconf 93' lang='lat' dir='ltr'><strong>in</strong></span> <span class='ocrx_word' id='word_1_57' title='bbox 147 613 187 663; x_wconf 89' lang='lat' dir='ltr'><strong>lib.</strong></span> <span class='ocrx_word' id='word_1_58' title='bbox 201 613 237 662; x_wconf 84' lang='lat' dir='ltr'><strong>Dc</strong></span> <span class='ocrx_word' id='word_1_59' title='bbox 249 613 302 677; x_wconf 77' lang='lat' dir='ltr'><strong>fide</strong></span> <span class='ocrx_word' id='word_1_60' title='bbox 315 613 351 662; x_wconf 86' lang='lat' dir='ltr'><strong>cd</strong></span> <span class='ocrx_word' id='word_1_61' title='bbox 361 615 467 664; x_wconf 84' lang='lat' dir='ltr'><strong>Petrum</strong></span> <span class='ocrx_word' id='word_1_62' title='bbox 476 614 485 676; x_wconf 88' lang='grc'><strong>(</strong></span> <span class='ocrx_word' id='word_1_63' title='bbox 495 625 547 676; x_wconf 89' lang='lat' dir='ltr'><strong>cap.</strong></span> <span class='ocrx_word' id='word_1_64' title='bbox 563 610 608 674; x_wconf 82' lang='lat'><strong>³6)</strong></span> <span class='ocrx_word' id='word_1_65' title='bbox 621 626 627 659; x_wconf 77' lang='grc' dir='ltr'>ι</span> <span class='ocrx_word' id='word_1_66' title='bbox 640 627 654 659; x_wconf 87' lang='lat'><strong>&lt;‹</strong></span> <span class='ocrx_word' id='word_1_67' title='bbox 666 610 806 662; x_wconf 76' lang='lat' dir='ltr'><strong>Firmissime</strong></span> <span class='ocrx_word' id='word_1_68' title='bbox 818 615 872 662; x_wconf 85' lang='lat' dir='ltr'><strong>tene</strong></span> <span class='ocrx_word' id='word_1_69' title='bbox 888 615 910 664; x_wconf 88' lang='lat' dir='ltr'><strong>et</strong></span> 
     </span>
     <span class='ocr_line' id='line_1_8' title="bbox 110 682 911 747; baseline 0 -13"><span class='ocrx_word' id='word_1_70' title='bbox 110 685 239 735; x_wconf 84' lang='lat' dir='ltr'><strong>nullatenus</strong></span> <span class='ocrx_word' id='word_1_71' title='bbox 250 684 350 747; x_wconf 84' lang='lat' dir='ltr'><strong>dubites,</strong></span> <span class='ocrx_word' id='word_1_72' title='bbox 362 687 424 734; x_wconf 80' lang='lat' dir='ltr'><strong>extra</strong></span> <span class='ocrx_word' id='word_1_73' title='bbox 434 683 560 734; x_wconf 80' lang='lat' dir='ltr'><strong>Ecclesiam</strong></span> <span class='ocrx_word' id='word_1_74' title='bbox 572 683 702 746; x_wconf 86' lang='lat' dir='ltr'><strong>baptizatis,</strong></span> <span class='ocrx_word' id='word_1_75' title='bbox 715 682 735 732; x_wconf 91' lang='lat' dir='ltr'><strong>si</strong></span> <span class='ocrx_word' id='word_1_76' title='bbox 745 684 775 733; x_wconf 92' lang='lat' dir='ltr'><strong>ad</strong></span> <span class='ocrx_word' id='word_1_77' title='bbox 782 683 911 734; x_wconf 85' lang='lat' dir='ltr'><strong>Ecclesiam</strong></span> 
     </span>
     <span class='ocr_line' id='line_1_9' title="bbox 111 753 947 820; baseline 0.005 -16"><span class='ocrx_word' id='word_1_78' title='bbox 111 768 157 806; x_wconf 91' lang='lat' dir='ltr'><strong>non</strong></span> <span class='ocrx_word' id='word_1_79' title='bbox 172 756 295 816; x_wconf 82' lang='lat' dir='ltr'><strong>redierint,</strong></span> <span class='ocrx_word' id='word_1_80' title='bbox 309 756 420 820; x_wconf 90' lang='lat' dir='ltr'><strong>baptismo</strong></span> <span class='ocrx_word' id='word_1_81' title='bbox 436 754 545 805; x_wconf 88' lang='lat' dir='ltr'><strong>cumulari</strong></span> <span class='ocrx_word' id='word_1_82' title='bbox 564 753 696 818; x_wconf 82' lang='lat' dir='ltr'><strong>pernicicm.</strong></span> <span class='ocrx_word' id='word_1_83' title='bbox 711 770 725 801; x_wconf 86' lang='lat' dir='ltr'><strong>n</strong></span> <span class='ocrx_word' id='word_1_84' title='bbox 740 754 769 804; x_wconf 83' lang='lat' dir='ltr'><strong>Et</strong></span> <span class='ocrx_word' id='word_1_85' title='bbox 790 767 830 816; x_wconf 89' lang='lat' dir='ltr'><strong>per</strong></span> <span class='ocrx_word' id='word_1_86' title='bbox 848 756 912 806; x_wconf 81' lang='lat' dir='ltr'><strong>barno</strong></span> <span class='ocrx_word' id='word_1_87' title='bbox 946 771 947 808; x_wconf 74' lang='lat' dir='ltr'><strong>i</strong></span> 
     </span>
     <span class='ocr_line' id='line_1_10' title="bbox 111 824 947 892; baseline 0 -14"><span class='ocrx_word' id='word_1_88' title='bbox 111 827 203 878; x_wconf 90' lang='lat' dir='ltr'><strong>modum</strong></span> <span class='ocrx_word' id='word_1_89' title='bbox 213 826 268 878; x_wconf 88' lang='lat' dir='ltr'><strong>dicit</strong></span> <span class='ocrx_word' id='word_1_90' title='bbox 279 829 326 878; x_wconf 87' lang='lat' dir='ltr'><strong>Leo</strong></span> <span class='ocrx_word' id='word_1_91' title='bbox 337 830 401 891; x_wconf 83' lang='lat' dir='ltr'><strong>Papa</strong></span> <span class='ocrx_word' id='word_1_92' title='bbox 414 843 428 875; x_wconf 84' lang='lat' dir='ltr'><strong>u</strong></span> <span class='ocrx_word' id='word_1_93' title='bbox 438 827 464 877; x_wconf 89' lang='lat' dir='ltr'><strong>iu</strong></span> <span class='ocrx_word' id='word_1_94' title='bbox 475 827 528 876; x_wconf 85' lang='lat' dir='ltr'><strong>sede</strong></span> <span class='ocrx_word' id='word_1_95' title='bbox 540 824 692 876; x_wconf 74' lang='lat' dir='ltr'><strong>Menandrico</strong></span> <span class='ocrx_word' id='word_1_96' title='bbox 701 837 769 892; x_wconf 87' lang='lat' dir='ltr'><strong>omne</strong></span> <span class='ocrx_word' id='word_1_97' title='bbox 780 839 910 878; x_wconf 84' lang='lat' dir='ltr'><strong>sacramen·</strong></span> <span class='ocrx_word' id='word_1_98' title='bbox 946 881 947 884; x_wconf 60' lang='grc'>,</span> 
     </span>
     <span class='ocr_line' id='line_1_11' title="bbox 111 896 947 962; baseline 0.004 -13"><span class='ocrx_word' id='word_1_99' title='bbox 111 900 185 949; x_wconf 87' lang='lat' dir='ltr'><strong>torum</strong></span> <span class='ocrx_word' id='word_1_100' title='bbox 199 899 277 950; x_wconf 89' lang='lat' dir='ltr'><strong>lumen</strong></span> <span class='ocrx_word' id='word_1_101' title='bbox 289 913 341 950; x_wconf 91' lang='lat' dir='ltr'><strong>esse</strong></span> <span class='ocrx_word' id='word_1_102' title='bbox 355 900 477 950; x_wconf 83' lang='lat' dir='ltr'><strong>extinctum</strong></span> <span class='ocrx_word' id='word_1_103' title='bbox 487 915 494 962; x_wconf 80' lang='lat'><em>3</em></span> <span class='ocrx_word' id='word_1_104' title='bbox 503 913 516 946; x_wconf 87' lang='lat' dir='ltr'><strong>n</strong></span> <span class='ocrx_word' id='word_1_105' title='bbox 531 897 618 949; x_wconf 87' lang='lat' dir='ltr'><strong>scilicet</strong></span> <span class='ocrx_word' id='word_1_106' title='bbox 635 896 744 961; x_wconf 82' lang='lat' dir='ltr'><strong>quantiam</strong></span> <span class='ocrx_word' id='word_1_107' title='bbox 765 898 855 949; x_wconf 84' lang='lat' dir='ltr'><strong>adrem</strong></span> <span class='ocrx_word' id='word_1_108' title='bbox 868 913 913 949; x_wconf 89' lang='lat' dir='ltr'><strong>sa-</strong></span> <span class='ocrx_word' id='word_1_109' title='bbox 946 927 947 952; x_wconf 83' lang='grc'>;</span> 
     </span>
     <span class='ocr_line' id='line_1_12' title="bbox 111 963 947 1036; baseline 0.001 -16"><span class='ocrx_word' id='word_1_110' title='bbox 111 971 297 1033; x_wconf 85' lang='lat' dir='ltr'><strong>mamenti,non</strong></span> <span class='ocrx_word' id='word_1_111' title='bbox 305 976 383 1022; x_wconf 86' lang='lat' dir='ltr'><strong>autem</strong></span> <span class='ocrx_word' id='word_1_112' title='bbox 392 970 503 1036; x_wconf 75' lang='lat' dir='ltr'><strong>ouantium</strong></span> <span class='ocrx_word' id='word_1_113' title='bbox 513 972 541 1020; x_wconf 88' lang='lat' dir='ltr'><strong>ad</strong></span> <span class='ocrx_word' id='word_1_114' title='bbox 551 970 627 1034; x_wconf 89' lang='lat' dir='ltr'><strong>ipsum</strong></span> <span class='ocrx_word' id='word_1_115' title='bbox 636 971 809 1020; x_wconf 86' lang='lat' dir='ltr'><strong>sacramentum.</strong></span> <span class='ocrx_word' id='word_1_116' title='bbox 818 971 913 1035; x_wconf 76' lang='lat' dir='ltr'><strong>Cypria·</strong></span> <span class='ocrx_word' id='word_1_117' title='bbox 946 963 947 988; x_wconf 72' lang='lat'><em>³</em></span> 
     </span>
     <span class='ocr_line' id='line_1_13' title="bbox 112 1040 947 1104; baseline -0.005 -12"><span class='ocrx_word' id='word_1_118' title='bbox 112 1055 156 1093; x_wconf 91' lang='lat' dir='ltr'><strong>nus</strong></span> <span class='ocrx_word' id='word_1_119' title='bbox 172 1046 249 1092; x_wconf 89' lang='lat' dir='ltr'><strong>autem</strong></span> <span class='ocrx_word' id='word_1_120' title='bbox 265 1043 404 1094; x_wconf 91' lang='lat' dir='ltr'><strong>nullomodo</strong></span> <span class='ocrx_word' id='word_1_121' title='bbox 418 1045 584 1094; x_wconf 87' lang='lat' dir='ltr'><strong>sacramentum</strong></span> <span class='ocrx_word' id='word_1_122' title='bbox 598 1041 701 1092; x_wconf 83' lang='lat' dir='ltr'><strong>conterre</strong></span> <span class='ocrx_word' id='word_1_123' title='bbox 713 1040 832 1092; x_wconf 79' lang='lat' dir='ltr'><strong>hereticos</strong></span> <span class='ocrx_word' id='word_1_124' title='bbox 843 1055 914 1104; x_wconf 90' lang='lat' dir='ltr'><strong>posse</strong></span> <span class='ocrx_word' id='word_1_125' title='bbox 946 1047 947 1088; x_wconf 80' lang='grc'><em>1</em></span> 
     </span>
     <span class='ocr_line' id='line_1_14' title="bbox 111 1107 947 1178; baseline 0.001 -16"><span class='ocrx_word' id='word_1_126' title='bbox 111 1114 235 1178; x_wconf 76' lang='lat' dir='ltr'><strong>credebat3</strong></span> <span class='ocrx_word' id='word_1_127' title='bbox 251 1115 290 1164; x_wconf 84' lang='lat' dir='ltr'><strong>sed</strong></span> <span class='ocrx_word' id='word_1_128' title='bbox 308 1113 334 1163; x_wconf 88' lang='lat' dir='ltr'><strong>in</strong></span> <span class='ocrx_word' id='word_1_129' title='bbox 350 1115 394 1164; x_wconf 91' lang='lat' dir='ltr'><strong>lroc</strong></span> <span class='ocrx_word' id='word_1_130' title='bbox 410 1113 461 1177; x_wconf 87' lang='lat' dir='ltr'><strong>ejus</strong></span> <span class='ocrx_word' id='word_1_131' title='bbox 474 1113 587 1164; x_wconf 75' lang='lat' dir='ltr'><strong>senbntia</strong></span> <span class='ocrx_word' id='word_1_132' title='bbox 603 1125 651 1163; x_wconf 90' lang='lat' dir='ltr'><strong>non</strong></span> <span class='ocrx_word' id='word_1_133' title='bbox 665 1115 766 1164; x_wconf 90' lang='lat' dir='ltr'><strong>tenetur.</strong></span> <span class='ocrx_word' id='word_1_134' title='bbox 782 1111 846 1162; x_wconf 88' lang='lat' dir='ltr'><strong>Unde</strong></span> <span class='ocrx_word' id='word_1_135' title='bbox 860 1114 913 1164; x_wconf 73' lang='lat' dir='ltr'><strong>du·</strong></span> <span class='ocrx_word' id='word_1_136' title='bbox 946 1107 947 1112; x_wconf 72' lang='grc'>’</span> 
     </span>
     <span class='ocr_line' id='line_1_15' title="bbox 111 1183 947 1250; baseline 0.001 -15"><span class='ocrx_word' id='word_1_137' title='bbox 111 1185 218 1248; x_wconf 80' lang='lat' dir='ltr'><strong>gostinus</strong></span> <span class='ocrx_word' id='word_1_138' title='bbox 235 1184 276 1235; x_wconf 87' lang='lat' dir='ltr'><strong>lib.</strong></span> <span class='ocrx_word' id='word_1_139' title='bbox 288 1186 326 1235; x_wconf 88' lang='lat' dir='ltr'><strong>De</strong></span> <span class='ocrx_word' id='word_1_140' title='bbox 339 1186 411 1236; x_wconf 84' lang='lat' dir='ltr'><strong>arrico</strong></span> <span class='ocrx_word' id='word_1_141' title='bbox 428 1185 554 1250; x_wconf 80' lang='lat' dir='ltr'><strong>baptismo</strong></span> <span class='ocrx_word' id='word_1_142' title='bbox 566 1187 654 1235; x_wconf 84' lang='lat' dir='ltr'><strong>contro</strong></span> <span class='ocrx_word' id='word_1_143' title='bbox 671 1183 827 1234; x_wconf 79' lang='lat' dir='ltr'><strong>Petiliorrum</strong></span> <span class='ocrx_word' id='word_1_144' title='bbox 844 1185 913 1250; x_wconf 87' lang='lat' dir='ltr'><strong>(cap.</strong></span> <span class='ocrx_word' id='word_1_145' title='bbox 946 1201 947 1204; x_wconf 48' lang='lat'>¹</span> 
     </span>
     <span class='ocr_line' id='line_1_16' title="bbox 111 1255 914 1322; baseline 0.007 -16"><span class='ocrx_word' id='word_1_146' title='bbox 111 1260 142 1307; x_wconf 78' lang='lat'><strong>13</strong></span> <span class='ocrx_word' id='word_1_147' title='bbox 154 1257 163 1320; x_wconf 89' lang='grc'>)</span> <span class='ocrx_word' id='word_1_148' title='bbox 177 1295 184 1318; x_wconf 90' lang='grc'>,</span> <span class='ocrx_word' id='word_1_149' title='bbox 197 1256 269 1307; x_wconf 80' lang='lat' dir='ltr'><strong>dicit:</strong></span> <span class='ocrx_word' id='word_1_150' title='bbox 286 1274 300 1304; x_wconf 83' lang='lat' dir='ltr'><strong>u</strong></span> <span class='ocrx_word' id='word_1_151' title='bbox 314 1257 434 1322; x_wconf 73' lang='lat' dir='ltr'><strong>Martyrem</strong></span> <span class='ocrx_word' id='word_1_152' title='bbox 444 1257 598 1321; x_wconf 75' lang='lat' dir='ltr'><strong>cyprianum,</strong></span> <span class='ocrx_word' id='word_1_153' title='bbox 612 1257 653 1320; x_wconf 89' lang='lat' dir='ltr'><strong>qni</strong></span> <span class='ocrx_word' id='word_1_154' title='bbox 666 1257 725 1320; x_wconf 88' lang='lat' dir='ltr'><strong>apud</strong></span> <span class='ocrx_word' id='word_1_155' title='bbox 743 1255 864 1308; x_wconf 85' lang='lat' dir='ltr'><strong>haereticos</strong></span> <span class='ocrx_word' id='word_1_156' title='bbox 875 1260 914 1310; x_wconf 82' lang='lat' dir='ltr'><strong>rel</strong></span> 
     </span>
     <span class='ocr_line' id='line_1_17' title="bbox 112 1329 916 1394; baseline 0.005 -16"><span class='ocrx_word' id='word_1_157' title='bbox 112 1329 267 1380; x_wconf 80' lang='lat' dir='ltr'><strong>schismaticos</strong></span> <span class='ocrx_word' id='word_1_158' title='bbox 285 1331 362 1379; x_wconf 86' lang='lat' dir='ltr'><strong>datum</strong></span> <span class='ocrx_word' id='word_1_159' title='bbox 373 1330 512 1393; x_wconf 82' lang='lat' dir='ltr'><strong>baptismum</strong></span> <span class='ocrx_word' id='word_1_160' title='bbox 532 1331 623 1380; x_wconf 87' lang='lat' dir='ltr'><strong>nolebat</strong></span> <span class='ocrx_word' id='word_1_161' title='bbox 636 1341 775 1394; x_wconf 83' lang='lat' dir='ltr'><strong>agnoscere,</strong></span> <span class='ocrx_word' id='word_1_162' title='bbox 789 1331 851 1380; x_wconf 71' lang='lat' dir='ltr'><strong>muta</strong></span> <span class='ocrx_word' id='word_1_163' title='bbox 863 1345 916 1382; x_wconf 89' lang='lat' dir='ltr'><strong>rue·</strong></span> 
     </span>
     <span class='ocr_line' id='line_1_18' title="bbox 111 1398 912 1465; baseline 0.006 -14"><span class='ocrx_word' id='word_1_164' title='bbox 111 1401 156 1451; x_wconf 89' lang='lat' dir='ltr'><strong>rita</strong></span> <span class='ocrx_word' id='word_1_165' title='bbox 169 1414 242 1465; x_wconf 86' lang='lat' dir='ltr'><strong>nsque</strong></span> <span class='ocrx_word' id='word_1_166' title='bbox 256 1401 285 1452; x_wconf 90' lang='lat' dir='ltr'><strong>ad</strong></span> <span class='ocrx_word' id='word_1_167' title='bbox 298 1400 437 1464; x_wconf 89' lang='lat' dir='ltr'><strong>triumphum</strong></span> <span class='ocrx_word' id='word_1_168' title='bbox 460 1398 565 1464; x_wconf 78' lang='lat' dir='ltr'><strong>martyrii</strong></span> <span class='ocrx_word' id='word_1_169' title='bbox 584 1404 662 1451; x_wconf 88' lang='lat' dir='ltr'><strong>secuta</strong></span> <span class='ocrx_word' id='word_1_170' title='bbox 674 1403 743 1460; x_wconf 92' lang='lat' dir='ltr'><strong>sunt,</strong></span> <span class='ocrx_word' id='word_1_171' title='bbox 757 1403 782 1449; x_wconf 91' lang='lat' dir='ltr'><strong>ut</strong></span> <span class='ocrx_word' id='word_1_172' title='bbox 793 1401 912 1456; x_wconf 83' lang='lat' dir='ltr'><strong>charitatis</strong></span> 
     </span>
     <span class='ocr_line' id='line_1_19' title="bbox 112 1470 947 1537; baseline 0.002 -15"><span class='ocrx_word' id='word_1_173' title='bbox 112 1485 158 1536; x_wconf 85' lang='lat' dir='ltr'><strong>qua</strong></span> <span class='ocrx_word' id='word_1_174' title='bbox 170 1472 294 1523; x_wconf 81' lang='lat' dir='ltr'><strong>excedebat</strong></span> <span class='ocrx_word' id='word_1_175' title='bbox 308 1471 359 1522; x_wconf 89' lang='lat' dir='ltr'><strong>luce</strong></span> <span class='ocrx_word' id='word_1_176' title='bbox 370 1470 511 1522; x_wconf 82' lang='lat' dir='ltr'><strong>obumbratio</strong></span> <span class='ocrx_word' id='word_1_177' title='bbox 525 1471 564 1520; x_wconf 87' lang='lat' dir='ltr'><strong>illa</strong></span> <span class='ocrx_word' id='word_1_178' title='bbox 575 1471 697 1535; x_wconf 78' lang='lat' dir='ltr'><strong>fugaretur,</strong></span> <span class='ocrx_word' id='word_1_179' title='bbox 712 1475 735 1523; x_wconf 94' lang='lat' dir='ltr'><strong>et</strong></span> <span class='ocrx_word' id='word_1_180' title='bbox 748 1472 768 1522; x_wconf 92' lang='lat' dir='ltr'><strong>si</strong></span> <span class='ocrx_word' id='word_1_181' title='bbox 781 1471 837 1536; x_wconf 84' lang='lat' dir='ltr'><strong>quid</strong></span> <span class='ocrx_word' id='word_1_182' title='bbox 853 1487 913 1537; x_wconf 91' lang='lat' dir='ltr'><strong>pnr-</strong></span> <span class='ocrx_word' id='word_1_183' title='bbox 946 1471 947 1476; x_wconf 74' lang='grc'>’</span> 
     </span>
     <span class='ocr_line' id='line_1_20' title="bbox 112 1541 947 1610; baseline -0.008 -16"><span class='ocrx_word' id='word_1_184' title='bbox 112 1545 210 1608; x_wconf 79' lang='lat' dir='ltr'><strong>gaudum</strong></span> <span class='ocrx_word' id='word_1_185' title='bbox 227 1546 290 1604; x_wconf 88' lang='lat' dir='ltr'><strong>erat,</strong></span> <span class='ocrx_word' id='word_1_186' title='bbox 306 1541 421 1607; x_wconf 88' lang='lat' dir='ltr'><strong>passionis</strong></span> <span class='ocrx_word' id='word_1_187' title='bbox 437 1543 494 1594; x_wconf 85' lang='lat' dir='ltr'><strong>ialoe</strong></span> <span class='ocrx_word' id='word_1_188' title='bbox 510 1543 633 1594; x_wconf 89' lang='lat' dir='ltr'><strong>tolleretur.</strong></span> <span class='ocrx_word' id='word_1_189' title='bbox 646 1560 659 1590; x_wconf 84' lang='lat' dir='ltr'><strong>n</strong></span> <span class='ocrx_word' id='word_1_190' title='bbox 946 1593 947 1610; x_wconf 18' lang='grc' dir='ltr'>ἢ</span> 
     </span>
     <span class='ocr_line' id='line_1_21' title="bbox 143 1613 947 1679; baseline 0.001 -13"><span class='ocrx_word' id='word_1_191' title='bbox 143 1615 178 1666; x_wconf 80' lang='lat' dir='ltr'><strong>nd</strong></span> <span class='ocrx_word' id='word_1_192' title='bbox 195 1615 288 1665; x_wconf 88' lang='lat' dir='ltr'><strong>tertium</strong></span> <span class='ocrx_word' id='word_1_193' title='bbox 306 1615 449 1677; x_wconf 66' lang='lat' dir='ltr'><strong>&#39;dicendum</strong></span> <span class='ocrx_word' id='word_1_194' title='bbox 470 1613 531 1679; x_wconf 87' lang='lat' dir='ltr'><strong>qudd</strong></span> <span class='ocrx_word' id='word_1_195' title='bbox 553 1618 654 1678; x_wconf 85' lang='lat' dir='ltr'><strong>potestas</strong></span> <span class='ocrx_word' id='word_1_196' title='bbox 675 1613 819 1664; x_wconf 87' lang='lat' dir='ltr'><strong>ministrandi</strong></span> <span class='ocrx_word' id='word_1_197' title='bbox 838 1627 915 1667; x_wconf 87' lang='lat' dir='ltr'><strong>sacra-</strong></span> <span class='ocrx_word' id='word_1_198' title='bbox 946 1663 947 1666; x_wconf 73' lang='grc'>,</span> 
     </span>
     <span class='ocr_line' id='line_1_22' title="bbox 112 1685 911 1752; baseline 0.003 -14"><span class='ocrx_word' id='word_1_199' title='bbox 112 1693 189 1739; x_wconf 88' lang='lat' dir='ltr'><strong>menta</strong></span> <span class='ocrx_word' id='word_1_200' title='bbox 198 1687 297 1752; x_wconf 87' lang='lat' dir='ltr'><strong>pertinet</strong></span> <span class='ocrx_word' id='word_1_201' title='bbox 310 1689 338 1738; x_wconf 91' lang='lat' dir='ltr'><strong>ad</strong></span> <span class='ocrx_word' id='word_1_202' title='bbox 347 1687 488 1752; x_wconf 85' lang='lat' dir='ltr'><strong>spiritualem</strong></span> <span class='ocrx_word' id='word_1_203' title='bbox 499 1689 649 1738; x_wconf 84' lang='lat' dir='ltr'><strong>characterem</strong></span> <span class='ocrx_word' id='word_1_204' title='bbox 657 1703 664 1748; x_wconf 84' lang='lat'>3</span> <span class='ocrx_word' id='word_1_205' title='bbox 673 1685 712 1750; x_wconf 85' lang='lat' dir='ltr'><strong>qui</strong></span> <span class='ocrx_word' id='word_1_206' title='bbox 722 1687 853 1738; x_wconf 88' lang='lat' dir='ltr'><strong>indelebilis</strong></span> <span class='ocrx_word' id='word_1_207' title='bbox 864 1693 911 1750; x_wconf 89' lang='lat' dir='ltr'><strong>est,</strong></span> 
     </span>
     <span class='ocr_line' id='line_1_23' title="bbox 112 1757 947 1823; baseline 0.002 -15"><span class='ocrx_word' id='word_1_208' title='bbox 112 1763 139 1809; x_wconf 92' lang='lat' dir='ltr'><strong>nt</strong></span> <span class='ocrx_word' id='word_1_209' title='bbox 158 1773 187 1810; x_wconf 80' lang='lat' dir='ltr'><strong>ex</strong></span> <span class='ocrx_word' id='word_1_210' title='bbox 204 1759 272 1823; x_wconf 80' lang='lat' dir='ltr'><strong>supra</strong></span> <span class='ocrx_word' id='word_1_211' title='bbox 286 1759 353 1810; x_wconf 87' lang='lat' dir='ltr'><strong>dictis</strong></span> <span class='ocrx_word' id='word_1_212' title='bbox 367 1762 430 1822; x_wconf 88' lang='lat' dir='ltr'><strong>patet</strong></span> <span class='ocrx_word' id='word_1_213' title='bbox 446 1759 506 1822; x_wconf 85' lang='lat' dir='ltr'><strong>(qu.</strong></span> <span class='ocrx_word' id='word_1_214' title='bbox 520 1761 568 1821; x_wconf 81' lang='grc'><strong>63,</strong></span> <span class='ocrx_word' id='word_1_215' title='bbox 582 1763 625 1808; x_wconf 87' lang='lat' dir='ltr'><strong>art.</strong></span> <span class='ocrx_word' id='word_1_216' title='bbox 645 1757 689 1820; x_wconf 78' lang='lat' dir='ltr'><strong>t).</strong></span> <span class='ocrx_word' id='word_1_217' title='bbox 703 1758 732 1807; x_wconf 82' lang='lat' dir='ltr'><strong>nt</strong></span> <span class='ocrx_word' id='word_1_218' title='bbox 750 1757 802 1808; x_wconf 88' lang='lat' dir='ltr'><strong>ideo</strong></span> <span class='ocrx_word' id='word_1_219' title='bbox 815 1771 855 1823; x_wconf 91' lang='lat' dir='ltr'><strong>per</strong></span> <span class='ocrx_word' id='word_1_220' title='bbox 867 1761 914 1810; x_wconf 89' lang='lat' dir='ltr'><strong>boc</strong></span> <span class='ocrx_word' id='word_1_221' title='bbox 946 1761 947 1820; x_wconf 61' lang='lat' dir='ltr'><strong>l</strong></span> 
     </span>
     <span class='ocr_line' id='line_1_24' title="bbox 112 1829 913 1896; baseline 0 -16"><span class='ocrx_word' id='word_1_222' title='bbox 112 1830 173 1895; x_wconf 86' lang='lat' dir='ltr'><strong>qndd</strong></span> <span class='ocrx_word' id='word_1_223' title='bbox 196 1829 279 1893; x_wconf 79' lang='lat' dir='ltr'><strong>abquis</strong></span> <span class='ocrx_word' id='word_1_224' title='bbox 293 1829 322 1880; x_wconf 93' lang='lat' dir='ltr'><strong>ab</strong></span> <span class='ocrx_word' id='word_1_225' title='bbox 343 1830 444 1880; x_wconf 81' lang='lat' dir='ltr'><strong>Ecclesia</strong></span> <span class='ocrx_word' id='word_1_226' title='bbox 464 1829 673 1894; x_wconf 86' lang='lat' dir='ltr'><strong>suspendltm‚rel</strong></span> <span class='ocrx_word' id='word_1_227' title='bbox 693 1830 913 1896; x_wconf 80' lang='lat' dir='ltr'><strong>excommunicatur,</strong></span> 
     </span>
     <span class='ocr_line' id='line_1_25' title="bbox 113 1899 947 1970; baseline 0.001 -19"><span class='ocrx_word' id='word_1_228' title='bbox 113 1902 150 1952; x_wconf 81' lang='lat' dir='ltr'><strong>rel</strong></span> <span class='ocrx_word' id='word_1_229' title='bbox 163 1901 231 1952; x_wconf 90' lang='lat' dir='ltr'><strong>etiam</strong></span> <span class='ocrx_word' id='word_1_230' title='bbox 242 1901 442 1964; x_wconf 61' lang='lat' dir='ltr'><strong>degradatorum</strong></span> <span class='ocrx_word' id='word_1_231' title='bbox 454 1899 538 1950; x_wconf 90' lang='lat' dir='ltr'><strong>amittit</strong></span> <span class='ocrx_word' id='word_1_232' title='bbox 551 1903 687 1965; x_wconf 90' lang='lat' dir='ltr'><strong>potestatem</strong></span> <span class='ocrx_word' id='word_1_233' title='bbox 696 1901 827 1952; x_wconf 87' lang='lat' dir='ltr'><strong>conierendi</strong></span> <span class='ocrx_word' id='word_1_234' title='bbox 838 1915 914 1952; x_wconf 89' lang='lat' dir='ltr'><strong>sacra-</strong></span> <span class='ocrx_word' id='word_1_235' title='bbox 946 1905 947 1970; x_wconf 59' lang='grc' dir='ltr'>ζ</span> 
     </span>
     <span class='ocr_line' id='line_1_26' title="bbox 113 1972 947 2036; baseline 0 -12"><span class='ocrx_word' id='word_1_236' title='bbox 113 1976 233 2034; x_wconf 86' lang='lat' dir='ltr'><strong>mentum,</strong></span> <span class='ocrx_word' id='word_1_237' title='bbox 246 1973 287 2024; x_wconf 85' lang='lat' dir='ltr'><strong>sed</strong></span> <span class='ocrx_word' id='word_1_238' title='bbox 303 1972 417 2022; x_wconf 86' lang='lat' dir='ltr'><strong>licentiam</strong></span> <span class='ocrx_word' id='word_1_239' title='bbox 432 1972 512 2023; x_wconf 90' lang='lat' dir='ltr'><strong>utendi</strong></span> <span class='ocrx_word' id='word_1_240' title='bbox 530 1974 573 2022; x_wconf 86' lang='grc' dir='ltr'><strong>ιιι</strong></span> <span class='ocrx_word' id='word_1_241' title='bbox 589 1975 716 2036; x_wconf 73' lang='lat' dir='ltr'><strong>potestate,</strong></span> <span class='ocrx_word' id='word_1_242' title='bbox 728 1977 752 2023; x_wconf 89' lang='lat' dir='ltr'><strong>et</strong></span> <span class='ocrx_word' id='word_1_243' title='bbox 765 1972 816 2024; x_wconf 91' lang='lat' dir='ltr'><strong>ideo</strong></span> <span class='ocrx_word' id='word_1_244' title='bbox 830 1986 913 2024; x_wconf 86' lang='lat' dir='ltr'><strong>sacra·</strong></span> <span class='ocrx_word' id='word_1_245' title='bbox 946 1981 947 2032; x_wconf 51' lang='grc' dir='ltr'>ᾗ</span> 
     </span>
     <span class='ocr_line' id='line_1_27' title="bbox 113 2044 947 2116; baseline 0.002 -20"><span class='ocrx_word' id='word_1_246' title='bbox 113 2049 215 2096; x_wconf 87' lang='lat' dir='ltr'><strong>mentum</strong></span> <span class='ocrx_word' id='word_1_247' title='bbox 228 2044 320 2108; x_wconf 86' lang='lat' dir='ltr'><strong>quidem</strong></span> <span class='ocrx_word' id='word_1_248' title='bbox 333 2045 435 2106; x_wconf 78' lang='lat' dir='ltr'><strong>confert,</strong></span> <span class='ocrx_word' id='word_1_249' title='bbox 447 2045 488 2096; x_wconf 87' lang='lat' dir='ltr'><strong>sed</strong></span> <span class='ocrx_word' id='word_1_250' title='bbox 501 2048 578 2096; x_wconf 70' lang='lat' dir='ltr'><strong>brnen</strong></span> <span class='ocrx_word' id='word_1_251' title='bbox 588 2047 667 2108; x_wconf 86' lang='lat' dir='ltr'><strong>peccat</strong></span> <span class='ocrx_word' id='word_1_252' title='bbox 676 2045 828 2107; x_wconf 82' lang='lat' dir='ltr'><strong>conterendo,</strong></span> <span class='ocrx_word' id='word_1_253' title='bbox 843 2050 866 2098; x_wconf 87' lang='lat' dir='ltr'><strong>et</strong></span> <span class='ocrx_word' id='word_1_254' title='bbox 878 2047 911 2098; x_wconf 85' lang='lat' dir='ltr'><strong>si·</strong></span> <span class='ocrx_word' id='word_1_255' title='bbox 946 2053 947 2116; x_wconf 63' lang='lat'><strong>,</strong></span> 
     </span>
     <span class='ocr_line' id='line_1_28' title="bbox 114 2115 910 2183; baseline 0.001 -17"><span class='ocrx_word' id='word_1_256' title='bbox 114 2115 198 2168; x_wconf 86' lang='lat' dir='ltr'><strong>militer</strong></span> <span class='ocrx_word' id='word_1_257' title='bbox 209 2116 248 2166; x_wconf 92' lang='lat' dir='ltr'><strong>ille</strong></span> <span class='ocrx_word' id='word_1_258' title='bbox 261 2115 301 2180; x_wconf 86' lang='lat' dir='ltr'><strong>qrri</strong></span> <span class='ocrx_word' id='word_1_259' title='bbox 318 2116 346 2166; x_wconf 91' lang='lat' dir='ltr'><strong>ab</strong></span> <span class='ocrx_word' id='word_1_260' title='bbox 357 2129 385 2167; x_wconf 91' lang='lat' dir='ltr'><strong>eo</strong></span> <span class='ocrx_word' id='word_1_261' title='bbox 396 2115 479 2180; x_wconf 84' lang='lat' dir='ltr'><strong>accipit</strong></span> <span class='ocrx_word' id='word_1_262' title='bbox 489 2119 663 2180; x_wconf 67' lang='lat' dir='ltr'><strong>sacramentum</strong></span> <span class='ocrx_word' id='word_1_263' title='bbox 673 2119 697 2166; x_wconf 90' lang='lat' dir='ltr'><strong>et</strong></span> <span class='ocrx_word' id='word_1_264' title='bbox 709 2116 742 2166; x_wconf 88' lang='lat' dir='ltr'><strong>sic</strong></span> <span class='ocrx_word' id='word_1_265' title='bbox 753 2129 799 2168; x_wconf 92' lang='lat' dir='ltr'><strong>uon</strong></span> <span class='ocrx_word' id='word_1_266' title='bbox 813 2117 910 2183; x_wconf 81' lang='lat' dir='ltr'><strong>percipit</strong></span> 
     </span>
     <span class='ocr_line' id='line_1_29' title="bbox 113 2186 947 2252; baseline 0.004 -15"><span class='ocrx_word' id='word_1_267' title='bbox 113 2201 162 2238; x_wconf 90' lang='lat' dir='ltr'><strong>rem</strong></span> <span class='ocrx_word' id='word_1_268' title='bbox 179 2187 333 2250; x_wconf 87' lang='lat' dir='ltr'><strong>sacramenti,</strong></span> <span class='ocrx_word' id='word_1_269' title='bbox 347 2187 391 2238; x_wconf 86' lang='lat' dir='ltr'><strong>nisi</strong></span> <span class='ocrx_word' id='word_1_270' title='bbox 409 2186 468 2239; x_wconf 76' lang='lat' dir='ltr'><strong>forte</strong></span> <span class='ocrx_word' id='word_1_271' title='bbox 477 2200 519 2252; x_wconf 89' lang='lat' dir='ltr'><strong>per</strong></span> <span class='ocrx_word' id='word_1_272' title='bbox 534 2187 686 2251; x_wconf 82' lang='lat' dir='ltr'><strong>ignorantiam</strong></span> <span class='ocrx_word' id='word_1_273' title='bbox 702 2191 830 2242; x_wconf 85' lang='lat' dir='ltr'><strong>excusetur.</strong></span> <span class='ocrx_word' id='word_1_274' title='bbox 946 2191 947 2198; x_wconf 77' lang='grc'>’</span> 
     </span>
    </p>
   </div>
   <div class='ocr_carea' id='block_1_3' title="bbox 122 2337 661 2405">
    <p class='ocr_par' dir='ltr' id='par_1_3' title="bbox 122 2337 661 2405">
     <span class='ocr_line' id='line_1_30' title="bbox 122 2337 661 2405; baseline 0.006 -16"><span class='ocrx_word' id='word_1_275' title='bbox 122 2337 128 2358; x_wconf 90' lang='lat'><em>‘</em></span> <span class='ocrx_word' id='word_1_276' title='bbox 148 2339 186 2405; x_wconf 84' lang='grc'><strong>(1)</strong></span> <span class='ocrx_word' id='word_1_277' title='bbox 198 2344 273 2401; x_wconf 76' lang='lat' dir='ltr'><strong>Hujus</strong></span> <span class='ocrx_word' id='word_1_278' title='bbox 283 2343 336 2391; x_wconf 87' lang='lat' dir='ltr'><strong>libri</strong></span> <span class='ocrx_word' id='word_1_279' title='bbox 346 2348 472 2391; x_wconf 79' lang='lat' dir='ltr'><strong>auctorest</strong></span> <span class='ocrx_word' id='word_1_280' title='bbox 485 2343 508 2390; x_wconf 79' lang='lat' dir='ltr'><strong>S·</strong></span> <span class='ocrx_word' id='word_1_281' title='bbox 520 2342 661 2402; x_wconf 67' lang='grc' dir='ltr'>ΙιιΙιιιιίιι.</span> 
     </span>
    </p>
   </div>
   <div class='ocr_carea' id='block_1_4' title="bbox 0 0 980 3284">
    <p class='ocr_par' dir='ltr' id='par_1_4' title="bbox 0 0 980 3284">
     <span class='ocr_line' id='line_1_31' title="bbox 0 0 980 3284; baseline 0 0"><span class='ocrx_word' id='word_1_282' title='bbox 0 0 980 3284; x_wconf 95' lang='lat' dir='ltr'><strong> </strong></span> 
     </span>
    </p>
   </div>
  </div>
 </body>
</html>
