1942 3284
199 201 229 237 ιι
244 200 433 239 ιιτιιιιιτιοιιιι
450 200 631 239 rossrururrsrs
761 206 807 252 073

30 273 171 325 rtisfactoria
180 286 232 325 esse
244 272 339 339 possint.
351 272 399 325 Nec
407 277 497 338 oportet
504 274 564 337 qnod
575 275 647 337 major
658 287 726 340 prena
737 276 810 341 impo

30 351 84 396 etur
102 345 127 395 ei
143 344 184 409 qni
198 358 238 409 pro
258 345 330 396 altero
349 344 472 408 satisfacit,
486 345 554 409 qudru
573 345 717 411 principali
709 360 810 430 impone-

29 421 87 477 atur,
102 420 130 467 ut
141 416 232 480 quidam
247 398 324 467 ducunt
334 418 376 467 hac
392 416 478 467 ratione
492 416 547 467 moti
552 416 631 480 ,qudd
643 430 710 481 prena
720 420 809 500 propria

29 488 89 549 ragis
102 488 236 550 satisfaciat,
249 488 316 551 quam
329 488 416 551 aliena;
427 487 479 551 quia
492 500 560 551 poeua
572 487 669 540 maxime
682 490 784 541 hahet'
762 504 809 541 urm

29 558 172 608 rtisfaciendi
185 558 270 607 ratione
288 557 418 621 charitatis,
429 570 473 621 qua
491 558 580 609 homo
573 572 645 622 rpsam
658 559 772 624 sustinet3
786 567 810 613 et

29 629 69 678 nia
82 629 158 693 major
170 627 267 679 charitas
276 628 401 692 apparetis
414 628 458 679 hoc
473 627 534 691 qudd
545 628 627 692 aliquis
639 643 680 694 pro
692 631 762 682 altero
774 644 810 681 sa·

28 699 111 761 lsfacit,
123 698 191 761 quim
205 698 224 748 si
233 699 282 762 ipse
294 698 449 758 satisfaceret,
460 698 511 749 ideo
525 699 598 748 minor
611 712 678 763 prena
692 700 810 765 requiritur

28 782 80 819 neo
91 769 131 832 qui
140 782 182 831 pro
196 768 242 818 alio
255 768 381 829 satisfacit,
395 768 462 833 quim
475 768 501 818 in
510 768 630 834 principali
649 771 808 834 requireretur.

28 842 81 890 lude
95 839 179 895 dieitur
196 837 221 888 ιι
233 838 292 889 Vitis
304 840 405 901 Petrum,
416 838 476 903 qudd
489 842 581 903 propter
591 840 722 893 charitatem
732 842 809 906 unius,

27 911 57 974 [ui
70 910 165 960 alterius
173 906 249 959 fratris
259 908 295 958 sui
306 910 415 959 charitate
426 910 518 971 ductus,
533 909 690 973 paenitentiam
704 912 810 977 fecitpro

27 985 115 1031 cecato
124 980 186 1044 quod
198 990 245 1029 uon
254 979 410 1042 commiserat,
430 980 497 1030 alteri
509 984 635 1044 peccatum,
646 981 706 1043 qnod
716 983 810 1034 commi·

28 1056 88 1113 erat,
101 1050 217 1100 dimissum
225 1053 269 1099 est.
278 1049 325 1099 Nec
337 1049 404 1100 etiam
414 1050 511 1113 erigitur
519 1048 628 1114 quantiam
638 1051 665 1099 acl
674 1051 809 1103 solutionem

26 1120 97 1183 lehiti,
112 1118 173 1183 qudd
192 1119 230 1170 ille
243 1131 340 1182 proquo
352 1119 378 1170 ιι
387 1119 526 1180 satisfactio,
536 1119 567 1170 sit
576 1119 690 1183 impotens
702 1120 731 1170 ad
742 1123 810 1173 satis·

26 1189 163 1251 'aciendum3
175 1189 227 1252 quia
248 1188 341 1239 etiamsi
353 1193 416 1239 esset
431 1193 526 1253 potens,
541 1189 585 1240 alio
603 1187 755 1240 satisfaciente
768 1205 810 1255 pro
836 1225 840 1238 ,

26 1273 85 1324 pso,
104 1259 155 1323 ipse
173 1259 187 1309 a
206 1260 281 1310 debito
294 1259 402 1310 immunis
419 1264 481 1311 esset
503 1261 565 1311 :sod
582 1261 627 1311 hoe
646 1259 768 1323 requiritur
784 1262 809 1313 in

25 1335 130 1393 quantum
148 1342 215 1394 poena
228 1330 378 1381 satisfactoria
395 1335 430 1382 est
444 1331 470 1380 ιι
487 1329 622 1381 remedium.
636 1331 701 1381 Unde
716 1344 762 1383 nou
774 1336 810 1384 est

25 1401 193 1452 ›ermittendum
205 1399 267 1464 qudd
277 1399 358 1463 aliquis
370 1414 411 1464 pro
423 1401 467 1451 alio
477 1400 634 1465 paenitentiam
644 1406 705 1465 agat,
714 1401 759 1454 nist
770 1404 810 1455 de·

25 1474 92 1522 ectus
104 1470 186 1534 aliquis
194 1474 302 1535 appareat
313 1470 338 1520 in
348 1470 483 1535 prenitente,
491 1472 528 1521 sel
539 1470 662 1535 corporalis
667 1507 677 1535 ‚
688 1485 810 1537 perquem

25 1542 49 1591 ιιι
64 1542 179 1607 impotens
199 1542 229 1593 ad
243 1540 413 1605 sustinendum,
425 1542 463 1592 ιιι
481 1541 620 1606 spiritualis,
631 1555 672 1605 per
682 1554 749 1606 quem
762 1557 808 1596 nou

24 1613 49 1663 sit
58 1616 175 1676 promptus
183 1612 211 1663 ad
224 1611 356 1675 portandam
370 1622 468 1675 poeuem.

49 1684 84 1733 ιι
94 1684 191 1747 primum
209 1695 262 1745 erqo
274 1682 408 1745 dicendum,
423 1679 483 1745 qudd
493 1680 610 1745 premium
622 1681 744 1733 msentiale
756 1685 808 1736 red·

24 1752 79 1803 litnr
91 1751 213 1805 seeundhm
226 1752 399 1817 dispositionem
413 1751 528 1814 hominis,
538 1752 591 1815 quia
604 1750 729 1803 secundinus
740 1764 808 1817 capa·

24 1824 109 1875 itatem
127 1823 252 1874 ridentium
272 1822 315 1873 erit
336 1820 453 1886 plenitudo
474 1820 571 1872 visionis
590 1820 673 1873 divine
688 1836 695 1870 ε
712 1824 737 1871 ιι
755 1820 807 1874 ιιιι

24 1894 79 1944 sicut
89 1907 149 1945 unus
161 1905 207 1944 uon
216 1892 342 1957 disponitur
350 1905 395 1957 per
411 1896 486 1943 actum
496 1892 607 1954 alterim,
622 1891 654 1942 ita
665 1905 725 1943 unus
739 1892 807 1945 alteri

24 1976 64 2015 ron
83 1966 182 2014 meretur
199 1964 316 2028 premium
334 1962 472 2025 essentiale,
483 1962 529 2013 nisi
545 1961 651 2013 meritum
663 1963 714 2027 ejus
724 1962 808 2015 haheat

24 2034 140 2085 efficaciam
156 2033 283 2095 infinitam,
302 2034 361 2085 siout
380 2032 481 2096 Christi,
495 2033 563 2097 cujus
581 2031 662 2084 merliu
677 2032 726 2084 solo
742 2044 807 2097 pueri

24 2118 60 2169 per
68 2104 204 2169 baptismum
216 2106 246 2155 ad
258 2106 328 2155 uitam
341 2110 448 2157 eternam
461 2104 605 2169 perueniunt.
615 2103 661 2154 Sed
671 2116 739 2169 paena
749 2108 807 2157 tem·

24 2175 100 2239 ‚noraha
109 2188 150 2239 pro
162 2178 255 2239 peccato
264 2174 339 2225 dehita
348 2179 399 2240 post
409 2176 481 2239 culpe
491 2173 648 2225 remissionem
661 2187 708 2225 nou
716 2179 808 2227 ιιιιιιιι

24 2245 142 2297 secuudum
161 2244 331 2309 dispositionem
354 2245 405 2309 ejus
425 2245 462 2295 cni
484 2244 586 2308 deletur,
603 2244 811 2310 quia,quandoque
852 2287 857 2301 ,

24 2317 58 2367 dle
79 2315 121 2380 qui
140 2318 176 2365 est
192 2314 281 2376 melior,
298 2315 368 2365 hahet
390 2314 480 2379 majoris
500 2327 573 2378 paena
592 2319 688 2365 reatum.
711 2315 742 2366 Et
756 2315 807 2368 ideo

24 2386 127 2451 paulum
141 2384 170 2435 ad
187 2397 262 2447 poene
279 2384 449 2448 remissionem,
463 2398 523 2435 uuus
535 2382 603 2435 alteri
620 2386 697 2447 potest
708 2387 803 2446 mereri,

24 2462 42 2508 ιι
55 2459 117 2508 aetus
126 2455 194 2505 unius
209 2452 307 2505 eflicitur
323 2455 415 2505 alterius
431 2454 544 2505 mediante
556 2452 675 2517 charitate,
689 2468 807 2519 perquam

24 2544 35 2575 n
49 2537 127 2576 omues
140 2538 209 2574 unum
218 2536 297 2573 sumus
312 2523 336 2574 in
349 2524 453 2585 Christo,
466 2538 480 2571 ι
493 2523 543 2587 (od
561 2522 659 2583 Galat„
674 2524 714 2587 lll,
731 2528 772 2587 ιιι,
783 2528 808 2576 ιι

24 2597 54 2647 ud
72 2598 151 2654 flora,
169 2594 218 2654 llll,
237 2593 279 2654 ι).

50 2667 82 2716 ιι
104 2664 226 2715 secundum
246 2663 381 2724 dicendum,
394 2661 455 2727 qudd
474 2661 581 2714 contritio
600 2662 715 2713 ordinatm
729 2666 808 2713 contra

24 2737 119 2801 :ulparn,
133 2746 182 2797 que
195 2733 224 2784 ad
237 2732 408 2798 dispositionem
420 2733 532 2786 honitatis
547 2733 589 2784 rel.
598 2732 691 2785 malitie
708 2733 809 2786 hominis

24 2806 115 2870 pertinet
134 2820 141 2853 ι
157 2806 180 2853 ιι
193 2803 244 2853 ιιιι
256 2816 297 2867 per
315 2802 471 2854 contritionem
486 2802 564 2862 unius,
581 2802 638 2852 alius
650 2802 664 2853 ι
678 2803 745 2867 culpa
760 2816 807 2855 nou

24 2878 131 2929 liberatur.
151 2872 259 2924 Similiter
278 2886 318 2937 per
338 2873 505 2925 confessionem
527 2874 594 2925 homo
614 2884 639 2921 se
662 2874 807 2925 sacramentis

634 2982 689 3032 '19
