1942 3284
117 192 164 240 too
301 201 362 240 rans
377 191 418 253 iri,
434 200 528 248 ounsr.
544 199 614 253 axvi,
629 201 683 240 aar.
700 203 725 242 v·
833 167 835 172 ⁸
928 251 931 260 .
953 181 954 228 l

147 278 282 344 Respondeo
301 278 439 341 moenium,
453 277 515 343 qubd
533 279 659 343 baptismus
677 293 718 345 per
731 291 794 330 suam
821 281 926 332 formam
953 275 954 348 ff

115 349 476 411 oonseomtur,secnndi1millud
490 351 591 414 ltpbes„
603 351 641 400 V:
658 367 672 399 u
688 351 797 401 Mantiane
819 365 878 402 eam
892 353 925 402 la·
953 351 954 370 ³

114 435 183 472 vauro
196 434 260 485 aqum
272 420 297 470 in
310 419 458 484 verbositae3
473 437 488 467 »
509 424 532 472 et
551 421 690 485 Augustinus
707 420 763 471 diuit
779 419 803 471 in
819 421 868 473 lib.
887 425 924 472 De
953 453 954 492 3

114 494 263 558 baptismo,
272 489 334 556 qubd
344 509 358 540 u
369 491 495 555 baptismus
504 492 581 543 uerbis
589 491 727 554 evangelicis
736 497 900 544 consecratur.
912 511 925 542 u
953 509 954 514 ¹

114 567 143 616 Et
162 565 213 614 ideo
234 565 323 626 oportet
336 562 397 627 qubd
415 563 440 613 in
462 564 535 614 forma
561 563 668 627 baptismi
687 563 829 628 exprimatur
855 577 927 616 eausa
953 561 954 564 ’

117 634 232 700 baptismi.
243 635 285 685 Est
294 638 368 685 autem
377 634 429 699 ejus
436 635 521 698 duplex
528 647 666 686 eausa:una
674 634 765 699 quidem
773 635 926 701 principalis,
953 651 954 656 ¹

114 706 186 770 iqua
202 704 310 756 uirtutem
328 705 412 769 babet,
427 719 479 770 qum
500 709 535 756 est
551 709 629 758 sancta
646 705 760 768 Trinitas3
776 706 822 756 alia
844 711 926 758 autem

114 776 310 837 instrumentalis,
328 777 415 828 scilieet
437 776 550 838 minister,
566 777 605 840 qni
625 777 695 826 tradit
712 775 812 827 esterits
839 791 926 828 saura-
953 799 954 834 1

116 851 228 899 mentum.
246 849 275 898 nt
289 849 341 898 ideo
354 848 454 913 oportuit
469 848 577 899 informa
594 847 701 913 baptismi
718 848 857 912 deutraque
876 849 927 900 fieri

116 919 263 970 mentionem.
278 919 381 971 Minister
399 924 474 971 autem
492 919 605 983 tangitur,
620 919 672 969 oiim
687 918 786 970 dieitur:
804 936 817 967 u
833 921 925 984 Egote

116 989 220 1056 baptizo;
236 1007 250 1039 a
264 1003 333 1041 eausa
352 994 426 1042 autem
442 989 589 1056 principalis,
610 989 663 1040 eim
682 989 765 1040 dieitur
780 1005 786 1038 ε
802 1007 817 1038 u
839 993 869 1042 ln
885 1004 926 1041 no·
953 987 954 990 ’

117 1061 178 1112 mine
193 1061 281 1123 Patris,
297 1066 320 1112 et
329 1061 394 1126 Filii,
403 1065 427 1112 et
438 1061 535 1126 Spiritus
546 1061 627 1112 sancti.
642 1077 656 1109 r>
665 1061 731 1112 Unde
748 1062 799 1111 bau
812 1066 854 1113 est
867 1075 926 1113 con·
953 1115 954 1122 ,

117 1133 212 1185 ueniens
228 1133 301 1184 torma
323 1133 446 1198 baptismi:
461 1149 475 1181 u
489 1134 536 1196 Ego
548 1134 572 1182 to
583 1131 670 1197 baptizo
688 1131 818 1182 innomine
835 1133 925 1197 Patris,

118 1208 143 1254 et
155 1204 217 1268 Filii,
231 1207 256 1254 et
268 1203 364 1268 Spiritus
376 1204 458 1255 sancti.
468 1220 482 1251 u
953 1253 954 1258 ,

149 1279 301 1345 ltprimum
322 1292 374 1343 ergo
393 1279 525 1341 dicendum,
539 1277 601 1343 quid
614 1277 672 1330 aetio
685 1277 813 1329 attribuitur
831 1279 925 1331 instru-
953 1325 954 1340 ,

119 1355 195 1402 mento
215 1351 275 1402 sieut
291 1349 420 1400 immediati
434 1350 527 1414 agenti3
543 1349 672 1400 attribuitur
693 1353 767 1400 autern
786 1349 925 1414 hujusmodi

117 1423 176 1473 aetio
196 1420 316 1486 principali
336 1420 427 1485 agenti,
442 1420 500 1470 siout
516 1420 541 1470 in
555 1421 622 1485 eujus
641 1420 724 1471 virtute
742 1421 925 1472 instrumentum

117 1493 173 1556 agit.
189 1493 217 1542 llt
229 1492 282 1542 ideo
295 1491 321 1541 in
333 1491 405 1542 forma
417 1491 525 1556 baptismi
541 1491 701 1544 convenienter
718 1491 863 1554 significatur
882 1492 925 1542 mi-

117 1565 204 1628 nister,
224 1568 250 1615 ut
267 1576 376 1615 exercens
393 1568 468 1613 aetum
481 1561 603 1626 baptismi,
618 1576 659 1626 per
676 1564 720 1614 boe
738 1563 797 1625 quod
816 1563 922 1615 dicitur:

118 1635 189 1699 «ligo
208 1638 230 1685 te
249 1635 354 1700 baptizo,
371 1650 385 1682 u
398 1633 457 1684 sieut
470 1637 493 1685 et
507 1634 556 1697 ipse
570 1632 678 1684 Dominus
698 1633 828 1699 baptizandi
842 1639 923 1686 aetum

116 1706 217 1756 attribuit
235 1707 365 1770 ministris,
380 1705 473 1757 dicens:
488 1723 502 1754 u
516 1705 662 1769 baptizantes
680 1719 734 1767 eos,
751 1721 765 1754 u
782 1709 828 1756 etc.
844 1709 924 1758 Causa
953 1719 954 1728 ¹

117 1781 192 1828 autem
208 1778 344 1842 principalis
354 1778 492 1842 significatur
501 1784 526 1828 ut
539 1777 565 1828 in
577 1779 643 1842 eujus
652 1777 735 1828 virtute
748 1783 923 1829 sacramentum

118 1850 208 1913 agitur,
221 1863 263 1914 per
279 1851 324 1900 boo
336 1851 396 1913 quod
410 1848 493 1899 dieitur
508 1864 514 1898 :
532 1848 579 1898 uln
596 1849 689 1900 nomine
701 1848 782 1912 Patris,
793 1851 817 1900 et
828 1850 890 1900 Filii
900 1853 924 1900 et

117 1919 214 1984 Spiritus
231 1921 316 1984 sanoti3
329 1937 343 1969 s
358 1931 404 1970 non
422 1919 483 1969 enim
503 1919 608 1970 Christus
625 1920 725 1984 baptizat
747 1919 796 1971 sine
810 1921 885 1972 Patre
900 1924 923 1972 et

117 1991 202 2056 Spiritu
221 1994 310 2043 saneto.
324 1991 397 2042 Groui
414 1994 492 2041 autem
511 2003 557 2042 non
573 1990 699 2042 attribuunt
714 1995 791 2044 aetum
810 1991 924 2057 baptismi

119 2061 243 2127 ministris,
262 2063 290 2113 at
306 2062 438 2113 evitandum
461 2061 606 2126 antiquomm
619 2075 734 2124 errorem,
751 2063 792 2127 qui
809 2063 922 2115 uirtutem

117 2129 226 2198 baptismi
241 2134 409 2199 baptizantibus
430 2133 598 2198 attribuebant,
614 2134 715 2185 dicentes
734 2135 767 2196 (l.
787 2134 857 2193 Cor„
878 2136 921 2198 1):

121 2206 191 2270 «Ego
207 2218 258 2254 sum
270 2204 344 2267 Pauli,
360 2207 384 2254 et
393 2217 435 2269 ego
449 2205 541 2268 Cepha.
564 2222 578 2254 n
593 2205 623 2256 lit
637 2204 690 2257 ideo
700 2205 779 2257 dieunt
794 2220 801 2256 t
817 2206 922 2272 «Bapti-

119 2281 182 2328 zatur
204 2290 284 2328 sersus
299 2275 385 2326 Christi
399 2276 451 2327 talis
468 2291 494 2328 m
511 2277 603 2329 nomino
624 2277 712 2343 Patris,
728 2279 845 2329 tetulit
866 2278 923 2343 qnia

120 2348 253 2413 exprimitur
260 2351 325 2399 aetus
339 2347 452 2400 exercitus
461 2361 503 2414 per
510 2348 640 2420 ministrum
650 2363 703 2400 eum
712 2348 857 2401 invocatione
869 2350 921 2400 Tri·

118 2419 212 2484 nitatis,
226 2433 306 2470 rerum
322 2421 437 2484 perficitur
450 2425 627 2473 sacramentum.
639 2422 704 2481 Quod
717 2425 793 2472 autem
808 2422 918 2472 additur:

19 2546 20 2551 ἵ
120 2493 191 2556 «Ego
198 2507 230 2555 ,r
245 2491 270 2541 in
286 2490 358 2543 torma
371 2495 464 2554 nostra,
478 2495 571 2544 nonest
585 2495 613 2546 de
627 2493 754 2546 substantia
766 2493 865 2556 iornrae,
878 2493 921 2545 sed

19 2562 20 2567 ’
118 2563 210 2628 ponitur
230 2563 259 2613 ad
276 2563 385 2628 majorem
398 2563 570 2628 expressionem
581 2563 726 2617 intentionis.

149 2639 322 2691 sismundum
338 2639 472 2704 ditandum,
489 2642 564 2706 quod,
586 2641 638 2706 qrria
664 2640 750 2692 ablutio
770 2640 872 2692 bominis
895 2642 920 2693 in

120 2724 178 2776 aqna
189 2714 280 2776 propter
291 2711 361 2761 multa
373 2709 423 2763 lieri
434 2714 526 2776 potest,
539 2715 629 2776 oportet
644 2712 703 2776 quod
716 2711 879 2764 deteminetur
893 2713 918 2762 in

118 2783 196 2833 serbis
205 2782 284 2834 torma
296 2784 324 2834 ad
337 2783 391 2848 quid
405 2785 453 2834 bat.
465 2784 530 2842 Quod
540 2785 630 2848 quiden
644 2798 691 2837 non
703 2785 729 2836 fit
740 2799 780 2852 per
792 2787 837 2837 boc
852 2785 916 2849 quod

119 2852 215 2904 dieitur:
229 2854 377 2906 «innomine
388 2855 471 2919 Patris,
482 2858 506 2905 et
518 2854 581 2919 Filii,
594 2859 618 2908 et
628 2855 728 2921 spiritus
743 2856 828 2917 sancti,
838 2873 851 2904 u
863 2856 917 2922 qnia

19 2930 20 2963 t
119 2925 195 2977 omnia
208 2924 284 2978 intali
294 2925 387 2980 nomine
396 2927 471 2978 tacere
484 2925 600 2993 debemus,
615 2930 640 2980 ut
649 2928 745 2982 babetur
758 2927 863 2988 colora,
874 2928 914 2981 ill.
